3432 3976
1370 629 2836 865 Verpflichtungen aufzuerlegen...
1137 794 2814 1039 MARIE: Wie soll ich das verstehen?
1146 947 2985 1187 DER ARZT: Nahmen Sie den Fall, es gäbe
1393 1116 2976 1313 wieder einmal Einen, dem Sie etwas
1391 1238 2983 1464 zu bedeuten anfingen — nehmen Sie
1407 1411 2985 1617 an - der könnte... der wollte aus
1421 1544 3013 1798 irgend einem Grunde nicht zu Ihnen
1430 1716 2914 1928 sprechen.. oder er lebte meilen-
1421 1841 2953 2061 weit entfernt von Ihnen - nehmen
1437 2018 2951 2214 Sie an - Sie wiiseten darum, dass
1439 2164 2871 2377 Sie ihm etwas.. bedeuten.. und
1453 2313 3036 2544 dieses Wissen.. täte Ihnen wohl...
1441 2489 2987 2708 so wohl vie die Luft, die Sie at-
1453 2640 3017 2853 men... wie der Himmel, in den Sie
1464 2772 3029 3001 schauten... und dieses wäre Ihnen
1464 2942 3010 3150 genug... Wären Sie dann noch ein-
1471 3109 3038 3312 sam?. Auch wenn Sie sich's bis an
1487 3244 2953 3472 einem gewissen Augenblick nicht
