3480 4024
2703 318 2903 544 197
1223 567 2871 838 DER ARZT: Werden Sie es auch immer
1454 762 2834 983 wissen, wenn sich ein anderes
1466 905 2775 1072 Schicksal mit dem Ihren ver-
1468 1054 2993 1297 knüpft? Nicht nur einen Menschen
1480 1193 2962 1466 lieben heisst nicht mehr allein
1496 1376 2972 1578 sein, - auch geliebt werden und
1498 1515 2909 1719 fühlen, dass man geliebt wird,
1496 1672 2987 1925 hebt das Gefühl des Alleinseins
1517 1906 1729 2014 auf.
1284 2000 2873 2226 MARIE: Ist es die Sorge um Ihren
1541 2149 3005 2328 Freund, die Sie so reden macht?
1556 2298 3066 2536 Was das anbelangt, können Sie ru-
1558 2451 2987 2685 hig sein. Hab' ich Ihnen nicht
1572 2577 3001 2797 gesagt, dass er die ganze Zeit
1574 2756 3044 2930 meines Hierseins vermieden hat,
1598 2917 2968 3095 mich zu sehen, und wissen Sie
1607 3040 3170 3231 auch, warum?... Weil ich an Abend
1613 3219 3052 3480 bevor alles geschah, ihm meine
