3416 4040
1619 696 2292 905 Szene.
922 961 2867 1197 DIE TANTE begiesst Blumen. Bald kommt von
928 1111 2780 1319 links über den Weg längs des Zauns FRAU
2252 1212 2503 1342 elud
922 1281 2907 1466 KAUMBERGER, eine sonntäglich ziemlich bäu-
938 1433 2930 1609 risch gekleidete Person von 50 Jahren, mit
950 1604 2958 1809 ihrer Tochter WALPURGA, die lang und mager,
963 1756 2907 1962 städtisch und geschmacklos angezogen ist.-
961 1901 2945 2127 Sie blicken in den Garten, machen einander
958 2061 2907 2267 Zeichen mit den Augen und bleiben stehen.
978 2282 2996 2460 DIE NACHBARIN: Guten Morgen, Frau Richter.
986 2404 2775 2625 WALPURGA: Guten Morgen, Frau Richter.
986 2582 2971 2775 DIE TANTE: Guten Morgen, Frau Kamberger.
1230 2765 2330 2922 Guten Morgen, Walpurga.
1004 2902 3044 3070 DIE NACHBARIN: Ich hab' Sie nur fragen wol-
1240 3052 3004 3271 len, ob Sie vielleicht gleich mit uns
1245 3189 2968 3405 in die Kirche möchten, weil wir grad
1253 3428 1939 3591 da vorbeigahn?
