3432 3960
2613 336 2792 515 159
1272 475 2658 733 Nacht zutrg, bevor die letzte
1238 702 2217 869 Schwadron ausrückte?
1105 828 2959 1014 Arzt: Von dem Offizier, der zuerst die
1258 969 2880 1179 Frau seines Obersten und dann sich
1267 1136 2472 1315 selbst umgebracht hat -?
1126 1274 2286 1496 Adj: Ja, die mein' ich.
1141 1408 3047 1627 Arzt: Gewiss hab' ich davon gehört. Nun
1308 1575 3004 1766 sagt man auch schon, dass der Oberst
1310 1678 3064 1930 nicht um die Schmach des Regiments zu
1322 1859 3066 2081 stihnen, sondern aus Verzweiflung über
1329 2004 3095 2214 die Untreue seiner Frau, die er längst
1339 2140 3045 2384 geahnt hätte, sich und sein Regiment
1339 2293 3102 2532 in den sichern Tod zu führen gedenkt.
1231 2603 3157 2859 Adj: Sie sind der XXXXX armen Frau sehr
1386 2778 2985 2990 zur Seite gestanden in all dem Un-
1406 2995 1718 3150 glück.
1277 3045 3200 3283 Arzt: Ich konnte nicht viel für sie tun.
1427 3186 3143 3443 Ich wohnte mit ihr dem Begrübnis des
1429 3369 3198 3584 alten Moser bei - wir waren die Einzi-
