3480 4024
1438 655 3044 915 ARZT: Ja. Erinnern Sie sich nicht
1489 794 3086 1031 des Tags, an dem wir es besprochen
1489 984 2963 1174 haben? Sie waren dabei. Ich be-
2102 1082 3108 1335 man seinen neuen Wohn¬
1518 1203 1984 1351 gleite ihm
1523 1333 1744 1498 ort.
1295 1424 2277 1659 MARIE: Heute sohont
1308 1550 3066 1814 DER ARZT: Ja, so ist unsere Absicht.
1552 1713 3084 1941 Hat er Ihnen noch nicht adia ge-
1579 1957 1840 2115 sagt?
1344 2066 2006 2283 MARIE: Nein.
1371 2158 3175 2426 DER ARZT: So wird er wol noch im Lauf
1615 2335 2992 2576 des Vormittags hierherkommen.
1380 2480 3173 2764 MARIE: Das glaub' ich nicht. Er lässt
1657 2661 3133 2891 sich nicht sehen. Seit ich hier
1659 2784 3061 3021 bin, hab' ich ihn kein einzige
1662 3006 2406 3189 Mal gesprochen.
1494 3122 2786 3397 ER ARZT: Kein einziges Mal¬
1451 3274 2833 3527 MARIE: Vissen Sie dem das neue
