3480 4056
2729 316 2895 507 189
1427 575 3015 773 als eine Art von Staunen und Neid
1200 760 1980 954 MARIE: Neid?...
1215 909 3031 1087 DER ARZT: Es ist doch noch etwas Ande-
1457 1055 2974 1243 res, Gift in einer Stube stehen
1461 1148 3017 1403 zu lassen, als einem das Glas in
1493 1355 3060 1558 die Hand zu geben, in das man das
1488 1509 2979 1705 Gift geleert hat. Und Sie haben
1506 1642 3060 1885 den Mut gefunden, eine Tat nur zu
1511 1820 2932 2020 Ihrem eigenen Heil zu begehen,
1520 1960 2963 2167 die ich nicht einmal zum Wohle
1531 2140 2864 2343 eines Andern je gewagt habe.
1294 2278 3004 2494 MARIE: Wollen Sie Zweifel in mir erwärtig
1542 2429 2995 2634 wecken, ob ich tun durfte, was
1554 2605 2950 2794 ich getan?. Ich hatte keine
1565 2733 2997 2929 bisher. Keine. Ich war beinahe
1567 2904 3107 3114 glücklich, ehe Sie kamen. Vor ei-
1569 3053 3105 3261 ner Stunde war ich's gewiss, als
1597 3193 3022 3488 ich draussen auf der Wiese lag
