3496 4008
2698 444 2912 598 152
1163 675 3003 895 und wenn alles gut geht, macht die Val-
1178 870 2661 1059 purga noch im Oktober Hochzeit.
947 1019 2103 1213 WALPURGA: So Gott will!
957 1161 2951 1357 DIE NACHBARIN: Und der Kilian, der Stief-
1193 1342 3013 1490 sohn vom Wirt "zum goldnen Löwen", ist
1195 1463 3028 1674 also richtig tot... vermisst, hat’s zu-
1208 1642 2852 1805 erst geheissen; aber wir haben uns
1208 1773 3003 1974 gleich gedacht, der kommt nimmer nach-
1213 1932 3078 2143 haus. Und so ist es auch. Gestern Abend
1223 2113 2864 2269 soll der Wirt vom Kommando die Ver-
1223 2299 2480 2433 ständigung gekriegt haben.
1009 2401 2976 2584 WALPURGA: Er war ein schöner Mensch, der
1242 2609 1605 2743 Kilian!
1022 2745 2978 2921 DIE NACHBARIN: Aber das interessiert die
1267 2892 2971 3040 Frau Richter alles nicht so viel...
1262 3023 2956 3192 Na ja, wer seine eigenen Sorgen hat,
1270 3145 3080 3365 der kümmert sich nicht um die Politik.
1049 3343 3038 3589 WALPURGA: Ja, das hat der Herr Oberlehrer
