3480 4056
2659 450 2852 618 163
1423 762 1798 912 berger!
1205 888 2895 1047 DIE NACHBARIN: Ja, ich weiss nicht,
1445 1029 2645 1196 ob ich das so sagen darf.
1225 1202 2796 1382 DIE TANTE: Warum dürfen Sie denn
1454 1342 2886 1510 nicht? Sie haben schon so viel
1465 1501 2906 1679 dürfen, und jetzt auf einmal -
1241 1654 3050 1865 WALPURGA: Die Mutter meint halt wegen
1486 1825 2576 1973 den Herrn Adjunkten....
1256 1922 3061 2122 DIE TANTE: Wieso wegen dem Adjunkten?
1272 2115 3036 2286 DIE NACHBARIN:): ihrer Tochter Schwei-
1519 2279 3045 2461 gen zuwinkend: Also, es ist ja
1510 2414 3066 2582 nur so eine Idee. Wie die Walpur-
1522 2569 3018 2746 ga heut Früh zum Fenster hinaus-
1535 2728 3050 2902 schaut, fährt grad der Holzhofer
1546 2870 3063 3048 vorbei mit seinem Wagerl, wo das
1551 3014 3072 3218 Gepäck vom Herrn Adjunkten drauf
1560 3178 3129 3387 ist, weil er doch nach Steiermarkt
1571 3315 3160 3560 ist versetzt worden, - und da ist
