3416 3896
2309 458 2492 596 221
1540 531 2141 762 Arzt, Marie.
1036 678 2782 928 Arzt: Vor Ihren Wünschen hat ihn ge-
1183 865 2707 1113 schaudert, seit es geschehn ist,
1194 1047 2190 1251 graut ihn nicht mehr.
1061 1141 2920 1391 Marie: Ihn nicht - aber mich. Was soll
1218 1344 2903 1531 ich tun? Mein Schicksal ist erfüllt.
1124 1466 3004 1685 Arzt: Sie sind jung. Ist das nicht auch
1239 1636 2922 1863 Leben? Sie haben sich hierher geret-
1253 1807 2910 1989 tet. Ob Ihnen nicht manche neuen
1265 1945 2957 2136 Tage mehr bedeuten werden, als jener
1262 2087 2978 2293 andere, der angefüllt war mit Schick-
1276 2202 2842 2443 salen, die so furchtbare glühende
1269 2382 2798 2644 Namen tragen wie Mord und Liebe?
1304 2541 2810 2761 Nichts vermag der Tod zu sühnen,
1304 2728 2085 2943 nichts die Reue.
