3432 3976
2404 449 2574 567 181
1182 676 2766 833 Marie: :leise lächelnd, einfach:
1424 857 2439 1010 Das glaub ich nicht,
1195 1003 2949 1195 Der Arzt: Ich weiss es aber. Ich er-
1429 1132 3049 1350 wart' ihn hier. Wir haben uns ges-
1442 1304 2493 1409 tern Abend verabredet.
1204 1470 2925 1656 Marie: Wirklich? Seit ich hier bin,
1435 1603 2966 1817 ist er kein einziges Mal dagewe-
1457 1789 1675 1878 sen.
1222 1911 2921 2068 Der Arzt: Ja, Ihre Frau Tante sagte
1459 2053 2888 2188 mir’s. Haben Sie ihn gar nicht
1470 2194 2949 2354 gesehen in diesen drei Monaten?
1466 2358 2966 2535 Das ist doch kaum möglich an ei-
1475 2522 2386 2705 nem so kleinen Ort.
1250 2650 2973 2807 Marie: Gesehen wol, aber nur selten
1492 2781 3021 2940 und von fern. Nun sind das schon
1494 2997 2216 3097 drei Monate - -
1265 3119 2945 3281 Der Arzt: Ja, drei Monate sind Sie
1523 3237 3067 3396 nun da. Nach dem Tod Ihres Vaters
1531 3392 2995 3584 sind Sie fortgefahren... am Tag
