3464 4008
2757 402 2939 650 179
1472 684 2712 893 bin bald wieder da. :ab:
2521 854 2819 1031 e Hand
1542 868 2460 1024 :reicht dem Arzt
2003 979 2278 1052 3 ancembre.
1249 897 1753 1152 MARIS.
1492 1040 2462 1201 Ich freu' mich sehr.
1261 1142 2989 1367 DER ARZT: :sicht sie an: Auch ich
1499 1320 2907 1510 freue mich Sie wiederzusehen.
1274 1458 3105 1694 MARIE Eigentlich hab' ich Sie längst
1538 1649 2001 1817 erwartet.
1304 1753 3059 2006 DER ARZT: Sie kommen schon von einen
1529 1937 2646 2137 wei ten Spaziergang?
1308 2051 3116 2278 MARIE: Weitt... Nein, ich gehe selten
1549 2260 3100 2412 weit. Sehen Sie, dort, wo der Hü-
1556 2389 3093 2607 gel ansteigt - man braucht keine
1565 2539 3132 2764 hundert Schritt durch den Val d zu
1590 2687 3098 2891 gehn - kommt man auf eine grosse
1594 2832 3078 3034 Viese. Da leg ich mich hin und
1588 3021 3084 3234 lass' mich von der Sonne ansche###
1601 3146 3198 3377 nen. Wenn's heisser wird, geh' ich
1615 3291 3182 3523 auch tiefer in den Wald hinein, der
1624 3468 3112 3664 giebt's manchen schönen stillen
