3432 3928
2660 399 2834 547 220
2854 577 3020 781 Aas
1212 632 2726 849 MARIE: :sieht den Adjunkten an:
1451 821 2248 1008 sagt der Doktort
1236 975 2711 1133 DER ADJUNKT: Sie wird sterben.
1273 1095 3005 1293 MARIE: Gehen Sie zu ihr hinein. Sie
1486 1277 2911 1433 dürfen jetzt dieses Haus nicht
1486 1455 1984 1640 verlassen.
1260 1589 2647 1774 DER ADJUKT: Und Sie, Marie?
1262 1677 2974 1914 MARIE: Ich verstehe, dass in dieser
1512 1848 3036 2081 Stunde meine Anwesenheit Sie mit
1515 2063 2998 2235 Grauen erfüllen muss. Ich werde
1521 2158 3031 2368 nicht da sein. Gehen Sie hinein.
1543 2393 2353 2568 :Sie will gehen:
1304 2485 3073 2711 DER ADJUNHT: Bleiben Sie, Marie, ich
1545 2700 2035 2847 bitte Sie!
1319 2781 3020 2994 MARIE: Was wollen Sie noch von mir?
1326 2941 3073 3211 DER ADJUNement: Ich habe Ihnen etwas zu
1578 3091 3137 3312 sagen. Es ist seltsam, dass ich's
1594 3268 3003 3497 mir selbst nicht glauben kann.
