3432 3976
2828 467 2999 618 180
1425 665 2785 875 ... Bleiben Sie länger hier?
1164 857 2826 1017 Der Arzt: Nein, nur wenig Stunden.
1164 976 2798 1168 Marie: Das ist aber schade. Warum
1412 1134 2048 1333 denn so kurz?
1173 1319 2936 1491 Der Arzt: Weil ich mit dem Adjunkten
1416 1441 1894 1642 fortgehe.
1195 1621 2442 1845 Marie: Mit dem Adjunkten?
1195 1759 2857 1942 Der Arzt: Ja, ich hole ihn ab. Wir
1448 1896 2873 2090 wandern zusammen übers Gebirg,
1454 2039 2956 2260 Sie erinnern sich doch des Tags,
1461 2212 2972 2384 an dem ich’s zum ersten Male mit
1466 2325 2959 2553 ihm besprochen hatte? Sie waren
1486 2544 1786 2729 dabei.
1252 2629 2692 2868 Marie: Ja, ich erinnere mich.
1272 2751 3087 3019 Der Arzt: Ich begleite ihn wahrschein -
1513 2977 3065 3180 lich bis an seinen neuen Wohnort.
1281 3092 2859 3344 Marie: Schon heute geht er fort?
1283 3234 3008 3488 Der Arzt: Ja. Er wird wol bald hier
1540 3394 2724 3619 sein, sich verabschieden.
