3560 4072
2721 407 2931 637 156
2545 675 2923 854 Wie hat
1156 744 2445 949 gut. I:Blick auf Walpurga:
1161 841 2979 1113 sie nur geschrieben in dem Brief, Frau
1179 1130 1596 1261 Richter?
962 1176 2918 1407 DIE TANTE: Hab' ich Ihnen denn den nicht
1207 1376 2358 1560 schon einmal vorgelesen?
977 1476 2926 1729 DIE NACHBARIN: Ja, ja... aber man hört's
1228 1673 2972 1887 doch immer wieder gern. Es ist so in¬
1243 1918 1726 2036 teressant!
1010 1972 3020 2215 DIE TANTE: Ich les' ihn ja auch immer und
1253 2143 2933 2345 immer wieder, wenn die Verzweiflung
1304 2335 2074 2496 über mich kommt.
1049 2437 3110 2701 DIE NACHBARIN: Aber warum denn verzweifeln.
1286 2552 3064 2793 Frau Richter!.. Es ist halt eine Prüf-
1286 2770 2982 2964 ung. Sechs Wochen ist vom Franz aus
1312 2849 3133 3130 dem Feld keine Nachricht gekommen, und
1325 2997 3174 3253 die Walpurga war nicht verzweifelt. Und
1335 3153 3156 3430 es ist halt noch immer gefährlicher im
1350 3338 3184 3568 Krieg, als da wo die Kathrin ist... weil
