3448 4008
2327 523 2481 675 183
1146 689 2859 903 Der Arzt: Natürlich sah ich es. Und
1393 876 2934 1060 ich habe das leere Fläschchen mit
1391 1073 2728 1234 mir genommen für alle Fälle.
1210 1166 2914 1404 Marie: Ich hatte es vor Ihnen nicht
1415 1406 1905 1519 verborgen.
1166 1492 2907 1684 Der Arzt: Ich hatte nicht danach ge-
1422 1664 2839 1812 fragt, und nach nichts Anderm.
1221 1810 2839 2002 Marie: Heute aber tun Sie's doch.
1179 1958 2932 2135 Der Arzt: Dachten Sie, es sollte nie
1430 2110 2916 2313 zwischen uns darüber gesprochen
1441 2249 1801 2441 werden?
1212 2397 2857 2607 Marie: Darüber gesproche - gewiss.
1437 2594 2907 2742 Darum hab' ich Sie ja erwartet.
1453 2691 2828 2903 Aber dass Sie fragen, berührt
1466 2879 2795 3029 mich so eigen... fragen, als
1481 3022 2815 3190 wenn Sie eine Aufklärung ver-
1481 3243 1874 3362 langten.
1252 3336 2764 3574 Der Arzt: Ich frage doch nicht.
1260 3461 3038 3675 Marie: Nicht mit Worten, aber mit dem
