3480 4008
1440 658 2601 904 Bleiben Sie länger hier?
1191 845 2891 1060 DER ARZT: Nein. Wahrscheinlich nur
1428 1022 2045 1218 nig Stunden.
1209 1085 2981 1379 MARIE: Wiet so kurz! Das ist schade!
1451 1331 2970 1525 Ich hätte sie gern da in der Ge¬
1462 1460 3053 1668 gend herumgeführt; es würde Ihnen
1471 1598 3042 1842 gefallen. Dort oben /:Sie weist:
1478 1740 3062 1984 - keine halbe Stunde weit von hier
1514 1937 3085 2113 da ist eine wundervolle Aussicht
1489 2095 3085 2303 über’s Tal bis weit ins Steirischs.
1478 2280 1855 2461 hinein.
1281 2339 3101 2622 DER ARZT: Dahin führt mich ja mein Weg
1505 2574 1955 2773 von hier.
1275 2741 1982 2902 MARIE: Dahin?
1281 2811 2872 3060 DER ARZT: Ja. Wir machen eine Fu-
1537 2994 3094 3207 derung über' a Gebirge, der Adjunk
1537 3196 1962 3358 und ich,
1318 3284 2787 3541 MARIE: Sie gehen mit ihm fort!
