<?xml version="1.0" encoding="UTF-8" standalone="yes"?>
<PcGts xmlns="http://schema.primaresearch.org/PAGE/gts/pagecontent/2013-07-15" xmlns:xsi="http://www.w3.org/2001/XMLSchema-instance" xsi:schemaLocation="http://schema.primaresearch.org/PAGE/gts/pagecontent/2013-07-15 http://schema.primaresearch.org/PAGE/gts/pagecontent/2013-07-15/pagecontent.xsd">
    <Metadata>
        <Creator>prov=READ-COOP:name=TrHtr:version=2.1.0:model_id=51170:date=29_07_2023_10:58</Creator>
        <Created>2023-05-10T12:30:16.730+02:00</Created>
        <LastChange>2023-07-29T10:58:16.964+02:00</LastChange>
        <TranskribusMetadata docId="1428203" pageId="55403846" pageNr="123" tsid="131408313" status="IN_PROGRESS" userId="64420" imgUrl="https://files.transkribus.eu/Get?id=VCOVNSJCMMFHNMIPCBDOUEGR&amp;fileType=view" xmlUrl="https://files.transkribus.eu/Get?id=PCSZMIVAHQXPZTHELENXUWUF" imageId="44678639"/>
    </Metadata>
    <Page imageFilename="1428203_0123.jpg" imageWidth="3464" imageHeight="4040">
        <ReadingOrder>
            <OrderedGroup id="ro_1711796041747" caption="Regions reading order">
                <RegionRefIndexed index="0" regionRef="tr_1"/>
                <RegionRefIndexed index="1" regionRef="tr_2"/>
            </OrderedGroup>
        </ReadingOrder>
        <TextRegion id="tr_1" custom="readingOrder {index:0;}">
            <Coords points="945,510 3049,510 3049,2447 945,2447"/>
            <TextLine id="tr_1_tl_1" custom="readingOrder {index:0;}">
                <Coords points="2666,589 2688,587 2735,614 2772,604 2782,617 2804,617 2809,404 2775,409 2762,400 2742,407 2725,400 2713,412 2696,400 2683,412 2668,412"/>
                <Baseline points="2679,563 2724,563 2768,560 2813,563"/>
                <TextEquiv>
                    <Unicode>152</Unicode>
                </TextEquiv>
            </TextLine>
            <TextLine id="tr_1_tl_2" custom="readingOrder {index:1;}">
                <Coords points="1139,903 2955,839 2962,715 2819,686 2323,779 1147,769"/>
                <Baseline points="1154,889 1172,886 1217,883 1262,880 1306,880 1351,880 1396,874 1441,871 1485,871 1530,868 1575,865 1620,862 1664,859 1709,859 1754,856 1799,856 1843,856 1888,850 1933,850 1978,850 2022,847 2067,844 2112,841 2157,838 2202,838 2246,835 2291,829 2336,826 2381,823 2425,820 2470,817 2515,814 2560,811 2604,808 2649,805 2694,802 2739,802 2783,799 2828,796 2873,793 2918,793 2962,796"/>
                <TextEquiv>
                    <Unicode>und wenn alles gut geht, macht die Wal-</Unicode>
                </TextEquiv>
            </TextLine>
            <TextLine id="tr_1_tl_3" custom="readingOrder {index:2;}">
                <Coords points="1162,1073 2447,977 2562,1016 2619,999 2627,871 2461,843 2380,895 2252,868 2017,927 1169,942"/>
                <Baseline points="1175,1050 1193,1047 1238,1041 1283,1035 1327,1032 1372,1032 1417,1029 1462,1026 1506,1026 1551,1023 1596,1020 1641,1020 1685,1014 1730,1011 1775,1008 1820,1005 1864,1002 1909,1002 1954,999 1999,996 2043,996 2088,993 2133,990 2178,990 2222,984 2267,984 2312,981 2357,978 2401,975 2446,972 2491,969 2536,969 2580,966 2625,966"/>
                <TextEquiv>
                    <Unicode>purga noch im Oktober Hochzeit.</Unicode>
                </TextEquiv>
            </TextLine>
            <TextLine id="tr_1_tl_4" custom="readingOrder {index:3;}">
                <Coords points="937,1223 2067,1181 2074,1058 942,1125"/>
                <Baseline points="954,1205 957,1202 1002,1202 1047,1199 1092,1199 1136,1196 1181,1193 1226,1193 1271,1193 1315,1190 1360,1187 1405,1184 1450,1181 1494,1181 1539,1178 1584,1172 1629,1172 1673,1169 1718,1169 1763,1166 1808,1163 1852,1160 1897,1157 1942,1154 1987,1148 2031,1145 2076,1148"/>
                <TextEquiv>
                    <Unicode>WALPURGA: So Gott will!</Unicode>
                </TextEquiv>
            </TextLine>
            <TextLine id="tr_1_tl_5" custom="readingOrder {index:4;}">
                <Coords points="930,1374 1248,1425 1643,1329 2863,1327 2890,1154 935,1275"/>
                <Baseline points="945,1363 966,1363 1011,1360 1056,1357 1101,1354 1145,1354 1190,1351 1235,1348 1280,1348 1324,1345 1369,1342 1414,1339 1459,1336 1503,1336 1548,1333 1593,1330 1638,1327 1682,1324 1727,1321 1772,1321 1817,1315 1861,1315 1906,1312 1951,1309 1996,1309 2040,1306 2085,1303 2130,1303 2175,1300 2219,1297 2264,1297 2309,1294 2354,1294 2398,1288 2443,1285 2488,1285 2533,1280 2577,1280 2622,1277 2667,1271 2712,1268 2756,1268 2801,1265 2846,1262 2891,1262"/>
                <TextEquiv>
                    <Unicode>DIE NACHBARIN: Und der Kilian, der Stief-</Unicode>
                </TextEquiv>
            </TextLine>
            <TextLine id="tr_1_tl_6" custom="readingOrder {index:5;}">
                <Coords points="1176,1524 2644,1440 2957,1480 2979,1310 1181,1440"/>
                <Baseline points="1193,1506 1235,1506 1280,1503 1324,1500 1369,1497 1414,1497 1459,1491 1503,1491 1548,1488 1593,1488 1638,1482 1682,1479 1727,1479 1772,1476 1817,1473 1861,1470 1906,1468 1951,1468 1996,1468 2040,1465 2085,1462 2130,1459 2175,1459 2219,1456 2264,1453 2309,1453 2354,1450 2398,1447 2443,1444 2488,1441 2533,1435 2577,1435 2622,1432 2667,1432 2712,1429 2756,1426 2801,1423 2846,1423 2891,1420 2936,1417 2980,1414"/>
                <TextEquiv>
                    <Unicode>sohn vom Wirt "zum goldnen Löwen", ist</Unicode>
                </TextEquiv>
            </TextLine>
            <TextLine id="tr_1_tl_7" custom="readingOrder {index:6;}">
                <Coords points="1186,1689 2977,1630 2987,1475 1892,1514 1191,1610"/>
                <Baseline points="1199,1664 1241,1661 1285,1658 1330,1658 1375,1655 1420,1655 1465,1650 1509,1647 1554,1644 1599,1644 1644,1644 1688,1641 1733,1638 1778,1632 1823,1635 1867,1632 1912,1632 1957,1626 2002,1623 2046,1620 2091,1617 2136,1614 2181,1611 2225,1611 2270,1608 2315,1605 2360,1602 2404,1602 2449,1599 2494,1599 2539,1596 2583,1590 2628,1590 2673,1587 2718,1584 2762,1584 2807,1578 2852,1575 2897,1572 2941,1569 2986,1563"/>
                <TextEquiv>
                    <Unicode>also richtig tot... vermisst, hat’s zu-</Unicode>
                </TextEquiv>
            </TextLine>
            <TextLine id="tr_1_tl_8" custom="readingOrder {index:7;}">
                <Coords points="1191,1837 1857,1842 1963,1790 2301,1813 2661,1756 2735,1793 2816,1773 2824,1628 1194,1751"/>
                <Baseline points="1205,1814 1214,1817 1259,1814 1303,1814 1348,1811 1393,1808 1438,1811 1482,1802 1527,1802 1572,1799 1617,1796 1661,1793 1706,1793 1751,1790 1796,1787 1840,1787 1885,1787 1930,1781 1975,1781 2020,1778 2064,1775 2109,1769 2154,1766 2199,1763 2243,1760 2288,1760 2333,1760 2378,1757 2422,1757 2467,1754 2512,1751 2557,1748 2601,1745 2646,1742 2691,1739 2736,1739 2780,1736 2825,1733"/>
                <TextEquiv>
                    <Unicode>erst geheissen; aber wir haben uns</Unicode>
                </TextEquiv>
            </TextLine>
            <TextLine id="tr_1_tl_9" custom="readingOrder {index:8;}">
                <Coords points="1196,2012 2890,1929 2960,1919 2967,1768 1956,1862 1729,1830 1201,1926"/>
                <Baseline points="1211,1984 1220,1984 1265,1975 1309,1972 1354,1969 1399,1966 1444,1960 1488,1960 1533,1960 1578,1954 1623,1951 1667,1951 1712,1948 1757,1945 1802,1942 1846,1942 1891,1942 1936,1939 1981,1936 2025,1933 2070,1927 2115,1924 2160,1924 2204,1921 2249,1918 2294,1918 2339,1915 2384,1915 2428,1909 2473,1906 2518,1903 2563,1900 2607,1897 2652,1897 2697,1894 2742,1894 2786,1891 2831,1888 2876,1888 2921,1888 2965,1885"/>
                <TextEquiv>
                    <Unicode>gleich gedacht, der kommt nimmer nach-</Unicode>
                </TextEquiv>
            </TextLine>
            <TextLine id="tr_1_tl_10" custom="readingOrder {index:9;}">
                <Coords points="1204,2136 2710,2106 3043,2059 3048,1968 2935,1909 1571,2054 1208,2030"/>
                <Baseline points="1217,2127 1259,2127 1303,2121 1348,2121 1393,2118 1438,2115 1482,2115 1527,2115 1572,2109 1617,2106 1661,2106 1706,2103 1751,2100 1796,2097 1840,2094 1885,2094 1930,2091 1975,2091 2020,2088 2064,2085 2109,2082 2154,2079 2199,2076 2243,2073 2288,2073 2333,2073 2378,2070 2422,2067 2467,2064 2512,2061 2557,2058 2601,2058 2646,2055 2691,2052 2736,2052 2780,2049 2825,2046 2870,2043 2915,2043 2959,2040 3004,2037 3049,2031"/>
                <TextEquiv>
                    <Unicode>haus. Und so ist es auch, Gestern Abend</Unicode>
                </TextEquiv>
            </TextLine>
            <TextLine id="tr_1_tl_11" custom="readingOrder {index:10;}">
                <Coords points="1216,2289 2521,2279 2851,2227 2856,2126 2037,2202 1467,2158 1218,2232"/>
                <Baseline points="1229,2282 1247,2282 1291,2279 1336,2276 1381,2276 1426,2273 1470,2267 1515,2267 1560,2264 1605,2261 1650,2258 1694,2258 1739,2255 1784,2252 1829,2252 1873,2249 1918,2246 1963,2243 2008,2243 2052,2240 2097,2237 2142,2237 2187,2234 2231,2231 2276,2231 2321,2228 2366,2225 2410,2222 2455,2219 2500,2216 2545,2216 2589,2213 2634,2210 2679,2210 2724,2207 2768,2204 2813,2204 2858,2204"/>
                <TextEquiv>
                    <Unicode>soll der Wirt vom Kommando die Ver-</Unicode>
                </TextEquiv>
            </TextLine>
            <TextLine id="tr_1_tl_12" custom="readingOrder {index:11;}">
                <Coords points="1228,2456 1566,2442 1650,2488 2143,2400 2355,2419 2459,2402 2464,2286 1694,2321 1606,2358 1487,2313 1443,2353 1233,2360"/>
                <Baseline points="1244,2437 1256,2437 1300,2434 1345,2431 1390,2431 1435,2431 1479,2428 1524,2425 1569,2425 1614,2422 1658,2422 1703,2419 1748,2422 1793,2416 1837,2413 1882,2410 1927,2407 1972,2407 2017,2404 2061,2401 2106,2398 2151,2395 2196,2392 2240,2389 2285,2387 2330,2384 2375,2384 2419,2381 2464,2384"/>
                <TextEquiv>
                    <Unicode>ständigung gekriegt haben.</Unicode>
                </TextEquiv>
            </TextLine>
        </TextRegion>
        <TextRegion id="tr_2" custom="readingOrder {index:1;}">
            <Coords points="1023,2462 3046,2462 3046,3563 1023,3563"/>
            <TextLine id="tr_2_tl_1" custom="readingOrder {index:0;}">
                <Coords points="1009,2636 2908,2562 2955,2400 1014,2506"/>
                <Baseline points="1023,2598 1029,2595 1074,2601 1118,2598 1163,2598 1208,2592 1253,2592 1297,2592 1342,2592 1387,2589 1432,2589 1476,2586 1521,2583 1566,2580 1611,2577 1655,2577 1700,2574 1745,2571 1790,2569 1835,2569 1879,2563 1924,2563 1969,2563 2014,2560 2058,2557 2103,2554 2148,2551 2193,2548 2237,2548 2282,2542 2327,2539 2372,2542 2416,2536 2461,2536 2506,2536 2551,2533 2595,2533 2640,2530 2685,2533 2730,2530 2774,2527 2819,2521 2864,2521 2909,2515 2953,2512"/>
                <TextEquiv>
                    <Unicode>WALPURGA: Er war ein schöner Mensch, der</Unicode>
                </TextEquiv>
            </TextLine>
            <TextLine id="tr_2_tl_2" custom="readingOrder {index:1;}">
                <Coords points="1951,2829 2158,2747 2200,2762 2264,2740 2377,2735 2392,2580 2333,2565 2237,2599 2170,2590 2153,2607 2123,2597 2074,2614 2064,2602 2037,2619 1995,2599 1971,2607"/>
                <Baseline points="1972,2762 1981,2759 2025,2759 2070,2748 2115,2745 2160,2745 2204,2742 2249,2736 2294,2733 2339,2730 2384,2715"/>
                <TextEquiv>
                    <Unicode>freilich</Unicode>
                </TextEquiv>
            </TextLine>
            <TextLine id="tr_2_tl_3" custom="readingOrder {index:2;}">
                <Coords points="1236,2784 1322,2794 1423,2777 1440,2792 1499,2760 1544,2792 1581,2789 1586,2651 1536,2654 1509,2678 1425,2639 1388,2654 1361,2636 1319,2666 1312,2656 1241,2659"/>
                <Baseline points="1250,2751 1277,2748 1321,2745 1366,2745 1411,2742 1456,2742 1500,2739 1545,2736 1590,2736"/>
                <TextEquiv>
                    <Unicode>K stian!</Unicode>
                </TextEquiv>
            </TextLine>
            <TextLine id="tr_2_tl_4" custom="readingOrder {index:3;}">
                <Coords points="1019,2915 1396,2977 1729,2900 2834,2895 2942,2873 2950,2723 2582,2784 2419,2696 1963,2829 1635,2775 1021,2844"/>
                <Baseline points="1032,2915 1071,2915 1115,2912 1160,2909 1205,2909 1250,2906 1294,2903 1339,2903 1384,2903 1429,2900 1473,2897 1518,2897 1563,2894 1608,2894 1652,2891 1697,2888 1742,2888 1787,2885 1832,2882 1876,2879 1921,2876 1966,2876 2011,2873 2055,2870 2100,2867 2145,2867 2190,2864 2234,2861 2279,2858 2324,2858 2369,2855 2413,2852 2458,2849 2503,2849 2548,2846 2592,2846 2637,2843 2682,2840 2727,2837 2771,2834 2816,2834 2861,2831 2906,2831 2950,2825"/>
                <TextEquiv>
                    <Unicode>DIE NACHBARIN: Aber das interessiert die</Unicode>
                </TextEquiv>
            </TextLine>
            <TextLine id="tr_2_tl_5" custom="readingOrder {index:4;}">
                <Coords points="1278,3078 2750,3026 2940,3006 2942,2955 2797,2883 2407,2866 2306,2932 1818,2918 1282,2989"/>
                <Baseline points="1294,3052 1336,3052 1381,3055 1426,3055 1470,3052 1515,3049 1560,3046 1605,3043 1650,3043 1694,3040 1739,3040 1784,3040 1829,3037 1873,3031 1918,3031 1963,3031 2008,3028 2052,3028 2097,3025 2142,3025 2187,3022 2231,3022 2276,3016 2321,3016 2366,3013 2410,3007 2455,3007 2500,3004 2545,3001 2589,2998 2634,2998 2679,2998 2724,2998 2768,2995 2813,2989 2858,2989 2903,2989 2947,2989"/>
                <TextEquiv>
                    <Unicode>Frau Richter alles nicht so viel...</Unicode>
                </TextEquiv>
            </TextLine>
            <TextLine id="tr_2_tl_6" custom="readingOrder {index:5;}">
                <Coords points="1601,3149 1667,3144 1699,3125 1867,3130 1887,3112 1904,3122 1948,3112 1971,3137 2003,3115 2022,3120 2025,3061 1946,3046 1864,3075 1815,3051 1741,3093 1726,3075 1677,3063 1606,3066"/>
                <Baseline points="1617,3115 1626,3115 1670,3118 1715,3115 1760,3115 1805,3112 1849,3109 1894,3106 1939,3103 1984,3103 2028,3100"/>
                <TextEquiv>
                    <Unicode>wir euer</Unicode>
                </TextEquiv>
            </TextLine>
            <TextLine id="tr_2_tl_7" custom="readingOrder {index:6;}">
                <Coords points="1255,3238 1657,3255 2410,3169 2506,3214 2750,3154 2962,3189 2967,3026 2696,3006 2296,3110 2133,3068 1973,3137 1260,3144"/>
                <Baseline points="1268,3216 1312,3213 1357,3213 1402,3213 1447,3210 1491,3207 1536,3207 1581,3204 1626,3207 1670,3204 1715,3201 1760,3198 1805,3195 1849,3195 1894,3192 1939,3189 1984,3189 2028,3183 2073,3183 2118,3180 2163,3180 2207,3177 2252,3174 2297,3171 2342,3171 2387,3168 2431,3171 2476,3165 2521,3165 2566,3162 2610,3156 2655,3156 2700,3153 2745,3153 2789,3150 2834,3150 2879,3150 2924,3153 2968,3153"/>
                <TextEquiv>
                    <Unicode>Na ja, wer seine eigenen Sorgen hat,</Unicode>
                </TextEquiv>
            </TextLine>
            <TextLine id="tr_2_tl_8" custom="readingOrder {index:7;}">
                <Coords points="1270,3398 2930,3329 3041,3307 3046,3174 2592,3228 2271,3186 1813,3292 1603,3243 1273,3312"/>
                <Baseline points="1283,3377 1300,3374 1345,3368 1390,3365 1435,3362 1479,3362 1524,3359 1569,3356 1614,3353 1658,3353 1703,3353 1748,3353 1793,3350 1837,3347 1882,3347 1927,3344 1972,3344 2017,3341 2061,3341 2106,3338 2151,3338 2196,3335 2240,3335 2285,3332 2330,3329 2375,3326 2419,3323 2464,3320 2509,3317 2554,3317 2598,3314 2643,3311 2688,3308 2733,3305 2777,3305 2822,3305 2867,3305 2912,3303 2956,3300 3001,3300 3046,3305"/>
                <TextEquiv>
                    <Unicode>dan kümmert sich nicht um die Politik.</Unicode>
                </TextEquiv>
            </TextLine>
            <TextLine id="tr_2_tl_9" custom="readingOrder {index:8;}">
                <Coords points="1046,3576 2950,3517 3024,3487 3033,3305 1980,3458 1790,3406 1504,3463 1270,3394 1051,3475"/>
                <Baseline points="1059,3550 1062,3547 1106,3553 1151,3553 1196,3553 1241,3553 1285,3550 1330,3547 1375,3547 1420,3544 1465,3544 1509,3541 1554,3541 1599,3538 1644,3538 1688,3535 1733,3535 1778,3532 1823,3529 1867,3529 1912,3526 1957,3526 2002,3523 2046,3520 2091,3517 2136,3511 2181,3511 2225,3508 2270,3502 2315,3502 2360,3499 2404,3493 2449,3493 2494,3488 2539,3485 2583,3482 2628,3482 2673,3479 2718,3476 2762,3473 2807,3470 2852,3467 2897,3464 2941,3464 2986,3464 3031,3464"/>
                <TextEquiv>
                    <Unicode>WALTURGA: Ja, das hat der Herr Oberlehrer</Unicode>
                </TextEquiv>
            </TextLine>
        </TextRegion>
    </Page>
</PcGts>
