3480 4056
2761 431 2955 612 160
1479 687 2872 868 wahr, so ist in dem Brief von
1490 868 2936 1037 der Kathrin gestanden?... “Ich
1474 1032 2778 1177 habe mir nichts angetan, du
1496 1179 3080 1332 wirst schon einmal alles erfahren.
1498 1367 3025 1492 Vielleicht sehen wir uns wieder.
1269 1503 2968 1645 DIE TANTE:: zieht den Brief hervor:
1512 1619 3106 1813 liest:] Liebe Mutter, vielleicht
1514 1811 3060 1964 sehen wir uns auch einmal wieder.
1507 1936 3067 2113 Ich kann nicht anders. Lebe wohl,
1520 2107 3093 2268 behalte mich lieb, ich küsse dich
1540 2275 2277 2426 vieltausendmal.
1302 2432 3056 2557 DIE NACHBARIN: :guckt hinein:
1295 2562 2964 2730 Richter, es ist halt doch gut, wenn
1533 2726 2866 2912 man sowas noch einmal liest!
1321 2888 2198 3054 DIE TANTR: Vieso?
1328 2995 3067 3176 DIE NACHBARIN: Früher hab' ich mir’s
1560 3196 3062 3351 nicht so recht zu sagen getrait,
1568 3336 3091 3542 weil ich nämlich den Brief nicht
