3496 4024
2799 390 2967 529 174
1319 518 3037 735 rasten, - nur eine Stunde Rast, wenn
1331 690 3085 915 ich schon so weit gekommen bin, nicht
1333 865 3037 1054 gleich mich wieder hinausschicken.
1343 1024 2366 1217 ich geh schon selber.
1222 1142 2985 1373 Arzt: Beste Frau Richter, lassen Sie
1369 1286 3028 1499 mich mit ihr allein. Ich denke, sie
1380 1444 3120 1655 hat mir was zu sagen, sie wagt es nur
1385 1638 1995 1818 nicht recht.
1253 1695 3068 2012 TA’TE: Ja, wie ist denn das?... woher
1267 1867 3113 2137 Arzt : Lassen Sie mich mit ihr nur eine
1437 2030 3016 2234 Viertelstunde. Ich werde alles er-
1442 2186 2756 2399 fahren, was zu erfähren ist.
1345 2364 2319 2562 Tante:.:will gehen:
1307 2489 3210 2728 Marie: Um Himmelswillen, sag' niemandem
1468 2664 2246 2877 dass ich da bin!
1333 2794 2910 2995 Arzt: Schweigen Sie doch, Marie
1347 2929 2917 3198 Tante: :ab durch die Gartentüre:
