3464 4120
2848 220 2937 427 23
1208 409 2960 677 Schönheit und Reichtum benützt... nun
1196 581 3144 864 hab' ich nichts als mein Elend und meinen
1097 826 2914 1145 A: Sie sind nicht elend, Sie haben Ihre
1254 839 1476 1029 zorn.
1244 1130 1595 1322 Teckter.
1145 1092 3190 1458 V: Sie soll gehen!... Geh... geh mit ihm!..
1286 1281 2942 1600 lass mich allein! - Wenn du den Mat
1294 1468 2945 1759 hast, geh!... Wenn du aen Mut hast,
1329 1549 3119 1898 sag', dass du mich verachtest, dass in
1329 1739 3124 2070 mich hasst, dass ich dir zum Ekel bin!
1233 1951 3180 2207 A: Ich glaube, Herr Rat, es würde sich um
1380 2075 3235 2373 nichts weiter handeln, als dass Fräulein
1398 2255 3210 2502 Marie eine Stunde spazieren geht manch-
1415 2416 3063 2669 mal. Braucht es darum selche Werte?
1312 2583 3073 2798 V: Sie glauben, nur darum -? Wenn sie
1453 2656 3240 2950 geht, kommt sie nicht mehr zurück! Ven
1481 2811 3248 3106 dem Ball ist sie um sieben Uhr Früh ge¬
1466 2988 3172 3258 kommen - und wie!... Mit leuchtenden
1474 3177 3109 3402 Augen!... Wenn sie noch einmal von
1484 3266 3202 3581 hier fortgeht, kommt sie nicht mehr
1365 3526 3139 3784 M: Ich bleibe ja daheim, was willst du
2864 3678 3344 3834 # Vater?
