3448 3992
2304 501 2476 662 185
1229 719 2971 919 Marie: Nein, das behaupt' ich nicht.
1467 875 2944 1042 Umsoweniger als ich das Gleiche
1471 1033 2821 1242 getan hätte, wenn er noch zu
1467 1196 2445 1357 retten gewesen wäre.
1249 1326 2988 1480 Der Arzt: Wär' er noch zu retten ge-
1469 1478 2854 1669 wesen, so wäre das Gift nicht
1480 1642 2306 1816 bereit gestanden.
1291 1768 2821 1959 Marie: Es hätte wol nicht Ihres
1482 1933 2992 2102 Gifts gebraucht an diesem Abend.
1475 2082 2819 2258 Ihre Worte hätten vielleicht
1475 2234 2828 2425 Kraft genug gehabt, mich ein
1486 2361 2962 2548 andres Mittel finden zu lassen,
1497 2537 2467 2724 um mich zu befreien.
1264 2682 3034 2876 Der Arzt: Meine Worte -? Dahin woll-
1504 2843 2927 3030 ten doch meine Worte Sie nicht
1517 2982 2885 3160 treiben! In die Freiheit wol,
1508 3138 2942 3346 aber doch nicht zu dieser Tat.
1524 3285 2975 3507 Er hätte Sie ja nicht mit stri-
1572 3439 3025 3703 cken an seine Bettstatt hinden
