3496 4120
423 3114 945 3334 # hie herin
359 3209 1148 3444 dienjäls is trois. id
354 3334 1116 3529 bis Coll. Ich frag nichts
425 3444 1143 3664 gehören sich gehen mit
393 3593 1028 3774 und konnte zu bekauft, bekandt
510 3683 1058 3837 wom verzeiht hat,
427 3759 1160 3964 1- Hahn to Anst
1224 418 2973 679 können mir nichts mehr geben als eine
1238 584 2977 843 letzte Erinnerung, und beruhigter, ja
1241 713 3082 1006 glücklicher verliess' ich Sie, wenn Sie
1287 852 3097 1102 mir von tausend schlimmen Sünden beieh-
1270 1006 3058 1297 teten: Buhlerei, Betrug, Mord, als mit
1324 1131 3136 1397 dem Klang im Ohr, in dem alles mittönt,
1282 1329 3041 1541 Geschehenes und Nichtgeschehenen, und
1295 1429 3046 1705 das wie von einem ewigen Eehe von den
1309 1605 3126 1844 Schauern des Geheimnisses umhallt wird.
1336 1761 3019 2022 - Was ist geschehen? - Ich vergeb' ou
1331 2000 2235 2154 Ihnen im vorhinein.
1211 2039 3122 2330 M: Ist von all dem der Abglanz auf meiner
1360 2315 2093 2504 Stirn zu sehen?
1263 2347 3082 2677 A: Verzeihen Sie, Marie, die Qual macht
1400 2633 1883 2836 mich tell!
1270 2645 3122 2936 M: Es wäre wol möglich, dass solcher Ab-
1429 2841 2809 3136 glanz auf meiner Stirne ruht.
1302 2909 3273 3222 A: Sie reden im Fieber, Ihre Wangen glücken
1378 3102 3258 3373 M: Und wenn ich Ihnen sagte, dass ich al
1487 3224 3153 3507 das bin?  „Alk. mor tieferste... die jünge¬
1956 3378 2521 3539 die bewährigten
1387 3422 2914 3705 Sie!... verzeihen Sie nochmals
