3400 4104
1211 408 2733 688 Frau ist davon nicht mehr aufgewe¬
1193 623 2913 863 ... Aber wie oft geschehen solche Sa-
1190 726 3046 980 ehen, und kein Mensch erfährt was daven.
1200 894 3043 1151 Und das sind vielleicht nicht einmal die
1181 1055 2833 1284 Aergsten, die einem Gift ins Glas
1202 1172 3062 1431 schütten. Gewiss nicht! Wie ich ein jun-
1200 1326 3083 1592 ger Mensch war, hab' ich einmal den Va-
1230 1498 2978 1725 ter von einem Freund besucht; bei dem
1237 1634 2943 1886 war eine, die hat ihn gequält,- eine
1267 1776 3006 2033 Wärterin, ans Wut, aus Gemeinheit...
1312 1918 3085 2196 in'n Arm hat sie ihn gezwiekt, mit Na-
1277 2091 2901 2362 deln hat sie ihn gestochen! Solehe
2857 2219 3137 2392 aion en
1295 2252 2824 2488 Frauen sind das! Und die besten
1298 2352 3146 2658 ist man so gleichsiltig, dass sie nicht
1312 2546 3090 2824 aufstehen Nein, ich lass' dich nicht
1319 2651 3062 2969 fort!... Ich lass' sie nicht fort!...
1335 2843 3071 3076 Sie kann noch warten!... Die paar Jahre
1340 2971 3165 3239 kann sie noch warten!... Dann kannst d
1358 3123 3144 3375 machen, was du willst, Heiraten - den
1382 3277 3204 3519 Herrn SAdjunkten - oder auch von Andern
1545 3440 3130 3676 ist mir dann ganz egal! Oder auf
