3544 4072
2758 459 2946 627 161
1431 730 2873 900 genau in der Erinnerung gehabt
1428 889 2967 1049 hab'; aber es geht mir die ganze
1435 1017 2962 1212 Zeit im Kopf herum, ob das nicht
1454 1192 2840 1387 eine fromme Liig' sein könnt'?
1228 1313 3077 1543 DIE TANTE: Wieso denn? Was sollt' denn
1472 1506 3029 1699 da eine Lüge sein? Das wissen wir
1479 1676 2852 1837 doch Alle, dass sie fort ist.
1249 1814 2854 2012 DIE NACHBARIN: Dass sie fort ist
1483 1991 2958 2142 natürlich, das wissen wir Alle.
1499 2138 3077 2271 Aber ich denk' mir so... weil da
1499 2294 3033 2464 nämlich steht: "vielleicht sehen
1516 2434 2909 2576 wir uns wieder“ - ob sie sich
1509 2570 2962 2739 nicht doch vas angetan hat und
1520 2712 3008 2930 nur, damit sie der Mutter nicht
1527 2866 3146 3082 weh tut, schreibt sie: "vielleicht
1536 2997 3144 3224 sehen wir uns wieder“,... weil ihr
1538 3199 3137 3371 ja nämlich jedenfalls bekannt war,
1561 3339 3075 3557 wie ihre Mutter denkt: besser in
