3464 4120
2813 267 2944 479 22
1036 430 2772 693 V: O, Herr Adjunkt, ich danke für die
1167 569 2959 810 freundliche Zurechtweisung... Freilich
1201 715 2874 1011 opfert sie sich auf. Warum sitzt sie
1211 785 3039 1133 denn eigentlich da? An einem so schönen
1206 965 3020 1276 Frühlingsabend sollte sie spazieren ge-
1228 1148 3010 1422 hen - mit Ihnen. Aber warum mit Ihnen?
1228 1289 3076 1578 Muss es grade ein Forstadjunkt sein? Es
1257 1415 3049 1768 kann auch ein Dragener sein - eder ein
1269 1721 1600 1916 Ulane.
1172 1845 2278 2088 M: Was soll das, Vater?
1194 1930 2927 2225 V: Geben Sie Acht, Herr Adjunkt:) ein
1342 2084 3102 2370 Frauenzimmer... meinen Sie, ich sch'
1352 2195 3097 2521 nicht, weil sie meine Tochter ist?...
1386 2363 3197 2687 ein Frauenzimmer! Jung, heiss, durstig!
1259 2606 2677 2864 A: Herr Rat, was kommt Sie an?
1262 2689 2976 3000 V: Hehe! haben Sie sehen ein Recht?
1417 2849 2893 3100 still, still, ich bin der Vater
1308 2964 3272 3277 A: Herr Kanzleirat, Sie nützen den Umstand
1473 3197 2115 3413 allzusehr aus.
1347 3306 2708 3576 V: Jeder nützt eben aus, was
2198 3435 3183 3647 schön gewesen und hätt
1709 3572 3129 3863 je Geld gehabt, so hätt‘ ich we
