3464 4024
2677 422 2849 599 167
1321 630 2345 783 Adjunkt, Arzt, Tante.
1139 717 3040 958 Tante: tüber den Feldweg kommend:
1286 920 2993 1073 ist denn da?... Wie?... Der Herr Dok
1297 1078 3003 1224 tor! Stirzt herein:
1297 1198 3038 1406 mir eine Nachricht von der Katharina?
1168 1380 3064 1550 Arzt: Nein, von Katharina leider nicht,
1319 1514 2748 1701 und auch von der Andern nicht.
1217 1635 3043 1840 Tante: Nicht.- :Sie sinkt auf einen
1330 1795 3069 1996 Sessel, sieht den Arzt an:
1337 1918 3005 2156 sind doch da... Warum sind Sie denn
1349 2187 1531 2328 da?
1212 2184 2986 2470 Arzt: Hab' ich's Ihnen nicht in Wien
1370 2368 3026 2623 versprochen, Frau Richter, dass ich
1375 2545 3106 2767 Sie bald wiedersehen werde? Und über-
1387 2651 3161 2944 dies bin ich ja hier, um den Adjunkten
1396 2906 1904 3085 abzuholen.
1262 3048 2425 3246 Tante: :verst ändnislos:
1309 3125 3132 3357 Adj: Sie wissen ja, Frau Richter, ich
1422 3283 3128 3536 bin nach Tauplitz ernannt, zum Ober-
1434 3437 3163 3682 förster, und heute noch reis' ich da-
