3416 3976
1435 655 2931 835 einmal gehen wollte... oder miiss-
1197 923 2971 1144 DER ARET: Und wohin werden Sie gehn?
1219 1075 2942 1342 MARIB: Wohin immer, ich werde keinen
1454 1250 2997 1463 Menschen bedürfen. Als meine Mit-
1465 1430 2982 1640 ter nach lebte - und eh der Vater
1483 1558 2988 1765 krank wurde, hab' ich Unterricht
1477 1688 2999 1917 gegeben. Ich kann es wieder tun.-
1252 1882 2874 2089 DER ARZT: Dass Sie instande sind,
1499 1999 3008 2252 sich selbst fortzubringen, daran
1499 2173 3081 2402 zweifle ich nicht. Aber dass sich
1512 2314 2984 2554 wenn Sie wieder zu den Menschen
1516 2473 3074 2697 gehn, niemals ein.. andres Schick
1540 2622 3057 2845 sal mit dem Ihren verknüpfen wird
1558 2805 2962 2988 das glaub' ich nicht... Und
1538 2924 2968 3136 der, dessen Schicksal sich mit
1543 3085 3008 3308 dem Ihren verknüpfen wird - der
1562 3228 3048 3489 wird das Anrecht haben zu wissen
