3448 3992
2726 472 2929 673 170
1484 714 3107 901 sich, Herr Doktor, da spielt jetzt
1525 872 3034 1049 die Marie manchmal drauf! Es war
1513 1020 3058 1199 mir nicht recht im ersten Moment,
1525 1190 3099 1377 aufrichtig gesagt... Aber wie ich
1525 1336 3058 1517 mir’s überlegt hab', da hab‘ ich
1537 1472 3044 1677 doch eigentlich nichts Unrechtes
1543 1615 3079 1814 dran finden können. Schliesslich,
1539 1771 3093 1958 Gott verzeih mir die Stund', nicht
1537 1931 2993 2159 mir ihr Vater, auch sie ist ja
1558 2098 2853 2295 erlöst worden - nicht wahr?
1344 2258 2931 2438 DER ARZT: Das kann man wol sagen.
1338 2408 2988 2584 DE TANTE: Ich hab' mir eigentlich
1550 2566 3107 2746 nicht gedacht, dass es so schnell
1572 2709 3116 2894 kommen wird. Am letzten Abend un-
1570 2847 3165 3075 ren wir ja noch oben, die Katharin
1564 3029 3046 3233 und ich. Das war ja den letzten
1582 3159 3167 3358 Tag, dass ich die Katharin bei mir
1593 3335 3105 3512 gehabt hab.; am Morgen drauf war
