3384 4040
1061 429 3049 652 2.Szene. - Der Adjunkt tritt ein, bleib /t
1071 564 2500 775 eine Weile an der Türe stehen.
1111 707 2931 920 M: nach einer Weile, sich umwendend:
1204 913 1384 1081 O!
1078 998 3089 1246 V: Was giebt’s?.... Ei, der Herr Adjunkt -?
1076 1158 2733 1397 M: Man hat Sie lange nicht gesehen.
1086 1271 3087 1547 Adj: Guten Abend, Herr Kanzleirat - guten
1234 1434 3006 1675 Abend, Fräulein. :Er reicht ihr die
1246 1580 2954 1825 Hand: Am Fenster, Herr Kanzleirat?
1271 1823 2126 2003 Ich freue mich...
1151 1878 3087 2124 V: Wortüber freuen Sie sieht Herr Adjunkt?
1151 2056 3174 2345 XXX:Er fällt beinah von dem Sessel: Das
1289 2212 3114 2467 hier ist kein Sessel für mich. Zurück,
1314 2372 3074 2630 mein Kind. Sie sind ja sehen verüber.
1344 2533 3195 2768 :hebt ihn vom Sessel auf, schleppt ihn,
1171 2638 1321 2753 M:
1339 2738 2239 2911 Adj.ist behilflich:
1219 2831 3152 3097 V: Ein Glück, dass Sie gekommen sind; ich
1437 2889 1557 2971 him
1347 2996 3142 3200 hätte am Fenster übernachten können...
1372 3127 3134 3360 ja, so gut geht’s mir.  Die Beiden
1379 3260 3215 3483 führen ihn wieder zu dem Krankensessel.
1236 3425 3072 3681 A: Ich habe einen Umweg machen müssen,
