3448 4008
2502 306 2836 482 154
939 581 2876 747 DIE TANTE: Macht nichtens.. macht nichts!
1220 704 2896 901 Ich wein' auch oft genug, wenn mich
1184 896 2828 1048 keiner fragt... Nichts hab' ich ge-
1177 1066 2783 1230 hört - gar nichts! Und ich sollt
1199 1177 2909 1369 doch eigentlich froh drüber sein. So
1189 1389 2911 1525 hab' ich doch die Hoffnung, dass sie
1202 1490 2990 1669 am Leben ist; denn natürlich, wenn wer
1204 1699 2954 1828 stirbt... im Krankenhaus oder sonstwo
1217 1821 2934 1992 ... zeigt’s doch die Behörde der Ver¬
1217 1962 2947 2144 wandtschaft an.... wenn sie sogar im
1225 2151 3025 2323 Krieg Zeit dazu haben - - Am Leben ist
1230 2300 2414 2469 sie... am Leben ist sie!
995 2457 2959 2616 DIE NACHBARIN: Na ja, wenn Ihnen das ein
1240 2596 2664 2778 Trost ist, dann ist es ja gut.
1010 2724 3043 2949 DIE TANTE: Freilich ist mir das ein Trost!
1225 2916 2848 3106 Wenn ich was immer von ihr wüsst'
1252 3063 2783 3240 dass sie mir lebt... nur lebt -.
1025 3176 2889 3442 DIE NACHBARIN: Na, warum soll sie denn
