3480 3992
2712 440 2902 597 150
1541 708 2338 893 1. Szene.
966 961 2927 1121 DIE TANTE begiesst Blumen. Bald kommt von
959 1095 2826 1275 links über den Weg längs des Zauns FRAU
969 1260 2953 1419 KAUMBERGR, eine sonntäglich ziemlich bäu-
982 1422 2985 1569 risch gekleidete Person von 50 Jahren, mit
989 1571 3018 1743 ihrer Tochter WALPURGA, die lang und mager,
994 1731 2953 1870 städtisch und geschmacklos angezogen ist.
1009 1852 2993 2044 Sie blicken in den Garten, machen einander
992 2052 2947 2181 Zeichen mit den Augen und bleiben stehen.
1022 2292 3039 2431 DIE NACHBARIN: Guten Morgen, Frau Richter.
1022 2444 2808 2581 WALPURGA: Guten Morgen, Frau Richter.
1032 2598 2985 2750 DIE TANTE: Guten Morgen, Frau Kamberger.
1260 2740 2368 2889 Guten Morgen, Valpurga.
1037 2877 3069 3064 DIE NACHBARIN: Ich hab' Sie nur fragen wol-
1273 3036 3028 3195 len, ob Sie vielleicht gleich mit uns
1270 3193 3021 3342 in die Kirche möchten, weil wir grad
1273 3378 1971 3550 da vorbeigehn!
