3544 4024
2518 457 2703 569 219
1051 594 2333 843 Marie: will davonstürzen:
1056 763 2303 978 Adj: Marie - bleiben Sie!
1067 907 2824 1104 Marie: Was hab' ich hier zu tun? was
1216 1033 2959 1300 bin ich? Ihr Platz ist da drin. Nicht
1227 1174 2973 1440 diese Stunde soll meine Nähe entheili-
1236 1456 1458 1625 gen.
1104 1474 2943 1723 Adj; Entheiligen? - Nein, Bleiben Sie,
1248 1627 3030 1892 Es ist seltsam: licht Ihre Stirn, kein
1266 1780 2870 2038 fremder Glanz mehr in Ihrem Blick,
