3448 3960
2708 453 2872 610 193
1547 636 2340 874 5. szene.
1183 834 2704 1028 Die Vorigen. - Der Adjunkt kommt
1375 1033 2625 1190 durchs Haus in den Garten.
1205 1166 2913 1342 Der Adj: Guten Tag, Fräulein Marie.
1255 1318 2638 1488 Marie: Seien Sie willkommen.
1216 1442 2937 1667 Der Arzt: Kommen Sie, mich zum Auf-
1473 1649 2109 1795 bruch mahnen?
1240 1754 2954 1957 Der Adj: Wenn wir noch vor Abend in
1523 1856 3004 2107 Hasbach sein wollen, müssen wir
1510 2041 3057 2233 uns bald auf den Weg machen. Auch
1514 2198 2902 2410 hab' ich unser Gepäck dorthin
1534 2401 2281 2536 vorausgeschickt.
1366 2427 2915 2702 :Kirchgänger am Wald, Kinder über
1410 2689 2503 2861 die Wiese hinterm Feld:
1325 2760 3081 3020 Der Adj:: zu Marie: Ihre Tante ist
1584 2946 2996 3161 noch nicht zuhause? Ich wollte
1582 3074 2743 3336 ihr gern Lebewohl sagen.
1410 3201 3072 3477 Marie: Sie ist in der Kirche. Aber
1628 3355 3159 3610 sie muss bald da sein. Wollen Sie
