3368 4024
2449 432 2629 562 168
1117 521 2961 845 hin ab. Ich bin auch hier, um von Ihnen
1131 812 2046 958 Abschied zu nehmen.
989 956 2240 1119 Tante: Sie gehen... wann?
1009 1133 1626 1333 Adj; Heute.
1004 1141 2944 1422 Tante: Wie viel Jahre waren Sie denn da,
1172 1414 1811 1554 Herr Adjunkt?
1025 1434 2901 1700 Adj: Dreizehn Jahre sind es, Frau Rich-
1186 1763 1395 1868 ter.
1016 1796 2920 2094 Tante: Ja, dreizehn Jahre. Ein ganz jun-
1213 1887 2872 2159 ger Bursch waren Sie, wie Sie herge-
1256 2103 2867 2348 kommen sind - und die Katharin war
1246 2228 2901 2488 damals noch ein Kind... und die Bri-
1301 2384 2970 2649 gitte hat noch gelebt, und die Anna,
1258 2524 3006 2829 und mein Mann - ja. Und jetzt bin ich
1275 2687 3002 2944 allein. - Also glückliche Reise, Herr
1287 2800 2915 3102 Adjunkt. Und ein glückliches Leben,
1299 2975 2910 3256 wenn Sie können... Ich Wüsch Ihnen
1313 3141 3076 3412 gleich alles - ich bin eine alte Frau,
1321 3326 2922 3537 ich weiss nicht, ob ich Ihnen noch
1342 3472 2884 3710 einmal werde was wünschen können.
