<?xml version="1.0" encoding="UTF-8" standalone="yes"?>
<PcGts xmlns="http://schema.primaresearch.org/PAGE/gts/pagecontent/2013-07-15" xmlns:xsi="http://www.w3.org/2001/XMLSchema-instance" xsi:schemaLocation="http://schema.primaresearch.org/PAGE/gts/pagecontent/2013-07-15 http://schema.primaresearch.org/PAGE/gts/pagecontent/2013-07-15/pagecontent.xsd">
    <Metadata>
        <Creator>prov=READ-COOP:name=TrHtr:version=2.1.0:model_id=51170:date=29_07_2023_10:58</Creator>
        <Created>2023-05-10T12:30:25.939+02:00</Created>
        <LastChange>2023-07-29T10:58:32.050+02:00</LastChange>
        <TranskribusMetadata docId="1428203" pageId="55404220" pageNr="180" tsid="131408405" status="IN_PROGRESS" userId="64420" imgUrl="https://files.transkribus.eu/Get?id=XPPBBTINTHAFVFBXILCMDZIX&amp;fileType=view" xmlUrl="https://files.transkribus.eu/Get?id=SWQDZQRTZTNNXGUKHJFMUDNI" imageId="44678969"/>
    </Metadata>
    <Page imageFilename="1428203_0180.jpg" imageWidth="3448" imageHeight="3960">
        <ReadingOrder>
            <OrderedGroup id="ro_1711796088120" caption="Regions reading order">
                <RegionRefIndexed index="0" regionRef="tr_1"/>
                <RegionRefIndexed index="1" regionRef="tr_2"/>
            </OrderedGroup>
        </ReadingOrder>
        <TextRegion id="tr_1" custom="readingOrder {index:0;}">
            <Coords points="1257,520 3043,520 3043,2417 1257,2417"/>
            <TextLine id="tr_1_tl_1" custom="readingOrder {index:0;}">
                <Coords points="2576,614 2592,616 2611,631 2622,629 2666,656 2706,634 2714,642 2743,634 2754,502 2736,504 2710,480 2677,474 2668,463 2655,467 2609,449 2602,456 2589,454"/>
                <Baseline points="2592,579 2619,582 2663,579 2708,573 2753,570"/>
                <TextEquiv>
                    <Unicode>224.</Unicode>
                </TextEquiv>
            </TextLine>
            <TextLine id="tr_1_tl_2" custom="readingOrder {index:1;}">
                <Coords points="1427,879 1835,886 2451,813 2611,866 2903,833 2907,737 2618,730 2471,664 2359,702 2037,660 1883,732 1434,741"/>
                <Baseline points="1439,866 1478,863 1523,860 1567,857 1612,854 1657,851 1702,848 1747,851 1791,845 1836,845 1881,842 1926,842 1971,839 2015,839 2060,836 2105,833 2150,830 2195,827 2239,827 2284,824 2329,818 2374,815 2419,815 2463,812 2508,809 2553,806 2598,806 2642,803 2687,803 2732,800 2777,797 2822,794 2866,791 2911,791"/>
                <TextEquiv>
                    <Unicode>ahnten beide nicht, dass ich da</Unicode>
                </TextEquiv>
            </TextLine>
            <TextLine id="tr_1_tl_3" custom="readingOrder {index:2;}">
                <Coords points="1434,1041 2852,967 2859,816 2611,866 1769,866 1638,921 1443,870"/>
                <Baseline points="1448,1015 1469,1012 1514,1009 1558,1009 1603,1012 1648,1009 1693,1006 1738,1000 1782,997 1827,997 1872,994 1917,991 1962,988 2006,988 2051,985 2096,982 2141,979 2186,979 2230,976 2275,976 2320,973 2365,970 2410,967 2454,964 2499,961 2544,958 2589,958 2634,958 2678,955 2723,952 2768,949 2813,949 2858,946"/>
                <TextEquiv>
                    <Unicode>war. Ich habe mitangehört, wie</Unicode>
                </TextEquiv>
            </TextLine>
            <TextLine id="tr_1_tl_4" custom="readingOrder {index:3;}">
                <Coords points="1445,1177 2784,1127 2793,989 1451,1052"/>
                <Baseline points="1457,1167 1490,1164 1535,1161 1579,1161 1624,1158 1669,1155 1714,1152 1759,1149 1803,1149 1848,1143 1893,1140 1938,1137 1982,1137 2027,1134 2072,1131 2117,1131 2162,1128 2206,1128 2251,1122 2296,1119 2341,1116 2386,1116 2430,1113 2475,1110 2520,1107 2565,1104 2610,1101 2654,1101 2699,1096 2744,1093 2789,1096"/>
                <TextEquiv>
                    <Unicode>sie ihn anflehte, mit ihr zu</Unicode>
                </TextEquiv>
            </TextLine>
            <TextLine id="tr_1_tl_5" custom="readingOrder {index:4;}">
                <Coords points="1443,1331 2164,1302 2315,1351 2644,1267 2912,1278 2918,1164 2695,1206 2506,1155 2353,1221 2151,1184 1932,1234 1625,1180 1449,1243"/>
                <Baseline points="1457,1314 1487,1317 1532,1314 1576,1311 1621,1308 1666,1308 1711,1305 1756,1302 1800,1302 1845,1299 1890,1296 1935,1293 1980,1290 2024,1287 2069,1284 2114,1281 2159,1278 2203,1275 2248,1275 2293,1272 2338,1272 2383,1269 2427,1266 2472,1263 2517,1260 2562,1257 2607,1254 2651,1251 2696,1251 2741,1245 2786,1242 2831,1239 2875,1236 2920,1233"/>
                <TextEquiv>
                    <Unicode>fliehen, ich habe angehört, wir</Unicode>
                </TextEquiv>
            </TextLine>
            <TextLine id="tr_1_tl_6" custom="readingOrder {index:5;}">
                <Coords points="1454,1484 1541,1528 1614,1482 1699,1511 1969,1445 2061,1482 2245,1434 2535,1443 2784,1401 2791,1311 2629,1362 2478,1311 2225,1368 1907,1342 1745,1410 1458,1392"/>
                <Baseline points="1466,1472 1490,1475 1535,1472 1579,1469 1624,1466 1669,1463 1714,1460 1759,1457 1803,1454 1848,1451 1893,1448 1938,1445 1982,1439 2027,1439 2072,1436 2117,1433 2162,1427 2206,1427 2251,1424 2296,1424 2341,1421 2386,1418 2430,1415 2475,1412 2520,1409 2565,1406 2610,1406 2654,1400 2699,1397 2744,1394 2789,1391"/>
                <TextEquiv>
                    <Unicode>durchs klirrende Fenster der</Unicode>
                </TextEquiv>
            </TextLine>
            <TextLine id="tr_1_tl_7" custom="readingOrder {index:6;}">
                <Coords points="1515,1616 1636,1651 2754,1559 2888,1609 2934,1596 2940,1476 2429,1515 2344,1473 1899,1511 1767,1471 1519,1524"/>
                <Baseline points="1526,1615 1552,1618 1597,1615 1642,1612 1687,1612 1732,1609 1776,1609 1821,1606 1866,1600 1911,1600 1956,1597 2000,1594 2045,1591 2090,1588 2135,1585 2180,1579 2224,1576 2269,1573 2314,1567 2359,1564 2404,1564 2448,1561 2493,1561 2538,1555 2583,1555 2628,1549 2672,1546 2717,1543 2762,1540 2807,1540 2852,1540 2896,1540 2941,1543"/>
                <TextEquiv>
                    <Unicode>Oberst ins Zimmer hereinsprang</Unicode>
                </TextEquiv>
            </TextLine>
            <TextLine id="tr_1_tl_8" custom="readingOrder {index:7;}">
                <Coords points="1276,1840 2618,1730 2760,1697 2765,1644 2269,1596 1840,1671 1666,1638 1287,1671"/>
                <Baseline points="1290,1788 1331,1788 1376,1785 1421,1785 1466,1782 1511,1779 1555,1776 1600,1776 1645,1773 1690,1770 1735,1764 1779,1761 1824,1759 1869,1756 1914,1753 1959,1750 2003,1747 2048,1744 2093,1741 2138,1735 2183,1729 2227,1726 2272,1723 2317,1720 2362,1720 2407,1720 2451,1717 2496,1714 2541,1708 2586,1705 2631,1699 2675,1696 2720,1690 2765,1687"/>
                <TextEquiv>
                    <Unicode>Der Adj: Und er tötete Beide -</Unicode>
                </TextEquiv>
            </TextLine>
            <TextLine id="tr_1_tl_9" custom="readingOrder {index:8;}">
                <Coords points="1245,1945 2929,1872 2936,1774 1925,1824 1783,1774 1682,1829 1254,1831"/>
                <Baseline points="1257,1944 1281,1944 1325,1941 1370,1941 1415,1938 1460,1935 1505,1932 1549,1932 1594,1926 1639,1923 1684,1923 1729,1917 1773,1911 1818,1908 1863,1905 1908,1902 1953,1899 1997,1896 2042,1893 2087,1890 2132,1887 2177,1884 2221,1878 2266,1878 2311,1872 2356,1872 2401,1869 2445,1866 2490,1863 2535,1860 2580,1854 2625,1854 2669,1851 2714,1845 2759,1845 2804,1845 2849,1839 2893,1836 2938,1836"/>
                <TextEquiv>
                    <Unicode>Marie: Seine Frau allein hat er ge-</Unicode>
                </TextEquiv>
            </TextLine>
            <TextLine id="tr_1_tl_10" custom="readingOrder {index:9;}">
                <Coords points="1491,2107 2421,2078 2607,2006 3037,1993 3041,1921 2719,1897 2535,1964 2293,1892 2000,1958 1502,1971"/>
                <Baseline points="1505,2081 1520,2084 1564,2081 1609,2078 1654,2072 1699,2072 1744,2072 1788,2069 1833,2066 1878,2066 1923,2060 1968,2054 2012,2051 2057,2048 2102,2045 2147,2039 2192,2033 2236,2030 2281,2027 2326,2027 2371,2021 2416,2021 2460,2015 2505,2012 2550,2009 2595,2006 2640,2003 2684,2000 2729,1997 2774,1994 2819,1994 2863,1988 2908,1985 2953,1982 2998,1980 3043,1980"/>
                <TextEquiv>
                    <Unicode>tötet, den Andern liess er leben.</Unicode>
                </TextEquiv>
            </TextLine>
            <TextLine id="tr_1_tl_11" custom="readingOrder {index:10;}">
                <Coords points="1305,2252 1736,2269 2524,2166 2618,2214 2835,2142 2912,2182 2936,2046 1313,2125"/>
                <Baseline points="1317,2248 1322,2248 1367,2245 1412,2242 1457,2239 1502,2239 1546,2236 1591,2233 1636,2230 1681,2227 1726,2224 1770,2221 1815,2218 1860,2215 1905,2212 1950,2206 1994,2206 2039,2200 2084,2195 2129,2189 2174,2189 2218,2186 2263,2183 2308,2180 2353,2177 2398,2171 2442,2168 2487,2165 2532,2165 2577,2159 2622,2156 2666,2153 2711,2150 2756,2144 2801,2141 2846,2141 2890,2141 2935,2141"/>
                <TextEquiv>
                    <Unicode>Der Adj: Auch der Andere ist tot.</Unicode>
                </TextEquiv>
            </TextLine>
            <TextLine id="tr_1_tl_12" custom="readingOrder {index:11;}">
                <Coords points="1276,2405 1607,2436 1780,2372 3032,2304 3039,2197 1283,2326"/>
                <Baseline points="1287,2404 1293,2407 1337,2401 1382,2398 1427,2395 1472,2392 1517,2389 1561,2386 1606,2386 1651,2380 1696,2377 1741,2374 1785,2371 1830,2368 1875,2365 1920,2362 1965,2362 2009,2359 2054,2353 2099,2347 2144,2344 2189,2341 2233,2335 2278,2332 2323,2329 2368,2326 2413,2323 2457,2320 2502,2317 2547,2314 2592,2311 2637,2308 2681,2305 2726,2302 2771,2299 2816,2293 2860,2290 2905,2284 2950,2281 2995,2278 3040,2275"/>
                <TextEquiv>
                    <Unicode>Marie: Am Morgen hat er sich erschos-</Unicode>
                </TextEquiv>
            </TextLine>
        </TextRegion>
        <TextRegion id="tr_2" custom="readingOrder {index:1;}">
            <Coords points="1314,2482 3076,2482 3076,3626 1314,3626"/>
            <TextLine id="tr_2_tl_1" custom="readingOrder {index:0;}">
                <Coords points="1526,2581 1557,2589 1585,2572 1607,2583 1638,2576 1653,2585 1671,2570 1690,2570 1747,2587 1752,2456 1725,2462 1671,2425 1579,2440 1533,2427"/>
                <Baseline points="1538,2544 1576,2538 1621,2538 1666,2535 1711,2535 1756,2532"/>
                <TextEquiv>
                    <Unicode>sen.</Unicode>
                </TextEquiv>
            </TextLine>
            <TextLine id="tr_2_tl_2" custom="readingOrder {index:1;}">
                <Coords points="1302,2723 1515,2745 1611,2699 1695,2745 2030,2660 2094,2697 2677,2611 2973,2631 2982,2519 2874,2469 2620,2519 2263,2486 1311,2611"/>
                <Baseline points="1314,2714 1325,2714 1370,2708 1415,2705 1460,2702 1505,2696 1549,2696 1594,2693 1639,2693 1684,2687 1729,2687 1773,2678 1818,2672 1863,2669 1908,2666 1953,2663 1997,2657 2042,2654 2087,2651 2132,2648 2177,2645 2221,2645 2266,2642 2311,2640 2356,2634 2401,2634 2445,2628 2490,2625 2535,2622 2580,2616 2625,2613 2669,2610 2714,2607 2759,2604 2804,2604 2849,2595 2893,2589 2938,2583 2983,2583"/>
                <TextEquiv>
                    <Unicode>Der Adj: Sie waren bei ihm bis zum</Unicode>
                </TextEquiv>
            </TextLine>
            <TextLine id="tr_2_tl_3" custom="readingOrder {index:2;}">
                <Coords points="1539,2846 1579,2861 1651,2848 1715,2885 1747,2879 1763,2892 1793,2870 1899,2861 1910,2727 1783,2717 1741,2741 1728,2730 1701,2743 1651,2732 1605,2747 1572,2732 1548,2741"/>
                <Baseline points="1552,2846 1591,2846 1636,2843 1681,2840 1726,2834 1770,2834 1815,2828 1860,2825 1905,2819"/>
                <TextEquiv>
                    <Unicode>Morgen?</Unicode>
                </TextEquiv>
            </TextLine>
            <TextLine id="tr_2_tl_4" custom="readingOrder {index:3;}">
                <Coords points="1318,3056 3008,2914 3041,2721 1329,2942"/>
                <Baseline points="1331,3025 1373,3022 1418,3016 1463,3013 1508,3007 1552,3004 1597,3004 1642,3001 1687,2995 1732,2992 1776,2989 1821,2983 1866,2977 1911,2974 1956,2968 2000,2965 2045,2962 2090,2959 2135,2956 2180,2950 2224,2950 2269,2944 2314,2941 2359,2938 2404,2932 2448,2929 2493,2926 2538,2923 2583,2917 2628,2914 2672,2908 2717,2902 2762,2899 2807,2893 2852,2890 2896,2884 2941,2881 2986,2875 3031,2872"/>
                <TextEquiv>
                    <Unicode>Marie: Ich war bei ihm bis zum Mor-</Unicode>
                </TextEquiv>
            </TextLine>
            <TextLine id="tr_2_tl_5" custom="readingOrder {index:4;}">
                <Coords points="1570,3190 1916,3129 2118,3170 2346,3089 2416,3122 2681,3061 3039,3072 3078,2925 2888,2892 2697,2962 1897,3012 1763,3061 1585,3026"/>
                <Baseline points="1585,3168 1597,3165 1642,3159 1687,3153 1732,3150 1776,3144 1821,3141 1866,3135 1911,3129 1956,3123 2000,3120 2045,3117 2090,3114 2135,3108 2180,3105 2224,3099 2269,3099 2314,3093 2359,3087 2404,3084 2448,3081 2493,3076 2538,3073 2583,3070 2628,3067 2672,3064 2717,3058 2762,3052 2807,3049 2852,3043 2896,3040 2941,3034 2986,3031 3031,3025 3076,3025"/>
                <TextEquiv>
                    <Unicode>gen. Dann hat er mich nach Hause</Unicode>
                </TextEquiv>
            </TextLine>
            <TextLine id="tr_2_tl_6" custom="readingOrder {index:5;}">
                <Coords points="1587,3328 1774,3346 2602,3221 2791,3254 2940,3199 2953,3072 1601,3197"/>
                <Baseline points="1600,3323 1603,3320 1648,3317 1693,3308 1738,3302 1782,3300 1827,3294 1872,3291 1917,3285 1962,3282 2006,3279 2051,3273 2096,3267 2141,3264 2186,3258 2230,3252 2275,3249 2320,3246 2365,3240 2410,3237 2454,3231 2499,3228 2544,3222 2589,3222 2634,3219 2678,3216 2723,3216 2768,3210 2813,3204 2858,3198 2902,3192 2947,3189"/>
                <TextEquiv>
                    <Unicode>geleitet. Durch den Gang, die</Unicode>
                </TextEquiv>
            </TextLine>
            <TextLine id="tr_2_tl_7" custom="readingOrder {index:6;}">
                <Coords points="1594,3508 2482,3387 2831,3390 3043,3344 3052,3243 2225,3260 2046,3326 1921,3298 1607,3352"/>
                <Baseline points="1609,3467 1615,3473 1660,3467 1705,3461 1750,3455 1794,3452 1839,3446 1884,3440 1929,3437 1974,3434 2018,3425 2063,3425 2108,3419 2153,3416 2198,3410 2242,3407 2287,3401 2332,3398 2377,3392 2421,3386 2466,3383 2511,3380 2556,3377 2601,3374 2645,3374 2690,3368 2735,3365 2780,3359 2825,3353 2869,3350 2914,3344 2959,3335 3004,3329 3051,3327"/>
                <TextEquiv>
                    <Unicode>Höfe und die Strassen, über die</Unicode>
                </TextEquiv>
            </TextLine>
            <TextLine id="tr_2_tl_8" custom="readingOrder {index:7;}">
                <Coords points="1601,3646 2002,3631 2265,3563 2337,3591 2519,3534 2681,3587 2986,3506 2993,3420 2809,3381 2666,3427 2394,3412 2153,3473 1616,3495"/>
                <Baseline points="1618,3616 1648,3616 1693,3613 1738,3613 1782,3610 1827,3610 1872,3604 1917,3601 1962,3592 2006,3586 2051,3583 2096,3580 2141,3574 2186,3568 2230,3565 2275,3562 2320,3556 2365,3550 2410,3547 2454,3541 2499,3538 2544,3532 2589,3529 2634,3529 2678,3526 2723,3518 2768,3512 2813,3506 2858,3500 2902,3497 2947,3491 2992,3491"/>
                <TextEquiv>
                    <Unicode>Treppe bis an die Tür. An der</Unicode>
                </TextEquiv>
            </TextLine>
        </TextRegion>
    </Page>
</PcGts>
