3496 4056
2774 336 2894 568 88
1433 692 3013 938 Tat bezahlen, nicht, weil sie ein
1445 838 2975 1104 Unrecht vor sich selbst oder dem
1454 976 3058 1235 Himmel begangen, sondern mir, weil
1472 1156 2948 1400 sie sich gegen ein menschliches
1487 1330 2632 1557 Gesetz vergangen hatten.
1255 1456 2925 1708 MARIE: So wollen Sie mir einen Vor
1510 1607 3079 1855 wurf daraus machen, dass ich mehr
1535 1794 2646 2006 Glück hatte als Anderet
1303 1893 3112 2184 DER ARZT: Hören Sie einen Vorwurf aus
1548 2132 2242 2330 meinen Worten?
1330 2229 3148 2488 MARIE: Wie immer Sie es nennen wollen:
1582 2382 3106 2623 ich merke wol, dass Sie sich von
1578 2533 3079 2801 mir abwenden, je länger Sie mit
1602 2671 3119 2939 mir sprechen, und mit einer ganz
1627 2858 3092 3094 fremd gewordenen Miene anhören,
1643 3040 2540 3254 was ich Ihnen sage.
1424 3167 2950 3426 DER ARZT: Was Ihnen Entfremdung
1670 3302 3135 3523 scheint, ist wol nichts Anderes
