3432 3960
2454 358 2643 496 220
1401 583 2813 757 Antlitz wie von der Qual unge-
1422 709 2843 913 stillter Wünsche verzerrt, und
1426 875 2799 1051 wenn ich Ihrer Stimme dachte,
1438 996 2772 1235 gellte sie mir wie die einer
1442 1146 2880 1373 Wahnsinnigen im Ohr. Hätt' ich
1450 1296 2920 1541 mich nicht geschämt, von Katha-
1462 1446 2995 1711 rinens Mutter ohne Abschied fort-
1468 1610 3005 1831 zugehen, ich wäre auch heute von
1474 1764 2876 2033 ferngeblieben. Ich konnte
1519 1827 1727 1912 hi er
1452 1920 3017 2144 nicht ahnen, dass ich Sie so wie-
1519 2072 2859 2308 derfinden würde: mit lichter
1523 2183 3100 2432 Stirn, kein fremder Glanz mehr in
1537 2363 2987 2598 Ihrem Blick... die selbe, ganz
1561 2531 2914 2794 die selbe, die ich vor einem
1577 2643 3106 2904 Jahr in diesem Garten zum ersten
1602 2914 2053 3078 male sah!
1375 2965 3017 3266 Marie: Ich kann mir wol erklären,
1600 3066 3151 3374 was Sie so täuscht, Herr Adjunkt.
1656 3244 3062 3534 Sie sehen den Widerschein des
1663 3394 3078 3677 Friedens von Tal und Himmel in
