3432 3976
2622 307 2784 463 207
1373 531 2857 779 Es braucht keiner stärkeren Mit-
1390 685 2886 937 tel, um Sie von mir zu befreien.
1498 843 2804 1088 Ich bin nicht feig gewesen,
1152 933 1460 1072 MARIE:
1388 994 2923 1257 Herr Adjunkt, ich habe meinen Va-
1418 1162 2966 1398 ter ermordet. Wenn Sie noch daran
1416 1287 2802 1558 zweifeln, in ein paar Minuten
1429 1466 2966 1691 kommt einer zurück, der Ihnen sa-
1445 1615 2839 1855 gen wird, dass ich nicht lüge.
1439 1775 2872 2007 Und von meinem toten Vater bin
1460 1886 2888 2148 ich in der selben Nacht zu dem
1453 2066 2935 2320 Manne geeilt, nach dem mich ver-
1476 2216 2855 2487 langte. Ich habe mich in sein
1486 2411 3060 2616 Zimmer geschlichen, eh' er da war.
1496 2562 2993 2782 Er kam mit der Frau des Obersts;
1507 2691 3058 2923 sie ahnten nicht, dass ich da var
1513 2860 2886 3091 Ich habe mitangehört, wie die
1517 3009 2993 3243 Frau den Offizier anflehte, mit
1531 3159 3058 3399 ihr zu fliehen; er hat wiedersten
