3448 3960
1179 601 2975 840 DER ADJUNHT: Und das hab‘ ich aus ihr
1412 829 1798 996 gemacht!
1200 902 2861 1155 DER ARZT: Siet... Nein. Machen Sie
1436 1090 2911 1289 sich keine Vorwürfe. Ein Mensch
1463 1233 2942 1447 ist nie das Schicksal irgend ei-
1436 1385 2928 1613 nes andern, er ist immer nur das
1456 1561 3024 1767 Mittel, dessen sich das Schicksal
1479 1682 3036 1925 bedient. Sie waren zur Hand - das
1503 1901 1972 2071 ist alles.
1258 2015 2888 2243 MARIE: kommt wieder heraus:
1503 2156 3062 2397 Tante lässt Sie sehr bitten, Herr
1510 2328 3024 2551 Doktor. Katharaina will nicht zu
1517 2453 2978 2714 Bett gehn; sie hat sich nur auf
1523 2625 2620 2861 den Divan hingestreckt.
1300 2821 2010 3018 DER ARZT: J:ab:
