3432 3976
2605 206 3006 433 109 6
1485 691 2849 878 Wollen Sie Zweifel in mir er
1132 703 1437 854 MARIE:
1377 814 2984 1038 wesken, ob ich tun durfte, was ich
1385 962 2905 1190 getan? Ich habe keine. Mein Herz
1371 1128 2930 1328 ist ruhig. Ich bin beinahe glück-
1385 1264 2917 1497 lich. Vor einer Stunde war ich'
1395 1421 2936 1655 gewiss.... vor einer Stunde, als
1397 1601 2984 1791 ich draussen auf meiner Wiese lag.
1393 1753 2761 1922 unter den Buchen, und atmete
1403 1882 2986 2086 nur atmete - durch die Zweige den
1403 2050 2835 2266 Himmel, den fernen Himmel sah.
1429 2234 2974 2407 Wär' ich in der Stadt geblieben
1427 2344 3000 2567 wer weiss, so läg' ich vielleicht
1423 2537 2905 2723 längst auf dem Strassenpflaster
1441 2667 2835 2839 oder säss' in Gefängnis - und
1433 2813 2930 3014 hielte mich selbst für eine Ver-
1445 2974 2925 3186 bresherin. Hab' ich Sie's nicht
1485 3126 2907 3338 selbst einmal sagen hören, dass
