3352 3912
2674 323 2810 479 202.
1168 551 1866 761 MARIE: Keine.
1455 730 2887 935 Kleine Pause. Sie sitzen Alle
1694 899 2367 1080 an dem Tisch:
1202 1035 2896 1231 DER ARZT: Es hat sich viel ereignet
1428 1190 2814 1369 in unserer kleinen und in der
1432 1337 3004 1536 grossen Welt seit dem Tag, da die
1446 1491 2966 1669 blauen Kürassiere vor Ihrem Fens-
1455 1665 2589 1848 ter vorübergezogen sind.
1224 1832 2862 1990 DER ADJUNKT: Ja, das ist wol wahr.
1457 1958 2896 2150 Nun ist ja schon der Friede ge-
1466 2135 2604 2308 schlossen, wie man hört.
1233 2297 1929 2453 DER ARZT: Ja.
1245 2437 3061 2631 DER ADJUNET: Und das Kürassierregiment
1470 2570 3056 2769 hat seinen Schwur, von dem Sie uns
1493 2731 3000 2939 damals erzählt haben, brav gehal-
1491 2918 1708 3108 ten.
1254 3027 2862 3225 MARIE: Ist keiner zurückgekommen?
1272 3214 2959 3381 DER ARET: Keiner. Acht Tage nachdem
