<?xml version="1.0" encoding="UTF-8" standalone="yes"?>
<PcGts xmlns="http://schema.primaresearch.org/PAGE/gts/pagecontent/2013-07-15" xmlns:xsi="http://www.w3.org/2001/XMLSchema-instance" xsi:schemaLocation="http://schema.primaresearch.org/PAGE/gts/pagecontent/2013-07-15 http://schema.primaresearch.org/PAGE/gts/pagecontent/2013-07-15/pagecontent.xsd">
    <Metadata>
        <Creator>prov=READ-COOP:name=TrHtr:version=2.1.0:model_id=51170:date=29_07_2023_10:58</Creator>
        <Created>2023-05-10T12:30:32.192+02:00</Created>
        <LastChange>2023-07-29T10:58:42.828+02:00</LastChange>
        <TranskribusMetadata docId="1428203" pageId="55404457" pageNr="219" tsid="131408444" status="IN_PROGRESS" userId="64420" imgUrl="https://files.transkribus.eu/Get?id=YLYBIFSVQWRNUMYYKKAJOEND&amp;fileType=view" xmlUrl="https://files.transkribus.eu/Get?id=JBHXJSHNQTPBEUYSPKNYVNZV" imageId="44679185"/>
    </Metadata>
    <Page imageFilename="1428203_0219.jpg" imageWidth="3320" imageHeight="3816">
        <ReadingOrder>
            <OrderedGroup id="ro_1711796119628" caption="Regions reading order">
                <RegionRefIndexed index="0" regionRef="tr_1"/>
                <RegionRefIndexed index="1" regionRef="tr_2"/>
            </OrderedGroup>
        </ReadingOrder>
        <TextRegion id="tr_1" custom="readingOrder {index:0;}">
            <Coords points="1367,320 2950,320 2950,2031 1367,2031"/>
            <TextLine id="tr_1_tl_1" custom="readingOrder {index:0;}">
                <Coords points="2608,438 2633,434 2651,446 2672,440 2682,448 2727,432 2766,452 2785,448 2789,278 2773,276 2742,294 2725,284 2690,298 2662,290 2625,311 2612,309"/>
                <Baseline points="2621,376 2657,373 2702,373 2747,373 2791,370"/>
                <TextEquiv>
                    <Unicode>190</Unicode>
                </TextEquiv>
            </TextLine>
            <TextLine id="tr_1_tl_2" custom="readingOrder {index:1;}">
                <Coords points="1357,701 2857,687 2861,512 2760,485 2507,537 2318,487 2178,561 1900,510 1358,584"/>
                <Baseline points="1367,636 1385,633 1430,633 1475,633 1519,630 1564,630 1609,627 1654,627 1698,627 1743,627 1788,627 1833,627 1878,627 1922,627 1967,624 2012,624 2057,621 2102,621 2146,618 2191,615 2236,615 2281,615 2326,612 2370,612 2415,612 2460,615 2505,615 2549,615 2594,615 2639,615 2684,612 2729,612 2773,609 2818,606 2863,600"/>
                <TextEquiv>
                    <Unicode>und atmete... nur atmette, durch</Unicode>
                </TextEquiv>
            </TextLine>
            <TextLine id="tr_1_tl_3" custom="readingOrder {index:2;}">
                <Coords points="1376,852 1592,860 1878,784 2065,845 2914,829 2915,703 2875,691 1380,714"/>
                <Baseline points="1388,788 1394,788 1439,785 1484,785 1528,782 1573,779 1618,779 1663,779 1707,779 1752,776 1797,776 1842,776 1887,779 1931,776 1976,776 2021,776 2066,773 2111,770 2155,770 2200,770 2245,767 2290,767 2334,770 2379,767 2424,767 2469,767 2514,764 2558,764 2603,767 2648,764 2693,761 2738,761 2782,758 2827,758 2872,758 2917,761"/>
                <TextEquiv>
                    <Unicode>die Zweige den Himmel... nur den</Unicode>
                </TextEquiv>
            </TextLine>
            <TextLine id="tr_1_tl_4" custom="readingOrder {index:3;}">
                <Coords points="1376,1014 1773,977 2139,1012 2569,952 2808,1010 2812,847 1378,862"/>
                <Baseline points="1388,937 1427,937 1472,934 1516,934 1561,934 1606,934 1651,931 1696,934 1740,931 1785,931 1830,928 1875,928 1919,925 1964,925 2009,925 2054,922 2099,922 2143,922 2188,919 2233,916 2278,919 2323,916 2367,916 2412,916 2457,916 2502,913 2546,916 2591,916 2636,913 2681,913 2726,910 2770,910 2815,910"/>
                <TextEquiv>
                    <Unicode>blauen Himmel sah - da war mir</Unicode>
                </TextEquiv>
            </TextLine>
            <TextLine id="tr_1_tl_5" custom="readingOrder {index:4;}">
                <Coords points="1382,1144 2795,1137 2768,998 1386,1014"/>
                <Baseline points="1394,1086 1412,1086 1457,1089 1501,1089 1546,1089 1591,1086 1636,1086 1681,1086 1725,1086 1770,1086 1815,1083 1860,1083 1905,1080 1949,1080 1994,1080 2039,1080 2084,1077 2128,1077 2173,1077 2218,1077 2263,1074 2308,1074 2352,1074 2397,1071 2442,1071 2487,1071 2532,1071 2576,1068 2621,1068 2666,1065 2711,1065 2756,1068 2800,1065"/>
                <TextEquiv>
                    <Unicode>wohl und nicht zum ersten Mal.</Unicode>
                </TextEquiv>
            </TextLine>
            <TextLine id="tr_1_tl_6" custom="readingOrder {index:5;}">
                <Coords points="1382,1322 1709,1286 2557,1318 2873,1267 2875,1142 2550,1142 2413,1189 2149,1144 1917,1189 1841,1150 1386,1156"/>
                <Baseline points="1394,1245 1400,1245 1445,1242 1489,1245 1534,1245 1579,1245 1624,1248 1669,1245 1713,1242 1758,1239 1803,1239 1848,1239 1893,1236 1937,1233 1982,1233 2027,1236 2072,1233 2117,1233 2161,1233 2206,1236 2251,1233 2296,1233 2340,1230 2385,1230 2430,1230 2475,1227 2520,1227 2564,1227 2609,1224 2654,1224 2699,1221 2744,1218 2788,1221 2833,1218 2878,1218"/>
                <TextEquiv>
                    <Unicode>Wär' ich in der Stadt geblieben</Unicode>
                </TextEquiv>
            </TextLine>
            <TextLine id="tr_1_tl_7" custom="readingOrder {index:6;}">
                <Coords points="1378,1487 2071,1442 2225,1487 2365,1430 2746,1466 2779,1322 2594,1292 2127,1294 1917,1343 1380,1322"/>
                <Baseline points="1388,1397 1394,1397 1439,1397 1484,1397 1528,1397 1573,1397 1618,1397 1663,1397 1707,1397 1752,1397 1797,1394 1842,1394 1887,1391 1931,1391 1976,1391 2021,1391 2066,1391 2111,1388 2155,1388 2200,1388 2245,1388 2290,1388 2334,1388 2379,1388 2424,1388 2469,1382 2514,1382 2558,1382 2603,1379 2648,1376 2693,1376 2738,1376 2782,1376"/>
                <TextEquiv>
                    <Unicode>wer weiss! - so läg' ich viel-</Unicode>
                </TextEquiv>
            </TextLine>
            <TextLine id="tr_1_tl_8" custom="readingOrder {index:7;}">
                <Coords points="1378,1608 1477,1643 1763,1592 1937,1633 2158,1590 2230,1633 2526,1639 2620,1596 2690,1633 2834,1592 2836,1473 1380,1489"/>
                <Baseline points="1391,1558 1406,1555 1451,1555 1495,1555 1540,1552 1585,1552 1630,1552 1675,1549 1719,1549 1764,1549 1809,1549 1854,1546 1899,1546 1943,1543 1988,1543 2033,1543 2078,1543 2122,1543 2167,1543 2212,1543 2257,1540 2302,1540 2346,1540 2391,1540 2436,1537 2481,1537 2526,1537 2570,1534 2615,1534 2660,1534 2705,1534 2750,1534 2794,1537 2839,1540"/>
                <TextEquiv>
                    <Unicode>leicht längst auf dem Pflaster,</Unicode>
                </TextEquiv>
            </TextLine>
            <TextLine id="tr_1_tl_9" custom="readingOrder {index:8;}">
                <Coords points="1384,1754 2943,1779 2945,1627 2884,1604 1386,1643"/>
                <Baseline points="1394,1707 1427,1710 1472,1707 1516,1707 1561,1707 1606,1707 1651,1704 1696,1701 1740,1701 1785,1701 1830,1704 1875,1704 1919,1701 1964,1698 2009,1698 2054,1698 2099,1696 2143,1696 2188,1698 2233,1696 2278,1696 2323,1696 2367,1696 2412,1696 2457,1693 2502,1693 2546,1690 2591,1690 2636,1690 2681,1690 2726,1690 2770,1690 2815,1687 2860,1687 2905,1687 2950,1681"/>
                <TextEquiv>
                    <Unicode>eder läge im Gefängnis und hielte</Unicode>
                </TextEquiv>
            </TextLine>
            <TextLine id="tr_1_tl_10" custom="readingOrder {index:9;}">
                <Coords points="1378,1938 2830,1913 2832,1779 1380,1802"/>
                <Baseline points="1391,1863 1403,1866 1448,1866 1492,1866 1537,1863 1582,1863 1627,1863 1672,1860 1716,1860 1761,1860 1806,1857 1851,1857 1896,1857 1940,1857 1985,1854 2030,1854 2075,1851 2120,1851 2164,1851 2209,1851 2254,1851 2299,1851 2343,1851 2388,1848 2433,1848 2478,1848 2523,1848 2567,1848 2612,1845 2657,1845 2702,1845 2747,1845 2791,1842 2836,1842"/>
                <TextEquiv>
                    <Unicode>mich selbst für eine Verbreche-</Unicode>
                </TextEquiv>
            </TextLine>
            <TextLine id="tr_1_tl_11" custom="readingOrder {index:10;}">
                <Coords points="1384,2096 1781,2065 1851,2098 1972,2055 2098,2106 2355,2020 2450,2071 2758,2077 2904,1999 2906,1911 2627,1960 2443,1917 1503,1970 1386,1935"/>
                <Baseline points="1397,2021 1430,2018 1475,2018 1519,2018 1564,2018 1609,2018 1654,2015 1698,2015 1743,2012 1788,2015 1833,2012 1878,2012 1922,2015 1967,2012 2012,2015 2057,2012 2102,2009 2146,2009 2191,2009 2236,2009 2281,2009 2326,2009 2370,2009 2415,2012 2460,2009 2505,2006 2549,2006 2594,2006 2639,2003 2684,2000 2729,2003 2773,2003 2818,2000 2863,1997 2908,2000"/>
                <TextEquiv>
                    <Unicode>rin. Hab' ich Sie's nicht selber</Unicode>
                </TextEquiv>
            </TextLine>
        </TextRegion>
        <TextRegion id="tr_2" custom="readingOrder {index:1;}">
            <Coords points="1394,2108 2923,2108 2923,3285 1394,3285"/>
            <TextLine id="tr_2_tl_1" custom="readingOrder {index:0;}">
                <Coords points="1390,2240 1670,2209 2462,2252 2791,2178 2915,2205 2917,2104 2153,2082 1977,2139 1392,2098"/>
                <Baseline points="1403,2179 1445,2179 1489,2179 1534,2176 1579,2176 1624,2176 1669,2173 1713,2170 1758,2170 1803,2170 1848,2170 1893,2173 1937,2173 1982,2170 2027,2170 2072,2170 2117,2170 2161,2167 2206,2167 2251,2164 2296,2164 2340,2164 2385,2164 2430,2164 2475,2164 2520,2161 2564,2161 2609,2161 2654,2161 2699,2161 2744,2158 2788,2158 2833,2158 2878,2158 2923,2161"/>
                <TextEquiv>
                    <Unicode>sagen hören, dass sich alles ver¬</Unicode>
                </TextEquiv>
            </TextLine>
            <TextLine id="tr_2_tl_2" custom="readingOrder {index:1;}">
                <Coords points="1395,2388 1617,2353 1742,2396 2022,2359 2291,2415 2419,2374 2698,2398 2822,2380 2824,2236 2711,2267 2191,2232 2106,2277 1958,2240 1728,2277 1397,2250"/>
                <Baseline points="1409,2332 1439,2332 1484,2329 1528,2329 1573,2332 1618,2332 1663,2329 1707,2329 1752,2329 1797,2329 1842,2326 1887,2329 1931,2326 1976,2323 2021,2323 2066,2323 2111,2323 2155,2323 2200,2320 2245,2320 2290,2320 2334,2320 2379,2317 2424,2317 2469,2317 2514,2317 2558,2317 2603,2317 2648,2314 2693,2314 2738,2314 2782,2314 2827,2311"/>
                <TextEquiv>
                    <Unicode>wirrt, wenn die Stimmen vieler</Unicode>
                </TextEquiv>
            </TextLine>
            <TextLine id="tr_2_tl_3" custom="readingOrder {index:2;}">
                <Coords points="1384,2555 1820,2528 1921,2575 1983,2524 2526,2553 2622,2511 2838,2548 2906,2536 2908,2402 2123,2384 1942,2437 1386,2404"/>
                <Baseline points="1394,2487 1433,2487 1478,2487 1522,2487 1567,2484 1612,2484 1657,2484 1701,2484 1746,2484 1791,2484 1836,2484 1881,2484 1925,2481 1970,2481 2015,2481 2060,2481 2105,2484 2149,2481 2194,2481 2239,2481 2284,2478 2329,2478 2373,2478 2418,2478 2463,2478 2508,2478 2552,2478 2597,2478 2642,2475 2687,2475 2732,2475 2776,2475 2821,2472 2866,2469 2911,2466"/>
                <TextEquiv>
                    <Unicode>Menschen um uns tönen, die nicht</Unicode>
                </TextEquiv>
            </TextLine>
            <TextLine id="tr_2_tl_4" custom="readingOrder {index:3;}">
                <Coords points="1399,2709 1808,2715 1917,2672 2349,2727 2540,2690 2791,2719 2832,2707 2834,2565 2454,2534 2330,2573 2197,2534 2014,2589 1401,2569"/>
                <Baseline points="1412,2642 1451,2639 1495,2639 1540,2639 1585,2639 1630,2639 1675,2639 1719,2639 1764,2639 1809,2639 1854,2642 1899,2639 1943,2642 1988,2642 2033,2639 2078,2639 2122,2636 2167,2633 2212,2633 2257,2633 2302,2630 2346,2633 2391,2633 2436,2630 2481,2630 2526,2630 2570,2633 2615,2630 2660,2627 2705,2627 2750,2630 2794,2627 2839,2627"/>
                <TextEquiv>
                    <Unicode>verstehen, was uns treibt, und</Unicode>
                </TextEquiv>
            </TextLine>
            <TextLine id="tr_2_tl_5" custom="readingOrder {index:4;}">
                <Coords points="1399,2865 2314,2797 2557,2851 2649,2818 2828,2886 2830,2721 2768,2703 2059,2731 1557,2694 1401,2734"/>
                <Baseline points="1412,2788 1454,2797 1498,2797 1543,2797 1588,2797 1633,2794 1678,2794 1722,2794 1767,2791 1812,2791 1857,2791 1902,2791 1946,2791 1991,2791 2036,2791 2081,2791 2125,2788 2170,2788 2215,2788 2260,2785 2305,2785 2349,2785 2394,2785 2439,2785 2484,2785 2529,2785 2573,2785 2618,2785 2663,2782 2708,2782 2753,2785 2797,2785 2833,2788"/>
                <TextEquiv>
                    <Unicode>wollen Sie mir nun selbst eine</Unicode>
                </TextEquiv>
            </TextLine>
            <TextLine id="tr_2_tl_6" custom="readingOrder {index:5;}">
                <Coords points="1401,3032 2840,3011 2840,2890 2585,2849 1645,2900 1479,2847 1401,2892"/>
                <Baseline points="1412,2953 1454,2953 1498,2953 1543,2953 1588,2953 1633,2953 1678,2950 1722,2947 1767,2947 1812,2947 1857,2947 1902,2944 1946,2944 1991,2944 2036,2944 2081,2944 2125,2944 2170,2944 2215,2944 2260,2944 2305,2944 2349,2944 2394,2944 2439,2941 2484,2941 2529,2944 2573,2944 2618,2941 2663,2938 2708,2941 2753,2941 2797,2944 2842,2944"/>
                <TextEquiv>
                    <Unicode>solche Stimme bedeuten? Wollen</Unicode>
                </TextEquiv>
            </TextLine>
            <TextLine id="tr_2_tl_7" custom="readingOrder {index:6;}">
                <Coords points="1399,3176 2756,3172 2799,3165 2801,3028 2404,3023 2353,3058 2300,3024 1839,3048 1744,3015 1575,3069 1401,3030"/>
                <Baseline points="1412,3108 1415,3108 1460,3111 1504,3111 1549,3111 1594,3111 1639,3111 1684,3111 1728,3111 1773,3111 1818,3108 1863,3108 1908,3108 1952,3108 1997,3108 2042,3105 2087,3102 2131,3102 2176,3102 2221,3099 2266,3099 2311,3099 2355,3099 2400,3096 2445,3096 2490,3096 2535,3096 2579,3096 2624,3096 2669,3096 2714,3096 2758,3096 2803,3096"/>
                <TextEquiv>
                    <Unicode>Sie, dass ich zu den Menschen</Unicode>
                </TextEquiv>
            </TextLine>
            <TextLine id="tr_2_tl_8" custom="readingOrder {index:7;}">
                <Coords points="1425,3316 1829,3314 2088,3369 2145,3334 2446,3349 2518,3394 2863,3316 2865,3196 2717,3161 2061,3205 2005,3170 1826,3207 1427,3180"/>
                <Baseline points="1436,3275 1478,3275 1522,3272 1567,3275 1612,3272 1657,3272 1701,3269 1746,3266 1791,3266 1836,3263 1881,3263 1925,3263 1970,3257 2015,3257 2060,3257 2105,3254 2149,3254 2194,3254 2239,3257 2284,3254 2329,3254 2373,3254 2418,3254 2463,3254 2508,3251 2552,3251 2597,3254 2642,3254 2687,3254 2732,3251 2776,3251 2821,3251 2866,3245"/>
                <TextEquiv>
                    <Unicode>gehe, um mich vom Widerhall der</Unicode>
                </TextEquiv>
            </TextLine>
        </TextRegion>
    </Page>
</PcGts>
