3480 3944
2646 295 2830 528 177
1270 535 2877 690 diesen Armen vom Fussboden in sein
1282 672 2863 844 Bett getragen, ich habe das leere
1298 799 3037 1004 Fläschchen mit mir genommen,- als die
1284 961 3042 1147 Leute kamen, fand man einen Menschen,
1305 1112 2955 1308 der in seinem Bett verschieden war.
1315 1284 2832 1475 Er war neunundsiebzig Jahre, war
1362 1395 2851 1621 krank, er starb, wie andre alte
1324 1562 2990 1774 kranke Leute sterben, Niemand ahnt,
1352 1699 3037 1925 wie er gestorben ist. Sie sind voll-
1357 1854 3127 2071 kommen frei, können hingehn, wohin Sie
1369 2015 3139 2215 wollen, Sie können hier bleiben... wie
1395 2189 3002 2394 jeder Schuldlose können Sie leben.
1249 2302 3143 2594 Marie: Ich bin - - ich darf - - Und all
1407 2448 3148 2688 das - - alles das... der Himmel...der
1426 2620 3169 2835 Wald.... die Wiesen... die Luft...das
1433 2773 2893 3009 Licht... alles wieder mein -?!
1296 2908 3195 3143 Arzt: Alles gehört Ihnen, es ist alles,
1470 3157 1996 3282 wie es war.
1343 3233 2752 3459 Marie: Alles ist, wie es war.
1369 3348 3172 3584 Arzt! Wenn Sie selbst sich anzeigten,
