3368 3928
2738 434 2954 610 164
1400 657 2974 837 uns halt Beiden so allerlei durch
1412 858 2290 1018 den Kopf gefahren.
1180 1006 2960 1153 DIE TANTE: Aber was soll denn der Ad-
1416 1155 2936 1317 junkt bei der ganzen Geschichte?
1184 1290 2861 1488 DIE NACHBARIN: Also aufrichtig: ob
1425 1459 2965 1607 sie sich nicht doch wegen dem Ad-
1423 1621 2564 1776 junkten was angetan hat?
1189 1787 2947 1916 DIE TANTE: Aber was fällt Ihnen denn
1425 1920 3037 2071 ein! Das ist ja längst vorbei! Und
1299 2087 3035 2267 es war ja nie etwas... Meine Kathrin
1432 2226 2999 2386 war ja damals noch ein Kind... var
1430 2373 2983 2553 ja nie im Ernst die Red' von was!
1202 2542 3014 2715 DIE NACHBARIN: Na ja, das ist es oben'
1425 2711 2888 2852 Und dass grad die nächsten Ver-
1448 2837 3001 3010 wandten sowas nicht bemerken, das
1439 2985 2974 3192 ist eine alte Geschicht' - - Und
1439 3147 2960 3307 grad so ein Kind, wie Sie sagen,
1443 3287 2972 3487 war doch die selige - - Aber was
