3400 3928
1499 525 2897 753 jung ist, soll man sich nicht
1521 686 3054 890 schwarz kleiden, auch wenn Vater,
1494 860 2873 1037 Mutter und Bräutigam sterben.
1529 1002 2940 1184 Wenn man sich nicht selber ins
1505 1170 2979 1348 Grab legt, ist doch alle Trauer
1503 1315 2930 1482 nr Lüge.... Ach Marie, varum
1521 1470 3052 1635 kannst du nicht so fröhlich sein
1525 1621 2930 1809 wie ich! Gieb Acht, gieb Acht,
1511 1784 2948 1950 dass es nicht zu spät wird!...
1523 1933 3069 2150 Sieh, ich könnt’ mir’s nicht ver-
1531 2115 2848 2254 zeihen, wenn ich hier länge xxx
1543 2211 3095 2442 blieb’ als eine Stunde... :zieht
1543 2389 3050 2622 Marie zu sieh: Es wartet einer
1550 2560 2934 2720 auf mich - sie dürfen'a nicht
1550 2701 3048 2854 wissen, Marie. Biner mit dunkel-
1597 2817 3124 3022 rotem Hund und zornigen Augen und
1584 2995 3160 3191 einer leuchtenden Stirn... Und ein
1613 3181 2638 3348 Andrer hat mich im Wage.
