3464 3976
1474 651 1937 859 wonnen...
1268 738 2959 1017 DER ARZT: Darauf kommt es wol nicht
1487 903 2938 1154 an. - Es ist doch ein soltsamer
1480 1049 3037 1295 Geist, der in dieser Art von Men-
1501 1259 2216 1454 schen wirkt....
1268 1364 3070 1619 DER ADJUNKT: All die Helden, die dort
1505 1518 2905 1749 gefallen sind, erscheinen mir
1516 1711 2990 1912 nicht so bewundernswert als der
1527 1834 3077 2086 junge Lautnant, der als Einziger,
1539 2001 3113 2214 wie man sagt, gegen seinen Willen
1559 2151 3028 2364 dem Gemetzel entging - und sich
1550 2306 3019 2507 dam, abends nach der Schlacht,
1568 2440 3066 2686 in einer Scheune erschossen hat.
1340 2605 3122 2827 DER ARET: Ja. Ioh las davon. Albrecht
1579 2760 3142 3003 von Holzwarth... so ist sein Name.
1588 2889 3155 3142 Er ist vielleicht der Einzige von
1601 3059 3113 3283 Allen, dessen Name bleiben wird.
1603 3200 3162 3446 weil er nicht nur ein Held sondern
