3480 4024
2683 430 2868 585 163
1448 626 3149 867 bergers... daß sie ein Waurges¬
2247 790 2395 896 a
1213 801 2911 1045 DIE NACHBARIN: Ja, ich weiss nicht,
1463 1033 2641 1195 ob ich das so sagen darf.
1229 1137 2814 1380 DIE TANT: Warum dürfen Sie denn
1468 1265 2900 1472 nichts Sie haben schon so viel
1495 1459 2994 1664 dürfen, und jetzt auf einmal —
1258 1592 3071 1812 WALPURGA: Die Mutter meint halt wegen
1499 1794 2584 1947 den Herrn Adjunkten...
1261 1916 3064 2121 DIE TANTE: Wieso wegen dem Adjunkten?
1276 2044 3032 2276 DIE NACHBARIN: ihrer Tochter Schwei¬
1515 2226 3048 2479 gen zuwinkend: Also, es ist ja
1520 2380 3071 2557 nir so eine Idee. Wie die Walpur-
1531 2517 3017 2715 ga heut Früh zum Fenster hinaus-
2769 2656 3039 2771 meyn,
1553 2688 3048 2895 schaut, fährt grad der Holzhofer
1556 2839 3062 3037 vorbei mit seinem Wagerl, wo das
1560 2985 3084 3186 Gepäck vom Herrn Adjunkten drauf
1574 3163 3136 3339 ist, weil er doch nach Steiermark
1576 3291 3145 3503 ist versetzt worden, - und da ist
