3432 4088
1079 437 2926 707 : Müssen es Worte sein? Sprichst du denn
1152 608 3006 831 jetzt was? - Tagelang sitzt du neben mir
1162 739 2948 979 und sprichst nur, wenn ich dich frage.
1147 919 2952 1152 Aber deine Blicke, und wenn du dich se
1169 1057 3008 1312 fortschleichst zum Fenster, während ich
1176 1210 2819 1392 einschlafe... Meinst du, ich weiss
1169 1332 3062 1541 nicht... ich weiss nicht - 7... Aber ver
1198 1487 3069 1711 dir liegt noch ein Leben... ein leben! -
1222 1660 3166 1878 Wie alt best du?... Nun, wie alt bist m?
1089 1842 2262 2019 M: Sechsundzwanzig Jahre,
1098 1949 3057 2165 V: Sechsundzwanzig!... Zeit genug... Zeit
1256 2090 3084 2377 genug!... Nein, ich kann dich nicht be-
418 2189 885 2411 mit zu alten.
1254 2260 3057 2542 dauern... Sechsundzwanzig) - - und ge-
1232 2391 3108 2668 sund - schön sezusagen - und ein Frauen-
1273 2520 3212 2790 zimmer. Nichts für dich verleren! Nur Ge
1285 2668 3232 2967 duld! Es dauert nimmer so lang. Auch vann
1315 2858 3147 3130 ich neunzig werde, dann bist du sieben-
1319 2982 3195 3232 unddreissig - auch noch jung - noch jum
1341 3115 3147 3407 genug!... auch wenn ich neunzig werde!
333 3254 1115 3421 Mornerit as t wift
1341 3285 3101 3562 Nun!... vas meint der Dekter?... was
347 3370 1103 3543 einigen? Zünden!
369 3470 894 3645 dir zum dort.)
1332 3536 1696 3662 meint et
