3384 3896
2745 323 2931 506 215
1505 558 2883 772 jung ist, soll man sich nicht
1493 746 3042 905 schwarz kleiden, auch wenn Vater,
1487 903 2871 1039 Mutter und Bräutigam sterben.
1493 1075 2923 1224 Wenn man sich nicht selber ins
1495 1202 2975 1366 Grab legt, ist doch alle Trauer
1489 1356 2923 1507 nur Liige.... Ach Marie, warum
1495 1505 3019 1663 kannst du nicht so fröhlich sein
1501 1667 2909 1836 wie ich! Gieb Acht, gieb Acht,
1495 1832 2915 2000 dass es nicht zu spät wird!...
1501 1964 3046 2159 Sieh, ich könnt’ mir’s nicht ver-
1489 2197 2839 2309 zeihen, wenn ich hier länge r
1499 2289 3058 2468 blieb' als eine Stunde... :zieht
1493 2484 3019 2670 Marie zu sich: Es wartet einer
1499 2622 2897 2801 auf mich - sie dürfen’s nicht
1507 2789 2987 2921 wissen, Marie. Einer mit dunkel-
1501 2893 3080 3044 rotem Mund und zornigen Augen und
1513 3046 3116 3234 einer leuchtenden Stirn... Und ein
1501 3196 2959 3391 Andrer hat mich im Wagen herge-
