3416 4024
2641 422 2805 564 1 73
1283 556 2810 757 Arzt, Tante. - Marie, totenlass,
1442 690 2743 911 durch die Türe vom Haus aus
1899 909 2262 1060 herein.
1169 1008 3106 1246 Tante: Jesus Maria und Josef! die Marie!
1323 1187 2237 1388 Wo ist die Kathrin?
1174 1298 3175 1557 Marie:?ganz wirr: Katharin? ich weiss
1323 1435 2914 1671 nicht. Ich hab' sie nicht gesehn.
1241 1636 3108 1835 Tante: Bist du nicht mit ihr fortgelau-
1350 1728 3016 1981 fen? hast du sie nicht mitgenommen?
1221 1929 2798 2147 Marie: Ich die Kathrin?... Nein.
1266 2093 2711 2291 Tante: Weisst du, wo sie ist?
1229 2222 3148 2463 Marie: Ich weiss nicht, wo die Katharin
1385 2435 1609 2617 ist.
1259 2460 3128 2766 Tante: Kannst du mir schwören, dass du
1410 2691 2631 2892 nicht weisst, wo sie ist?
1331 2803 3091 3039 Marie: Ich schwör“, dass ich’s nicht
1432 2964 3222 3178 weiss. - Hab' doch keine Angst, Tante.
1445 3101 3220 3314 Es hat mich niemand gesehn. Hab' keine
1445 3252 3081 3503 Kingst, ich bleib' ja nicht da. Nur
