3416 3944
1439 553 2925 753 besuchte den Wirt, die Valpurgs
1433 702 2972 907 und den Pfarrer, und über's Feld
1429 848 2964 1047 und auch auf die Wiese ging' ich
1447 1006 3004 1211 - weisst du, Marie, wo ich einmal
1447 1174 3037 1356 geweint hab', weil dir jemand sei¬
1455 1338 2889 1516 nen Mantel unterbreitete...? -
1460 1490 2919 1682 Aber dazu ist heute nicht Zeit,
1466 1642 3049 1840 das lass' ich auf ein andermal...
1472 1802 2968 1980 Wenn die Mutter nur bald da ist!
1494 1968 2958 2122 ... Wisst ihr, sie soll mir nur
1484 2097 2929 2310 einen Kuss auf die Stirn geben,
1490 2269 2974 2431 dann will ich wieder fort... D
1500 2397 2949 2611 bist schön worden, Marie!... Da
1518 2555 2883 2741 trägst immer noch Schwarz? Das
1512 2727 3039 2903 sollst du nicht... Sieh, ich gehe
1494 2856 2848 3051 immer ganz weiss - und manche
1494 2990 2844 3215 hab' ich rote Schleifen im He###
1516 3200 2101 3411 und manchmal
