3384 4056
2812 356 2985 529 29
1161 491 2934 710 den Wald. Sie fragten mich nach aller-
1178 659 2962 845 lei.; ich musste Ihnen Namen von Busch
1150 817 3006 1021 und Blüten nennen. Dann ruhten wir alle
1155 962 3034 1191 Drei auf der Heuwiese aus. Sie lagen auf
1173 1138 2978 1344 meinem Mantel, die Arme so verkreuzt,
1191 1255 3046 1489 und sahen ins tiefe Blaue. Es war eine
1206 1407 3041 1621 himmlische Stille. Wissen Sie noch, was
1211 1563 3067 1771 Sie auf dem Rückweg zu mir sagten, wäh-
1199 1685 3001 1937 ren Katharina mit den zwei Hunden ver-
1245 1914 1654 2077 auslief?
1105 1980 3158 2245 M: Ich weiss noch, was ich sagte. Ich sagte,
1270 2130 2942 2395 dassieh gern mein Lebenlang auf dem
1270 2288 3212 2535 Land wohnen wollte,- am liebsten in einem
1311 2471 3143 2670 Fersthaus, den Wald im Rücken und einen
1328 2644 2115 2835 Wesenhang davor.
1199 2774 3135 3031 A: Ja, das sagten Sie. Und ganz Aehnlichen
1341 2932 3095 3125 sagten Sie eines Abends, als wir Beide
1341 3074 3095 3281 auf der Bank sassen ver der Türe...
1362 3212 3181 3428 selbe Abend war's, an dem ich Ihre bei-
1433 3370 2947 3583 den Hände küsste. Wir sassen an die
2896 3558 2988 3660 10
1616 3527 2189 3741 bis Mittern
