3400 3960
2719 440 2922 614 163
1429 675 3009 894 red' ich denn dal... So ein Kind
1436 853 3020 1031 war doch die Kathrin auch im vori-
1434 1012 3045 1196 gen Jahr nimmer, bevor die Fräul'n
1412 1141 3017 1359 Marie mit ihrem kranken Vater zum
1408 1292 3028 1508 Landaufenthalt ist herausgekommen
1476 1474 2979 1626 ... Und weil der Herr Adjunkt in
1455 1601 3022 1796 der letzten Zeit so sonderbar vor-
1440 1785 2979 1974 den ist, und man sieht ihn nicht
1457 1921 3051 2082 einmal mehr im Wirtshaus - hat ge¬
1459 2075 2990 2261 tern der Herr Oberlehrer gesagt -
1442 2223 3022 2401 und aich, dass er sich so hat ver-
1455 2372 3049 2562 setzen lassen, nach Steiermark...
1457 2530 2975 2702 da hab' ich mir gedacht, und die
1463 2691 3058 2871 Walparga auch, ob nicht vielleicht
1461 2823 2950 3026 das schlechte Gewissen, weil er
1465 2977 3022 3187 die Kathrin hat sitzen lassen -
1203 3130 2903 3350 DIE TANTE: Er hat sie nicht sitzen
1465 3288 3000 3468 lassen, was fällt Ihnen denn ein
