3416 4056
2687 566 2871 774 171
1448 751 2972 1034 Gar viel, aber nicht alle halten
1445 994 2831 1198 ihr Wort - es wird ihr sicher
1448 1156 2846 1348 leid tun, dass sie Sie warten
1456 1269 2917 1496 lässt. Wenn man denkt, dass Sie
1467 1439 2995 1655 extra aus der Stadt herauskommen
1242 1576 3025 1812 Der Arzt: Nein, ich komm ja nicht nur
1485 1722 3003 1960 zu Ihnen und der Marie; ich hol
1496 1876 3006 2111 den Adjunkten ab. Wir wollen zu-
1505 2018 3050 2272 sammen eine Fusswanderung machen.
1509 2164 2999 2420 Ich begleit ihn vielleicht bis
1512 2367 2519 2581 in sein neues Revier.
1275 2497 3017 2740 Die Tante: So, so... Vom Adjunkten
1549 2632 2999 2891 sehen und hören wir nichts. In
1562 2782 3098 3030 der ganzen Zeit hab' ich ihn zwei
1567 2937 2944 3165 Mal gesprochen: einmal ist er
1585 3101 3034 3326 spät abends da vorübergegangen,
1589 3249 3129 3494 aber er ist nicht hereingekommen.
1596 3361 3003 3640 Ich kann mir das gar nicht er-
1618 3529 3163 3766 klären. Vielleicht hat's zwischen
