3528 4040
1463 564 2844 871 Ich hab' mitangehört, wie dies
1461 786 2919 1011 Frau den Offizier anflehte, mit
1454 939 3002 1210 ihr zu fliehen... Der Oberst fand
1474 1160 1950 1339 sie beide.
1278 1230 3039 1513 DER ADJUMET: Und tötete... beide - 1
1282 1395 3032 1637 MARIE: Nein. Seine Gattin tötete er.
1483 1567 2716 1799 Den Andern liess er leben.
1307 1725 3057 1946 DER ADJUNET: Und der Andere -? Auch
1510 1910 2059 2097 er ist tot.
1312 1991 3118 2251 MARIE: Auch er ist tot. Am Morgen hat
1578 2194 2490 2393 er sich erschossen.
1377 2300 3181 2565 DER ADJUNHT: Sie waren bei ihm bis zum
1578 2537 2093 2711 Morgen —?
1352 2625 3174 2887 MARIE: Ich war bei ihm bis zum Morgen
1379 2795 3014 3045 DER ADJUNET: Und verliessen ihn...
1382 2921 3122 3170 MARIE: Er hat mich geleitet... durch
1616 3054 3160 3330 den Gang, die Höfe, über die Trepe
1625 3269 3176 3470 pe meines Hauses... bis... an die
