3416 4088
1148 412 2865 670 M: Kaum jede Weshe einmal... Aber ich
1236 591 2977 809 dachte nicht an ihn - wahrhaftig. Ich
1234 743 2977 1023 antwerte ihm doch nicht einmal... oder
1285 932 1560 1121 elten.
1096 993 2879 1261 V: Seid ihr nicht verlobt im Geheimen?
1084 1231 1876 1432 M: Nein, Vater.
422 1302 1008 1445 Kampficeen
1106 1310 3075 1572 V: Aber eines Tages wirst du auf und davon
437 1422 809 1538 schweren
454 1525 679 1653 de...
1246 1503 3004 1749 sein - du mit ihm! und lässt mich
407 1604 1050 1827 nicht verlobt – etc
1236 1636 2963 1871 hier allein verderben - sterben! Weh
1248 1795 3132 2045 über dich, wenn du's tust!... Lachst duf
1109 1942 2941 2202 M: Du schst doch, dass ich nicht lache,
1136 2104 2970 2298 V: Du lachst nicht, du redest nicht und
1263 2283 2921 2470 verhöhnst mich nur in deiner Seele.
1263 2413 3080 2619 Denkst: wenn er hier liegt, ohne sich
1288 2533 3117 2793 rühren zu können, was kann sein Fluehen
1275 2688 2982 2926 mir schaden? - Aber bilde dir nichts
1297 2808 3107 3080 ein, ich lasse dich nicht fert! Wir werd
1302 3034 2276 3235 den nicht zur Tante!
1158 3127 3115 3399 M: Wir können ja anderswehin, ve die Luft
1339 3348 1910 3537 gut ist.
1207 3429 3122 3666 V: Ich will nicht! Ich geh nicht fort von
1366 3524 3183 3772 Ma! Ich lass' mich die Treppe nicht hin
