3416 3976
1421 665 2045 865 ser Sie sind.
2644 772 3004 952 notwen¬
1175 795 2530 1013 MARIE: Und glauben Sie, es
1433 934 3036 1155 dig, mich daran zu mahnen? Glauben
1426 1086 2904 1296 Sie, ich wäre die Frau,. diesem
1435 1255 2856 1467 Menschen zu verschweigen - wer
1435 1428 1852 1631 ich bin?
1225 1562 3059 1767 DER ARZT: Mit Wissen und Willen werden
1471 1697 2972 1906 Sie's nicht tun.- Aber etwas An-
1469 1833 3052 2061 deres wäre möglich: dass Sie sich
1476 2004 3036 2250 selber es zu gestehen schauten...
1487 2184 2867 2373 wenn Ihnen jemand... wenn Sie
1519 2323 3061 2530 einem etwas zu bedeuten anfingen.
1262 2498 2605 2685 MARIE: Warum sollt' ich das-
1278 2574 3056 2858 DER ARZT: Um weiter schweigen zu dür-
1510 2824 1749 2997 fen.-
1294 2945 3081 3132 MARIE: Ich weiss, was ich auf mich ge¬
1528 3084 3088 3311 nommen habe. Ich weiss, dass Ein
1624 3243 3025 3460 amkeit mein Los sein muss. Ich
