3368 3944
2663 456 2834 612 189
1496 681 2928 846 lang in diesem stillen weissen
1492 842 2885 1004 Hause wohnen, nicht jeden Tag
1500 955 2988 1169 unter den Buchen liegen, in den
1514 1160 2789 1296 Himmel schauen und träumen.
1280 1258 3068 1458 Marie: Und wenn ich einmal aus diesen
1516 1420 2985 1632 Träumen erwachte, was hätt' ich
1523 1605 2106 1783 dann zu tun.
1289 1728 3046 1959 Der Arzt: Die Verantwortung zu über-
1532 1915 1890 2093 nehmen.
1298 2017 2961 2257 Marie: Den Gerichten mich stellen?
1313 2193 3083 2384 Der Arzt: Nein. Nicht eine Strafe er-
1561 2309 3037 2547 leiden, die niemandem nützt, fli
1605 2462 2941 2692 eine Schuld, die Ihnen keine
1563 2627 3121 2818 war, - nicht vor fremden Menschen
1572 2794 3043 2997 Rechenschaft ablegen, denen für
1572 2954 3014 3164 Millionen Taten doch immer nur
1601 3088 3025 3284 ein Wort und eine Sühne gelten
1601 3239 3083 3444 muss,- nicht den Gerichten sich
1563 3364 3132 3602 stellung einem Richter nur, ver ein
