3464 3976
2590 394 2772 599 223
1334 652 2918 814 Nicht verhaucht, meine Wünsche...
1387 779 2964 1008 ... erfüllt! Ich habe meinen Vater
1369 1004 1918 1129 umgebracht.
1151 1127 2347 1315 Der Adj: ::weicht zurück:
1153 1251 2916 1437 Marie: Nicht an seiner Krankheit ist
1404 1409 2870 1588 er gestorben: er starb an Gift,
1411 1551 2951 1746 das ich ihm gegeben. Wenn Sie da
1420 1682 2953 1881 an zweifeln, da drin am Tisch zu
1415 1855 2947 2039 Katharinens Häupten sitzt einer,
1442 2004 2958 2194 der es weiss und dem Sie glauben
1461 2120 2975 2332 werden. - Und von der Leiche mei-
1450 2290 2905 2507 nes Vaters bin ich zu dem Mann
1477 2441 3023 2717 gegangen, nach dem ich mich sehn-
1488 2636 2772 2826 te. Sie wissen, wer es war.
1278 2730 3047 2979 Der Adj: Der Leutnant von den blauen
1503 2962 2218 3128 Kürassieren - 7
1297 3067 2997 3270 Marie: Ja. Er wartete meiner nicht.
1547 3185 3030 3415 Ich habe mich in sein Zimmer ge¬
1566 3342 3093 3568 schlichen. Er kam mit einer Frau,
1590 3489 3089 3743 mit der Frau seines Obersts. Sie
