3496 4136
1108 431 3129 715 M: Sie sehen, wie sich alles verändert hat.
1261 602 3064 888 Es wird vielleicht noch schlimmer wer-
1281 750 3127 1000 den. Mein Vater ist sehr krank - er ist
1279 965 2129 1168 beinah achtzig -
1158 1008 3132 1357 A: Ich habe nicht von Ihnen verlangt, dass
1301 1201 2793 1499 Sie ihn heute verlassen sollen.
1184 1357 3190 1650 M: Es ist möglich, dass er noch viele Jahre
1316 1572 2234 1808 lang krank bleibt.
1209 1627 3187 1973 A: Vielleicht. - Und Sie wollen alle diese
1352 1921 1848 2101 Jàro — —
1236 2009 2370 2219 M: Was bleibt mir übrig?
1259 2084 3124 2402 A: Sie leben ja wie eine Gefangene! Ihre
1402 2292 3200 2538 Wangen werden blas - seltsam leuchten
1409 2410 3205 2670 Ihre Augen - - Sie werden selbst krank
1434 2528 3260 2831 werden! Sie hörten, was der Arzt sagte.
1304 2753 2502 2996 M: Warum quälen Sie micht
1316 2856 3217 3134 A: Ich kann es nicht mitansehn!... Nein,
1462 2984 3295 3235 ich drücke mich falsch aus. Könnte ich
1469 3154 3242 3408 mitansehn, dürfte ich hierbleiben, so
1487 3317 3335 3546 wäre es nicht mehr so schlimm. Ja, mehr
1494 3450 3335 3691 als das: ich traue mir die Kraft zu, in
1537 3626 3290 3839 dem alten Mann alles aufzuwecken, was
