3464 4072
2715 538 2903 690 176
1416 785 2959 993 sie aif und davon.... auf und da-
1439 932 2480 1165 von. Sie hält inne:
1419 1149 2163 1328 ARZT: I: verlegen
1204 1163 1378 1328 DER
1274 1265 2914 1484 DIE TANTE:
1477 1382 3050 1647 da, das war der letzte Abend. Ab
1473 1566 3041 1790 da hat’s noch gar nicht ausgesehn,
1468 1715 3041 1946 als ging' es so bald zu Ende. Bös
1484 1876 2975 2084 war er damals! O du meine Selig-
1496 2048 3070 2238 keit, nur dass er nicht über mich
1489 2156 3093 2401 hertgefallen ist! Und am Morgen ist
1514 2373 2367 2566 er nimmer erwacht.
1276 2486 3097 2740 DER ARZT: Ja, es war ein leichter Tod,
1520 2638 3088 2853 soweit wir das beurteilen können.-
1679 2785 1894 2891 Auf
1525 2828 3127 3020 Schön ist's da bei Ihnen. Die Luft
1550 2934 3120 3181 tut mir wohl... Und wie hübsch ge-
634 2982 1353 3174 votre très jou un
486 3057 1475 3285 man vier st Stadt Knidt
1543 3091 3088 3344 pflegt der Garten! Und die präch-
1554 3260 3147 3509 tigen Rosen! Dass die so spät noch
1561 3482 2020 3613 blühen?...
