<?xml version="1.0" encoding="UTF-8" standalone="yes"?>
<PcGts xmlns="http://schema.primaresearch.org/PAGE/gts/pagecontent/2013-07-15" xmlns:xsi="http://www.w3.org/2001/XMLSchema-instance" xsi:schemaLocation="http://schema.primaresearch.org/PAGE/gts/pagecontent/2013-07-15 http://schema.primaresearch.org/PAGE/gts/pagecontent/2013-07-15/pagecontent.xsd">
    <Metadata>
        <Creator>prov=READ-COOP:name=TrHtr:version=2.1.0:model_id=51170:date=29_07_2023_10:57</Creator>
        <Created>2023-05-10T12:29:58.026+02:00</Created>
        <LastChange>2023-07-29T10:57:46.971+02:00</LastChange>
        <TranskribusMetadata docId="1428203" pageId="55403122" pageNr="10" tsid="131408183" status="IN_PROGRESS" userId="64420" imgUrl="https://files.transkribus.eu/Get?id=VFFDKMVWBHWPATUFRMKHZGDV&amp;fileType=view" xmlUrl="https://files.transkribus.eu/Get?id=PJQAUSKMMGAMAUNNETOWOMSS" imageId="44677943"/>
    </Metadata>
    <Page imageFilename="1428203_0010.jpg" imageWidth="3432" imageHeight="4120">
        <ReadingOrder>
            <OrderedGroup id="ro_1711795947769" caption="Regions reading order">
                <RegionRefIndexed index="0" regionRef="tr_1"/>
                <RegionRefIndexed index="1" regionRef="tr_2"/>
            </OrderedGroup>
        </ReadingOrder>
        <TextRegion id="tr_1" custom="readingOrder {index:0;}">
            <Coords points="1128,463 3137,463 3137,2467 1128,2467"/>
            <TextLine id="tr_1_tl_1" custom="readingOrder {index:0;}">
                <Coords points="1112,667 1230,703 1328,648 1781,670 2822,580 2855,454 1406,570 1123,537"/>
                <Baseline points="1128,659 1152,653 1197,650 1241,647 1286,644 1331,644 1376,641 1421,635 1465,629 1510,629 1555,626 1600,620 1645,618 1689,615 1734,612 1779,606 1824,603 1868,600 1913,597 1958,591 2003,588 2048,585 2092,582 2137,579 2182,576 2227,570 2271,561 2316,558 2361,555 2406,555 2451,549 2495,546 2540,543 2585,540 2630,534 2675,534 2719,528 2764,522 2809,519 2854,513"/>
                <TextEquiv>
                    <Unicode>untertragen! Du weisst, wie mir’s er-</Unicode>
                </TextEquiv>
            </TextLine>
            <TextLine id="tr_1_tl_2" custom="readingOrder {index:1;}">
                <Coords points="1150,841 2178,777 2565,689 2988,736 3002,584 1161,698"/>
                <Baseline points="1164,815 1167,815 1212,809 1256,806 1301,803 1346,800 1391,794 1436,788 1480,782 1525,782 1570,776 1615,773 1659,773 1704,764 1749,761 1794,758 1839,755 1883,749 1928,743 1973,740 2018,734 2062,731 2107,725 2152,722 2197,719 2242,713 2286,710 2331,707 2376,701 2421,698 2466,695 2510,689 2555,686 2600,683 2645,683 2689,677 2734,677 2779,671 2824,665 2869,659 2913,653 2958,647 3003,641"/>
                <TextEquiv>
                    <Unicode>ging im Oktober an dem schönen Tage, als</Unicode>
                </TextEquiv>
            </TextLine>
            <TextLine id="tr_1_tl_3" custom="readingOrder {index:2;}">
                <Coords points="1130,1012 2235,876 2966,886 2981,722 1142,864"/>
                <Baseline points="1149,961 1188,955 1233,955 1277,952 1322,949 1367,943 1412,940 1456,937 1501,931 1546,928 1591,925 1636,919 1680,916 1725,913 1770,907 1815,901 1859,898 1904,895 1949,892 1994,889 2039,886 2083,880 2128,874 2173,868 2218,865 2263,859 2307,856 2352,850 2397,847 2442,841 2486,841 2531,835 2576,832 2621,826 2666,824 2710,821 2755,815 2800,809 2845,806 2889,803 2934,797 2979,800"/>
                <TextEquiv>
                    <Unicode>ich mich von der Sonne verlocken liess.</Unicode>
                </TextEquiv>
            </TextLine>
            <TextLine id="tr_1_tl_4" custom="readingOrder {index:3;}">
                <Coords points="1138,1133 1589,1145 2529,998 2636,1043 3016,960 3023,895 2679,857 2525,924 1152,1005"/>
                <Baseline points="1152,1113 1188,1113 1233,1113 1277,1110 1322,1107 1367,1104 1412,1095 1456,1092 1501,1089 1546,1083 1591,1080 1636,1077 1680,1074 1725,1068 1770,1065 1815,1059 1859,1053 1904,1050 1949,1047 1994,1044 2039,1038 2083,1032 2128,1030 2173,1027 2218,1021 2263,1015 2307,1012 2352,1006 2397,1000 2442,994 2486,994 2531,988 2576,985 2621,982 2666,976 2710,970 2755,964 2800,961 2845,958 2889,952 2934,949 2979,946 3024,946"/>
                <TextEquiv>
                    <Unicode>Den Tod XXXXX hätt' ich davon haben kön-</Unicode>
                </TextEquiv>
            </TextLine>
            <TextLine id="tr_1_tl_5" custom="readingOrder {index:4;}">
                <Coords points="1164,1316 2004,1192 2824,1209 2874,1047 2266,1043 2057,1116 1978,1078 1178,1166"/>
                <Baseline points="1179,1280 1218,1271 1262,1268 1307,1262 1352,1256 1397,1253 1442,1250 1486,1241 1531,1236 1576,1233 1621,1227 1665,1221 1710,1218 1755,1212 1800,1206 1845,1203 1889,1200 1934,1197 1979,1194 2024,1188 2068,1182 2113,1179 2158,1176 2203,1173 2248,1167 2292,1161 2337,1158 2382,1152 2427,1149 2472,1143 2516,1140 2561,1137 2606,1131 2651,1125 2695,1122 2740,1116 2785,1107 2830,1104 2875,1104"/>
                <TextEquiv>
                    <Unicode>nen! - Hier bleib' ich! Bilde du dir</Unicode>
                </TextEquiv>
            </TextLine>
            <TextLine id="tr_1_tl_6" custom="readingOrder {index:5;}">
                <Coords points="1176,1463 1997,1404 2437,1302 2976,1337 3021,1168 1192,1306"/>
                <Baseline points="1194,1427 1227,1424 1271,1418 1316,1412 1361,1409 1406,1403 1450,1397 1495,1391 1540,1388 1585,1382 1630,1379 1674,1376 1719,1370 1764,1370 1809,1367 1854,1364 1898,1358 1943,1352 1988,1343 2033,1340 2077,1337 2122,1331 2167,1325 2212,1322 2257,1316 2301,1310 2346,1304 2391,1301 2436,1295 2480,1292 2525,1286 2570,1280 2615,1277 2660,1271 2704,1268 2749,1262 2794,1259 2839,1253 2884,1247 2928,1244 2973,1238 3018,1241"/>
                <TextEquiv>
                    <Unicode>nur nichts ein, Wält es dich nicht mehr?</Unicode>
                </TextEquiv>
            </TextLine>
            <TextLine id="tr_1_tl_7" custom="readingOrder {index:6;}">
                <Coords points="1195,1575 2021,1494 2263,1527 2670,1437 2936,1472 2952,1325 1206,1463"/>
                <Baseline points="1209,1561 1247,1561 1292,1561 1337,1558 1382,1558 1427,1549 1471,1543 1516,1537 1561,1534 1606,1531 1650,1525 1695,1519 1740,1516 1785,1513 1830,1507 1874,1504 1919,1501 1964,1495 2009,1489 2054,1486 2098,1480 2143,1477 2188,1474 2233,1468 2277,1465 2322,1459 2367,1453 2412,1447 2457,1444 2501,1439 2546,1433 2591,1430 2636,1427 2680,1421 2725,1418 2770,1415 2815,1406 2860,1403 2904,1400 2949,1400"/>
                <TextEquiv>
                    <Unicode>Tragt man mich hinunter, so komm' ich</Unicode>
                </TextEquiv>
            </TextLine>
            <TextLine id="tr_1_tl_8" custom="readingOrder {index:7;}">
                <Coords points="1202,1729 2164,1705 2572,1594 2857,1634 2876,1465 2560,1527 2062,1501 1912,1575 1819,1532 1515,1601 1218,1582"/>
                <Baseline points="1218,1728 1259,1722 1304,1719 1349,1713 1394,1710 1439,1704 1483,1698 1528,1695 1573,1689 1618,1683 1662,1680 1707,1674 1752,1671 1797,1665 1842,1662 1886,1656 1931,1650 1976,1645 2021,1642 2065,1639 2110,1633 2155,1627 2200,1624 2245,1621 2289,1615 2334,1609 2379,1606 2424,1600 2469,1594 2513,1588 2558,1585 2603,1579 2648,1576 2692,1573 2737,1567 2782,1561 2827,1558 2872,1552"/>
                <TextEquiv>
                    <Unicode>nimmer zurück) Was soll ich auf dem</Unicode>
                </TextEquiv>
            </TextLine>
            <TextLine id="tr_1_tl_9" custom="readingOrder {index:8;}">
                <Coords points="1226,1898 3128,1762 3140,1622 1235,1762"/>
                <Baseline points="1238,1874 1256,1874 1301,1871 1346,1868 1391,1862 1436,1854 1480,1845 1525,1836 1570,1830 1615,1827 1659,1821 1704,1818 1749,1815 1794,1812 1839,1806 1883,1803 1928,1800 1973,1797 2018,1791 2062,1788 2107,1785 2152,1779 2197,1779 2242,1776 2286,1773 2331,1770 2376,1764 2421,1761 2466,1758 2510,1752 2555,1749 2600,1746 2645,1743 2689,1740 2734,1737 2779,1734 2824,1731 2869,1725 2913,1722 2958,1722 3003,1719 3048,1716 3092,1716 3137,1719"/>
                <TextEquiv>
                    <Unicode>Land! Kann ich im Wald herumlaufen? Kann</Unicode>
                </TextEquiv>
            </TextLine>
            <TextLine id="tr_1_tl_10" custom="readingOrder {index:9;}">
                <Coords points="1259,2002 2418,1995 2819,1910 3090,1948 3099,1814 1268,1898"/>
                <Baseline points="1271,2000 1313,2000 1358,1997 1403,1991 1447,1988 1492,1985 1537,1979 1582,1976 1627,1973 1671,1970 1716,1967 1761,1964 1806,1958 1851,1961 1895,1955 1940,1949 1985,1946 2030,1943 2074,1937 2119,1937 2164,1934 2209,1931 2254,1928 2298,1925 2343,1919 2388,1916 2433,1913 2477,1907 2522,1904 2567,1901 2612,1895 2657,1892 2701,1889 2746,1889 2791,1883 2836,1880 2881,1877 2925,1877 2970,1874 3015,1874 3060,1874 3104,1874"/>
                <TextEquiv>
                    <Unicode>ich mich auf die Wiesen hinstrecken?...</Unicode>
                </TextEquiv>
            </TextLine>
            <TextLine id="tr_1_tl_11" custom="readingOrder {index:10;}">
                <Coords points="1249,2147 1427,2190 1845,2118 2154,2166 2297,2102 2862,2097 2876,1926 2442,2009 2344,1974 2183,2042 1724,1990 1579,2071 1252,2095"/>
                <Baseline points="1262,2149 1307,2152 1352,2149 1397,2146 1442,2143 1486,2140 1531,2134 1576,2134 1621,2128 1665,2125 1710,2119 1755,2119 1800,2116 1845,2113 1889,2107 1934,2104 1979,2101 2024,2098 2068,2095 2113,2092 2158,2086 2203,2086 2248,2080 2292,2074 2337,2071 2382,2068 2427,2065 2472,2062 2516,2060 2561,2057 2606,2054 2651,2048 2695,2045 2740,2042 2785,2039 2830,2033 2875,2027"/>
                <TextEquiv>
                    <Unicode>Die Zimmer draussen sind feucht,</Unicode>
                </TextEquiv>
            </TextLine>
            <TextLine id="tr_1_tl_12" custom="readingOrder {index:11;}">
                <Coords points="1268,2328 2750,2270 2921,2192 3121,2237 3133,2097 2418,2166 2259,2116 1463,2247 1278,2214"/>
                <Baseline points="1283,2307 1295,2307 1340,2304 1385,2304 1430,2298 1474,2295 1519,2289 1564,2286 1609,2286 1653,2283 1698,2277 1743,2277 1788,2274 1833,2268 1877,2266 1922,2263 1967,2260 2012,2254 2057,2251 2101,2245 2146,2242 2191,2239 2236,2236 2280,2230 2325,2224 2370,2221 2415,2218 2460,2212 2504,2209 2549,2206 2594,2200 2639,2200 2683,2197 2728,2191 2773,2188 2818,2185 2863,2182 2907,2179 2952,2173 2997,2170 3042,2167 3087,2164 3131,2161"/>
                <TextEquiv>
                    <Unicode>Du weisst, wie schlecht es mir heuer im</Unicode>
                </TextEquiv>
            </TextLine>
            <TextLine id="tr_1_tl_13" custom="readingOrder {index:12;}">
                <Coords points="1287,2501 2539,2389 3073,2418 3090,2216 2793,2280 2316,2249 1814,2349 1302,2337"/>
                <Baseline points="1304,2457 1340,2454 1385,2454 1430,2451 1474,2448 1519,2442 1564,2439 1609,2436 1653,2433 1698,2430 1743,2427 1788,2421 1833,2418 1877,2415 1922,2412 1967,2409 2012,2406 2057,2406 2101,2400 2146,2397 2191,2394 2236,2391 2280,2385 2325,2379 2370,2373 2415,2367 2460,2364 2504,2361 2549,2358 2594,2352 2639,2349 2683,2346 2728,2343 2773,2337 2818,2334 2863,2334 2907,2331 2952,2328 2997,2322 3042,2319 3087,2316"/>
                <TextEquiv>
                    <Unicode>Semmer draussen ging. Seither kann ich</Unicode>
                </TextEquiv>
            </TextLine>
        </TextRegion>
        <TextRegion id="tr_2" custom="readingOrder {index:1;}">
            <Coords points="1244,2424 3167,2424 3167,3676 1244,3676"/>
            <TextLine id="tr_2_tl_1" custom="readingOrder {index:0;}">
                <Coords points="1302,2629 1648,2650 2240,2548 2819,2548 2943,2522 2954,2396 1627,2463 1499,2534 1313,2501"/>
                <Baseline points="1316,2615 1340,2615 1385,2609 1430,2606 1474,2603 1519,2597 1564,2594 1609,2591 1653,2588 1698,2585 1743,2582 1788,2576 1833,2573 1877,2567 1922,2564 1967,2561 2012,2558 2057,2555 2101,2552 2146,2546 2191,2540 2236,2537 2280,2534 2325,2528 2370,2525 2415,2522 2460,2516 2504,2513 2549,2510 2594,2507 2639,2504 2683,2498 2728,2492 2773,2489 2818,2483 2863,2480 2907,2474 2952,2474"/>
                <TextEquiv>
                    <Unicode>die Füsse nicht mehr rühren. Vorher</Unicode>
                </TextEquiv>
            </TextLine>
            <TextLine id="tr_2_tl_2" custom="readingOrder {index:1;}">
                <Coords points="1325,2781 1442,2819 1563,2750 1684,2800 1933,2726 2700,2715 3076,2650 3090,2513 2323,2617 2202,2574 1340,2636"/>
                <Baseline points="1340,2773 1385,2770 1430,2767 1474,2761 1519,2755 1564,2752 1609,2746 1653,2743 1698,2737 1743,2731 1788,2728 1833,2725 1877,2719 1922,2716 1967,2713 2012,2707 2057,2704 2101,2701 2146,2695 2191,2692 2236,2689 2280,2683 2325,2680 2370,2678 2415,2672 2460,2672 2504,2669 2549,2666 2594,2660 2639,2654 2683,2645 2728,2642 2773,2636 2818,2636 2863,2633 2907,2627 2952,2621 2997,2615 3042,2615 3087,2618"/>
                <TextEquiv>
                    <Unicode>ging's doch noch ein venig. Aber seit-</Unicode>
                </TextEquiv>
            </TextLine>
            <TextLine id="tr_2_tl_3" custom="readingOrder {index:2;}">
                <Coords points="1318,2938 3095,2805 3137,2641 2886,2712 1936,2729 1330,2817"/>
                <Baseline points="1334,2922 1340,2922 1385,2916 1430,2913 1474,2910 1519,2901 1564,2898 1609,2895 1653,2892 1698,2886 1743,2878 1788,2878 1833,2872 1877,2869 1922,2869 1967,2863 2012,2857 2057,2851 2101,2848 2146,2848 2191,2839 2236,2836 2280,2833 2325,2824 2370,2821 2415,2818 2460,2815 2504,2809 2549,2803 2594,2800 2639,2797 2683,2791 2728,2785 2773,2779 2818,2776 2863,2770 2907,2767 2952,2764 2997,2761 3042,2758 3087,2758 3131,2761"/>
                <TextEquiv>
                    <Unicode>her -! Und du willst mich wieder hin-</Unicode>
                </TextEquiv>
            </TextLine>
            <TextLine id="tr_2_tl_4" custom="readingOrder {index:3;}">
                <Coords points="1340,3080 1826,3095 2097,3012 2700,3009 2829,2943 3154,2974 3166,2836 2118,2874 1689,2995 1354,2940"/>
                <Baseline points="1355,3069 1376,3066 1421,3063 1465,3060 1510,3057 1555,3054 1600,3051 1645,3045 1689,3039 1734,3039 1779,3036 1824,3030 1868,3027 1913,3021 1958,3018 2003,3015 2048,3009 2092,3000 2137,2994 2182,2991 2227,2988 2271,2982 2316,2979 2361,2976 2406,2970 2451,2967 2495,2958 2540,2955 2585,2952 2630,2946 2675,2940 2719,2934 2764,2931 2809,2928 2854,2925 2898,2919 2943,2913 2988,2907 3033,2901 3078,2901 3122,2901 3167,2901"/>
                <TextEquiv>
                    <Unicode>aus haben?... Mir sind die Lippen tre-</Unicode>
                </TextEquiv>
            </TextLine>
            <TextLine id="tr_2_tl_5" custom="readingOrder {index:4;}">
                <Coords points="1375,3261 1501,3268 1629,3209 1677,3240 1750,3192 2028,3218 2156,3168 2420,3168 2494,3149 2510,3000 2142,3035 1919,3109 1753,3066 1677,3104 1389,3106"/>
                <Baseline points="1391,3221 1427,3215 1471,3215 1516,3212 1561,3209 1606,3206 1650,3200 1695,3197 1740,3191 1785,3185 1830,3176 1874,3173 1919,3173 1964,3167 2009,3164 2054,3158 2098,3155 2143,3146 2188,3140 2233,3134 2277,3131 2322,3128 2367,3122 2412,3116 2457,3113 2501,3110"/>
                <TextEquiv>
                    <Unicode>seken... Wehin gehst du?</Unicode>
                </TextEquiv>
            </TextLine>
            <TextLine id="tr_2_tl_6" custom="readingOrder {index:5;}">
                <Coords points="1223,3437 1565,3361 1786,3401 2026,3320 2515,3349 2838,3287 2890,3114 2035,3218 1900,3182 1237,3313"/>
                <Baseline points="1244,3385 1271,3385 1316,3379 1361,3376 1406,3373 1450,3370 1495,3364 1540,3361 1585,3355 1630,3349 1674,3346 1719,3340 1764,3337 1809,3331 1854,3325 1898,3322 1943,3316 1988,3313 2033,3304 2077,3301 2122,3298 2167,3296 2212,3290 2257,3287 2301,3284 2346,3278 2391,3269 2436,3263 2480,3260 2525,3257 2570,3254 2615,3251 2660,3245 2704,3239 2749,3233 2794,3230 2839,3233 2884,3224"/>
                <TextEquiv>
                    <Unicode>M: Teh will das Wasser frisch von</Unicode>
                </TextEquiv>
            </TextLine>
            <TextLine id="tr_2_tl_7" custom="readingOrder {index:6;}">
                <Coords points="1361,3546 2776,3418 3059,3456 3095,3289 2420,3358 2237,3318 1712,3408 1553,3356 1370,3430"/>
                <Baseline points="1376,3513 1394,3513 1439,3516 1483,3513 1528,3513 1573,3510 1618,3504 1662,3496 1707,3493 1752,3487 1797,3481 1842,3478 1886,3472 1931,3469 1976,3466 2021,3460 2065,3454 2110,3448 2155,3445 2200,3442 2245,3436 2289,3433 2334,3427 2379,3421 2424,3418 2469,3412 2513,3409 2558,3403 2603,3397 2648,3397 2692,3391 2737,3385 2782,3382 2827,3376 2872,3373 2916,3367 2961,3364 3006,3361 3051,3355 3095,3346"/>
                <TextEquiv>
                    <Unicode>ung — Der Krug mit dem frischen Vassen</Unicode>
                </TextEquiv>
            </TextLine>
            <TextLine id="tr_2_tl_8" custom="readingOrder {index:7;}">
                <Coords points="1396,3669 1546,3686 1698,3650 1769,3674 1841,3641 1933,3676 2142,3665 2330,3610 2339,3506 2216,3468 1881,3536 1710,3534 1584,3589 1492,3541 1406,3560"/>
                <Baseline points="1409,3666 1442,3666 1486,3663 1531,3663 1576,3657 1621,3654 1665,3648 1710,3642 1755,3636 1800,3633 1845,3627 1889,3624 1934,3615 1979,3612 2024,3612 2068,3606 2113,3600 2158,3597 2203,3591 2248,3591 2292,3591 2337,3597"/>
                <TextEquiv>
                    <Unicode>steht in der Küche.</Unicode>
                </TextEquiv>
            </TextLine>
        </TextRegion>
    </Page>
</PcGts>
