3464 4104
483 1604 972 1772 Fromnt Malt.
387 1830 1008 2013 die meinig Rechtgeben
402 1950 854 2148 Sehr bei der
373 2088 1109 2278 6/. vielleicht schrieben
375 2220 1101 2391 begangen. Ich regereichte
402 2345 1109 2501 Ihnen. Sie kann nur
402 2477 839 2667 teile nicht.
2759 320 2893 462 32.
1200 483 2992 697 mit Innigkeit auf mir ruhten, aber Ihr
1215 582 3047 854 Blick schweifte nicht an dem meinen ver-
1227 772 2929 1020 über. Sie waren immer still, auch in
1284 880 3066 1150 diesen wundervollen Semmertagen, mit
1251 1049 3025 1308 nen mein Leben anfing,- aber auf Ihrer
1265 1152 3052 1460 Stirn ruhte nicht dieser Abglanz einer
1284 1352 3023 1616 fremden Welt, der mir jetzt entgegen-
1313 1486 3083 1782 schimmert.“Marie! nur ein Wert verlang
1361 1607 3131 1931 ich, erbitt' ich erileh' ick! Verges-
1352 1794 3093 2068 sen Sie, dass ich zu Ihnen sprach wie
1419 1984 3208 2229 einer, der einmal Ihr Gatte zu sein ge-
1378 2090 3021 2391 dachte. Denken Sie, dass hier einer
1400 2256 3170 2537 steht, der Sie einmal geliebt hat, der
1407 2403 3240 2696 mergen Früh auf immer in die Einsamkeit
1421 2564 3179 2848 geht und als letzte Gnade nur die Ant-
1443 2713 3230 2997 wert auf diese einzige und letzte Frage
1467 2860 2722 3139 erfleht: was ist geschehen?
1325 3081 2109 3307 Marie: Nichts.
1356 3090 3302 3439 A: Marie, ich fühle wol, dass dieses Nieh
1544 3345 3107 3663 seine Gnade bedeuten sollte; aber Sr.
