3464 4024
2790 358 2962 494 169
1173 554 2981 752 Arzt: Nun, wir werden uns hoffentlich
1278 705 2790 891 bald wiedersehn. Auf dem Rückweg
1288 836 3029 1044 sprech' ich wol noch einmal bei Ihnen
1288 987 2150 1185 ein, Frau Richter.
1144 1125 3065 1352 Tante: Und dann müssen Sie gleich wieder
1285 1304 2257 1498 in die Stadt zurück?
1161 1419 3070 1643 Arzt: Nur auf kurze Zeit. Ich rücke näm-
1311 1574 3053 1794 lich ins Feld ein. Sie brauchen jetzt
1335 1782 1909 1956 viel Aerzte.
1182 1844 2931 2081 Taate: Ja, das glaub' ich wol. Jetzt
1321 2026 3065 2248 haben sie gerade auf dem Markt wieder
1340 2159 2993 2396 erzählt von einer grossen Schlacht.
1197 2389 1942 2582 Adj: Was denn?
1213 2484 2979 2723 Tante: Viel Tausende sollen gefallen
1359 2635 3067 2859 sein, ganze Regimenter, erzählen die
1364 2795 2924 3015 Leute,... und die Dörfer brennen.
1276 2964 2150 3191 Arzt: Wo war das?
1240 3070 2995 3330 Tante: An der Grenze. Ich hab' nicht
1388 3210 3234 3430 recht hingehört. Wenn man seine eigenen
1431 3382 3005 3586 orgen hat,-die Wahrheit zu sagen,
