5050 4711
1801 1173 3370 1383 tung vorleiht. Jeder Jug in diesem stillen,
1843 1273 3447 1462 still verlangenden und agutlich nichts er¬
1827 1395 3388 1540 lebenden Frauenleben und das nothwendig
1839 1490 3399 1674 empfün den, prägt sich tief ein, als so und
1813 1592 3407 1760 „Twie Bertha Garlau zu der Büchern
1857 1650 3409 1871 gesezen, die von niemals aus dem Ge¬
1885 1788 3409 1947 dricstoisse vorliert. Nun hat sie, wenn
1897 1861 3399 2047 ich nicht ioon, zu Madame Bovary
1921 1945 3374 2151 in Regierung bringen wollen. Höchst
1923 2049 3358 2232 angerechtfertigt! Denn es ist alles
1961 2115 3423 2330 Ganz anders. die einzige Ähnligkeit
1955 2238 3443 2426 die von über an der Straver herbei,
1973 2314 3380 2540 ziehen müßte, besteht darin: daß
1971 2430 3435 2594 beide Romane in die Provinz spielen.
1989 2566 3388 2705 Aber so seid die Menschen: sie kommen
1981 2637 3124 2799 oben immer aus vergleichen.
2262 2723 3443 2931 Jedem ich mich Ihnen mit wahren
2031 2831 3098 3058 Nachrichtung empfehle, bin ich
2438 2975 3298 3178 Ihr alt ergebenen
2316 3140 3342 3431 Ferdinand von Waÿ
