5067 4712
2768 504 2948 641 V.
1946 1437 3471 1561 Bei meinem Eintritt in das 70. Lebensjahr sind mir so
1826 1520 3473 1633 zahlreiche Beweise der Anerkennung und Zuneigung geworden,
1842 1621 3484 1739 dass ich nur in dieser Weise meinen wärmsten Dank darbringen
1842 1720 3492 1824 kann. Mögen Alle, die mich am späten Abend meines Lebens
1842 1809 3502 1910 durch Ehrungen ausgezeichnet, mir Liebes und Gutes gesagt oder
1840 1886 3504 2018 bezeigt, die Versicherung entgegen nehmen, dass ich mich durch
1846 1985 3509 2127 all diese Kundgebungen im tiefsten beglückt fühle. Bin ich doch
1855 2059 3515 2216 jetzt von dem erhebenden Bewusstsein durchdrungen, den Besten
1855 2179 2799 2311 meiner Zeit genug gethan zu haben.
1991 2334 2638 2448 Wien-Döbling. 25/10. 1902
2686 2237 3566 2562 Freund von Haar
1722 2423 2369 2574 Mit herzlichem Äuftragust
1706 2502 2287 2622 und besonderer danker
1733 2568 2407 2682 sei die collegial anerkennende
1908 2665 2220 2793 Widmung.
