5112 4712
2088 522 2458 712 Votre très obéissant aussi.
2723 501 3636 706 v.,,.,,,, -,, 'v.
2423 1085 3413 1235 Raitz in Mähren, 13' Decbr 1894.
2174 1472 3031 1614 Sehr geehrter Herr Doctor!
2830 1671 3384 1777 Haben Sie Dank
2133 1772 3408 1912 für die freundlich auszeichnende Überhin¬
2133 1884 3365 2003 dung Ihrer neuesten Novelle, die ich
2126 1967 3395 2080 nun mehr an zwei stillen Abenden ge¬
2126 2037 3378 2182 lesen. Bewandwungsmürdig ist die
2126 2147 3389 2263 Kunst - oder besser gesagt die Wahrheit
2139 2232 3419 2351 mit der Sie die Seelenquälen des hin¬
2157 2308 3365 2422 sterbenden Felix, den allmäligen
2157 2385 3402 2532 Loslösungsprozeß der Geliebten
2157 2492 3389 2629 schildern. Aber hätten Sie nicht dieses
2157 2584 3354 2709 psychologische Duett (oder wenn Sie
2150 2674 3389 2803 wollen Terzett) vielbstimmiger machen,
2168 2750 3403 2884 nicht einige Strandlung und Verwickelung,
2179 2841 3414 2983 dazu erfinden können? Gerade das
2203 2924 3426 3066 wollte ich nicht! Werde. Sie ausrufere
2185 3033 3449 3141 Und dann haben Sie auch recht. Es muß
2203 3108 3384 3252 es darf ja nicht ein Weile, wie das
