5050 4711
4211 488 4395 684 1 1/2
2323 862 3395 1033 Wien - Döbling, 19/6.1901.
2077 1290 3091 1492 Sehr verehrter Herr Doctor!
2972 1498 3567 1667 Jhre neuesten.
2043 1601 3567 1763 Bücher habe ich mit großer Aufmachenkeit.
2060 1713 3604 1837 gelesen, habe sie in mir noch wirken lassen -
2072 1789 3565 1945 und so gelange ich erst heute dazu, Theil
2058 1878 3517 2020 für die so foraitliche Übersendung zu
2054 1964 3512 2095 danken. An beider habe ich wieder Ihre
2043 2064 3506 2206 bewährte Kraft der Maleranälyse und
2054 2172 3492 2252 Miterätsilderich bewundert.  "Lieutrent
2064 2231 3598 2369 Güstel" ist / freilich mehr im Victuosen¬
2097 2292 3625 2460 stück; hingegen ertheilt aber Frau Reothe¬
2085 2387 3615 2521 Gerlan" als ein auso echters Kaaßwalt
2102 2461 3633 2600 vom Attrat die Luft der kleinen Beidstadt
2112 2544 3596 2705 und lebt die öder, gedruckten Besältnisse
2108 2648 3542 2784 ris, als 6 fände von sich doot. Daher
2108 2730 3577 2876 komme es auch, daß man sich ungefähr in
2108 2805 3514 2953 der Mitte des Rueses fragt, ob diese
2118 2886 3596 3037 Guständs so eingehender Besiedlung auch
2125 2978 3579 3126 wirklich muth seien — und wie fünfte
2139 3055 3627 3203 an, ein bis ohne ungeduldig zu ver¬
2150 3164 3613 3264 den. Aber die grüßte Bilft rückt
2150 3222 3621 3379 mit dem ergreifenden Schluß mich aus¬
2168 3302 3636 3464 wirts wie ein wichtiger elekteischen
2162 3387 3644 3498 Lichtström, der allein nur von allem
2191 3446 3665 3619 der Heldi“ vollen Reich als volle Bedeu¬
