5075 4714
4637 533 4855 683 Votre très de
371 527 1375 739 1 1/2 1/4 „ „ 9 „ 4 „ 5 „
2143 1213 3463 1341 andere sein, und da Sie schon so viel Abwechslär¬
2137 1290 3435 1451 voller gebracht haben, so wird dieses gemeine
2150 1405 3404 1533 Nachtstück in seiner Knapp einrähmten
2150 1467 3391 1628 Büterkeit auf den rechtigen Platz in der
2150 1553 3366 1697 Reihe Ihre Schriften finden, allwo es
2157 1676 3356 1814 seine eigenthümliche Wirkung ganz und
2139 1745 2764 1850 voll gelüben kann.
2280 1851 3402 1996 Ich selbst bin jetzt auch belhäftigt - und
2173 1948 3355 2071 zwo mit allerlei? Wollen sehen, was
2152 2035 2830 2176 dabei heraus kommt!
2340 2168 3361 2321 Er grüßt die herzlich und mit
2157 2281 2971 2427 aufrichtiger Hochschätzung
2513 2575 3363 2807 Er dimand von Laay
230 4464 389 4607 Chiffern...
