6520 5016
597 399 2502 575 Franz griff sich an den Kopf; er verstand das Ganze noch nicht recht.
610 541 1578 676 „Mein Sohn.. rasch.. geh hin!"
597 635 849 751 „Jetzt?“
610 644 2870 808 „Ja, jetzt, weil es Nacht ist. Meinen Arbeitskittel nimm.. und den Hammer, der
437 780 2886 915 draußen liegt.. neben dem Ofen.. ja.. geh gleich.. ich will es noch sehen.. in ein
437 861 1993 987 Tuch ist es eingebunden, Papier und Gold. Geh.. geh!"
604 943 2886 1053 Der Sohn stand auf, seiner Sinne nicht mächtig, er eilte hinaus. Im Vorzimmer
424 1019 2880 1135 nahm er den weißen Arbeitskittel des Vaters vom Haken und den Hammer, der dalag, und
434 1100 2889 1204 verbarg ihn unter dem Rock. Er dachte in diesem Momente an nichts anderes, als an den
446 1176 2883 1302 Schatz... kein Gedanke mehr an den Sterbenden.. vor ihm tanzte und drehte sich
437 1276 2870 1405 das geld, das Geld... lichtes, tanzendes Gold! Und er eilte davon. — Die
446 1371 2889 1465 Straßen waren leer, er lief durch sie.. da kam er in jene lange Straße, durch die vor
446 1427 2880 1550 vielen Jahren der alte Weldein das gewonnene Geld getragen.. und bald zur Brücke, auf
437 1515 2873 1654 der er einen Tag später gestanden, verzweifelt und jammernd, während unter seinen Füßen
437 1628 2889 1716 all der Reichtum lag, der ihn selig gemacht hätte. Da also.. und schon stand er am
437 1676 2870 1827 zweiten Pfeiler... Ober ihm wölbten sich die Bogen der Brücke, neben ihm rauschte der
446 1783 2361 1883 Strom hin, die Strahlen des Mondes auf seinen Wellen weiter tragend.
610 1839 2877 1955 Und Franz Weldein begann sein Werk. Nach wenigen Minuten waren zwei Lagen von
437 1930 2855 2050 Steinen ausgesprengt. Nichts.. nichts. Jetzt rollte ein Wagen oben über die Brücke
437 2034 2886 2135 dumpf.. schwer.. Franz begann von neuem.. Und hier.. ja.. etwas, das aussah wie ein
443 2100 2870 2216 Tuchende.. und jetzt. noch ein Stein.. Es rauschte und hallte wieder.. und das? das!
437 2210 2873 2314 Es war dunkel unter der Brücke, mit beiden Händen griff Franz nach etwas Weißem, das dalag.
437 2292 2889 2367 Ein Tuch.. zusammengebunden. Auf damit.. Er riß die Knoten auseinander.. Gold.
446 2370 2880 2462 Banknoten.. Id! er war's! der Schatz! Der Reichtum, das Glück! Und Franz steckte das Ganze
446 2462 2880 2540 unter den Kittel.. mit zitternden Händen.. War's denn möglich? Und wie er unter der
446 2521 2889 2628 Brücke wieder hervortrat, und das Licht der freundlichen Nacht ihn umglänzte, da hätte er
443 2612 2870 2704 auf die Knie fallen mögen, weinen.. vor Freude.. vor Glück. Er begann zu lansen..
437 2700 2877 2792 plötzlich hielt er inne.. Er blickte um sich. Niemand in der Nähe? Ja doch, ein paar
437 2763 2870 2886 harmlose Spaziergänger.. Aber schnell gehen mitten in der Nacht könnte Verdacht erregen
424 2842 2877 2971 Verdacht? Hat er denn ein Unrecht gethan. Nun.. immerhin.. Und so ging er dann in
431 2943 2883 3059 bedächtigem Schritt weiter, die linke Hand gemächlich in der Hofentasche, mit der rechten
443 3034 1707 3137 seinen Reichtum unter dem Arbeitsrock schützend.
597 3059 2877 3203 Ein Gefühl von unendlichem Frieden überkam ihn allmählich.. Nun war alles gut.
443 3181 2880 3282 Und sein Bild so gut wie vollendet.. Ruhe, Reichtum.. alle Wohnen der Erde! Und der
424 3263 2895 3392 alte Mann, der sterben mußte? — Der junge Weldein begann rasch zu gehen.. wer weiß,
431 3358 2870 3461 ob der Anblick des wiedergefundenen Geldes den Alten nicht wieber gesund machen würde.
437 3430 2877 3552 Was hatte ihn denn krank gemacht? Die Armut, die Hoffnungslosigkeit, das Elend. Also hin,
424 3537 2889 3628 rasch hin, um ihm das Glück und die Gewißheit guter Tage zu bringen. Als er in das kleine
428 3590 2870 3694 Vorzimmer trat, war alles ruhig. Nur keine Uebereilung. Er wechselte den Rock, hing den
424 3684 2877 3779 Arbeitskittel wieder an den alten Platz. Das Tuch mit dem Geld schob er unters Hemd.
424 3779 2883 3883 Nun ins Zimmer. „Vater“, rief er, „ich bring es! ich hab es!“ Und er stürzte zum Bette
424 3851 2877 4008 hin, da lag der Kranke bewußtlos, mit keuchendem Atem. Kalter Schweiß auf der Stirne.
431 3942 1135 4081 Gewiß, es ging zu Ende.
604 3977 1688 4128 „Vater!“ rief Franz.. Keine Antwort!
591 4093 2877 4209 Vergeblich bemühte sich Franz, den Alten zu erwecken.. er rief ihn an, er schrie, er
431 4181 2870 4298 fuhr ihm durch das wirre Haar. Er hauchte ihn an.. Er rieb ihm die kalten Arme und
424 4282 2883 4379 Beine mit seinen warmen Händen.. Einmal glaubte er zu bemerken, daß sich die Augen¬
437 4342 2886 4486 lider öffnen wollten. Nichts.. nichts.. Der Atem wurde schwächer.. Keine Bewegung;
3710 534 6177 726 keine Antwort, die Zeit verrann, ratlos saß Franz da.. „Vater!.. Das Geld! ich hab
3716 679 3961 786 es hier.“
3895 701 6247 871 Gegen morgen kam der Arzt. Er schritt rasch auf das Bett zu, kaum vernehmlich
3710 849 5712 993 grüßend.. Er griff nach dem Puls.. „Nicht mehr fühlbar..“ sagte er.
3889 927 4637 1034 „Wie.. Sie meinen also?"
3889 949 6159 1116 „Ich bitte“ — flüsterte der Arzt, den Finger auf den Mund legend. Er wollte Ruhe,
3722 1100 6177 1185 wollte den Atem beobachten. Er stand aufrecht da... dann beugte er sich zur Brust des
3722 1147 6196 1280 Alten und legte sein Ohr daran... Nach zehn, zwanzig Sekunden erhob er sich langsam und
3735 1239 6177 1364 streckte dem Sohn, der am Fußende des Bettes stand, den Blick angstvoll auf den Arzt gerichtet,
3719 1355 6209 1446 die rechte Hand entgegen. Wortlos... „Er ist tot?“ schrie Franz auf.. die Hand ergreifend.
3895 1437 6174 1515 „Er hat ausgelitten“, sagte der Arzt bewegt. Franz sank auf einen Stuhl, dabei hörte
3722 1500 6177 1628 er selbst, wie die Goldstücke an seiner Brust aneinanderklangen. Er zuckte zusammen, griff mit
3722 1597 6187 1694 der einen Hand darnach. Dann schaute er den Doktor an, ob er es gemerkt hätte... nein!
3716 1685 6234 1817 der war zum Fenster getreten. Er öffnete es. „Es ist so schwül hier." sagte er leise. Die
3725 1745 4885 1902 Morgensionne lag über den Nachbarsdächern.
4885 1902 5087 2065 VIII.1/2
3889 2009 6171 2175 Zwei Männer gingen miteinander die Stufen zum Klub hinauf... Graf Spann und
3725 2113 4137 2264 Franz Weldein.
3905 2175 5759 2336 „Sind Sie denn wirklich in der rechten Stimmung?“ fragte der Graf
3898 2317 4668 2424 „Sie wundern sich darüber?"
3898 2348 6174 2499 „Begreiflicherweise! Bedenken Sie nur, Sie kommen von dem kaum geschlossenen Grab
3738 2468 6177 2606 Ihres Vaters zu mir gelaufen und beschwören mich. Sie heute hieher, an diese Stätte des Glanzes
3732 2556 4518 2660 und der Freude zu führen."
3829 2609 6171 2795 „Für mich ist sie nicht das! Für mch ist fie der Ort meiner Studien Und gerade
3732 2741 5766 2833 dieses Bild liegt mir am Herzen, ich muß es malen, muß, es bald malen
3905 2801 4867 2936 „Sie haben doch schon vieles fertig?"
3883 2877 6177 2993 „Skizzen... ja... es fehlt mir noch etwas... irgend etwas." Sie waren unter¬
3728 2965 5803 3103 dessen in den Vorsaal gekommen und begaben sich geradewegs in den Spielsaal.
3898 3075 5033 3181 „Und was fehlt Ihnen?" fragte der Graf.
3898 3141 4668 3247 „Sie werden vielleicht lachen.“
3898 3163 6184 3336 „Die über eine Künstlerlaunje, mein Lieber.“ Beide waren durch die Thüre des Spiel¬
3738 3320 5929 3411 saales getreten und standen ganz nahe dem grünen Tische, an dem die Spieler saßen.
3905 3395 6190 3505 „Nun, Herr Graf." setzte der junge Weldein fort, während sein Auge auf die Karten
3722 3480 5234 3581 blickte. „Die Begeisterung zu dem Bilde fehlt mir noch?“
3883 3496 6209 3697 „Sa?... Das ist doch nicht sonderbar? Sie werden die glückliche Stunde schon
3735 3590 4184 3769 einmal finden!“.
3901 3719 4222 3842 „Wann?"
3898 3763 5294 3917 „Das kann ich nicht wissen," sagte der Graf lächelnd.
3905 3835 6184 4027 „Aber ich weiß es," stieß der Künstler so heftig hervor, daß ihn der Graf befremdet ansah.
3905 3977 4398 4090 „Nun?" fragte er.
3911 4052 6196 4194 „Ich selbst, ja, Herr Graf; ich selbft muß einmal empfinden, was diese Menschen hier
3725 4140 4043 4276 empfinden.“
3898 4213 4128 4335 „Wie?“
3905 4263 6184 4408 „Verstehen Sie mich recht. Herr Graf! Leider — ich weiß es ja, liegt in meiner ganzen
3738 4386 6093 4533 Kunst etwas Krankhaftes... Sie wissen — ich kann eigentlich nur gewisse Dinge malen
3738 4489 4804 4618 dies ist doch nicht ganz in der Ordnung.
