3272 4200
1797 158 2034 329 Witshe
1787 264 1986 381 the
226 182 2960 624 im Zimmer des Kranken das Lichsich zu verbreiten
117 412 2833 768 xx so begab er sich wieder in die Stube
250 597 2837 830 und ließ die niedergelassenen Fenstervo¬
244 703 2916 971 länge hinauf. Und es fluthete herein,
233 803 2933 1115 über das Fensterbrett, über den Fußboden
264 933 2964 1238 über das Bett, und die weißen Bettlinnen
261 1074 2994 1321 erschimmerten blau. Daraus hervor glänzt
274 1238 2946 1523 das abgegehrte Gesicht des Alten ganz bloß
281 1341 2717 1643 so bloß... Und die Lippen ganz weiß
285 1458 3012 1729 Und auf dem Kasten die leeren Medizinsphio¬
268 1598 3025 1876 len schillerten... Der junge Waldein blieb
274 1729 3015 2041 beim Fenster stehen, müd, traurig, ohne Macht.
295 1866 3042 2219 Und jetzt, gerade jetzte, das erste Mal seit der
298 2044 3036 2319 Kraueheit seines Vaters dachte er an etwas
292 2103 3018 2449 anderes, als an ihn, duthunere Sie beile das
2133 2250 2219 2343 G.C.P.
329 2264 2994 2538 Bild erschien wieder vor ihm, und er sah
2168 2370 2524 2490 ri gand
2113 2363 3046 2597 stehend.. malen.
336 2411 2065 2706 sich selbst, vor d Paleth
364 2514 3018 2857 Und Strich für Strich entwarf er im Geiste
741 2621 2950 2898 Und er vergaß auf einige Augen¬
377 2758 2960 3060 blicke alles andere ring um. .. Plötzlich
384 2909 3070 3221 hörte er die Stimme seines Vaters. Er war
1365 2991 2916 3300 Er sprach! War’s möglich.
374 3145 1307 3361 aufgewacht.
425 3149 3077 3488 Und noch einmal: „Franz! - Mein Sohn! „Die
439 3324 2967 3574 rufst, Vater? Vater! Und schon stand er
453 3433 3046 3759 beim Bett, die Hand des Kranven ergreifend
