<?xml version="1.0" encoding="UTF-8" standalone="yes"?>
<PcGts xmlns="http://schema.primaresearch.org/PAGE/gts/pagecontent/2013-07-15" xmlns:xsi="http://www.w3.org/2001/XMLSchema-instance" xsi:schemaLocation="http://schema.primaresearch.org/PAGE/gts/pagecontent/2013-07-15 http://schema.primaresearch.org/PAGE/gts/pagecontent/2013-07-15/pagecontent.xsd">
    <Metadata>
        <Creator>prov=READ-COOP:name=TrHtr:version=2.1.0:model_id=51170:date=14_08_2023_14:26</Creator>
        <Created>2023-05-10T14:21:25.921+02:00</Created>
        <LastChange>2023-08-14T14:26:11.954+02:00</LastChange>
        <TranskribusMetadata docId="1428615" pageId="55419104" pageNr="115" tsid="132808088" status="IN_PROGRESS" userId="64420" imgUrl="https://files.transkribus.eu/Get?id=QDNYQTCDEEGYLBGALLHBZETG&amp;fileType=view" xmlUrl="https://files.transkribus.eu/Get?id=WEJZIOUBTOORUCQCUBSUUOXE" imageId="44693207"/>
    </Metadata>
    <Page imageFilename="1428615_0115.jpg" imageWidth="3928" imageHeight="4216">
        <ReadingOrder>
            <OrderedGroup id="ro_1711787092262" caption="Regions reading order">
                <RegionRefIndexed index="0" regionRef="tr_2"/>
                <RegionRefIndexed index="1" regionRef="tr_1"/>
            </OrderedGroup>
        </ReadingOrder>
        <TextRegion id="tr_2" custom="readingOrder {index:0;}">
            <Coords points="1436,391 3854,391 3854,1667 1436,1667"/>
            <TextLine id="tr_2_tl_1" custom="readingOrder {index:0;}">
                <Coords points="1457,546 1656,594 2371,492 2491,594 2914,468 3800,501 3837,335 3439,323 3052,431 1463,371"/>
                <Baseline points="1475,513 1513,507 1558,507 1603,507 1648,507 1692,507 1737,504 1782,504 1827,507 1872,504 1916,507 1961,504 2006,504 2051,507 2096,504 2140,504 2185,504 2230,501 2275,495 2319,492 2364,492 2409,489 2454,486 2499,483 2543,480 2588,480 2633,477 2678,474 2723,474 2767,474 2812,471 2857,468 2902,468 2947,471 2991,468 3036,471 3081,468 3126,468 3170,465 3215,465 3260,462 3305,459 3350,459 3394,456 3439,456 3484,453 3529,447 3574,450 3618,447 3663,447 3708,444 3753,441 3797,441 3842,441"/>
                <TextEquiv>
                    <Unicode>Angst! ernstlich furcht um Sie!... Noch</Unicode>
                </TextEquiv>
            </TextLine>
            <TextLine id="tr_2_tl_2" custom="readingOrder {index:1;}">
                <Coords points="1454,697 1611,648 1837,703 1961,633 2310,633 2464,709 2663,612 2826,652 2823,564 2666,522 2494,594 2374,492 2250,582 2145,588 1761,561 1632,600 1460,534"/>
                <Baseline points="1472,638 1489,644 1534,641 1579,641 1624,638 1669,635 1713,635 1758,635 1803,638 1848,632 1893,630 1937,630 1982,627 2027,630 2072,627 2116,630 2161,627 2206,621 2251,621 2296,618 2340,615 2385,615 2430,612 2475,618 2520,615 2564,615 2609,615 2654,612 2699,609 2743,603 2788,597 2833,603"/>
                <TextEquiv>
                    <Unicode>ist es zu wieder gut.</Unicode>
                </TextEquiv>
            </TextLine>
            <TextLine id="tr_2_tl_3" custom="readingOrder {index:2;}">
                <Coords points="1617,793 2154,766 2277,836 2540,751 2974,799 3312,721 3526,796 3825,727 3828,630 3170,579 2769,703 2609,642 2467,709 2310,639 1620,685"/>
                <Baseline points="1633,746 1639,749 1684,749 1728,749 1773,746 1818,752 1863,749 1907,746 1952,749 1997,749 2042,746 2087,746 2131,743 2176,743 2221,743 2266,743 2311,743 2355,740 2400,740 2445,737 2490,737 2534,734 2579,731 2624,728 2669,728 2714,725 2758,722 2803,722 2848,722 2893,719 2938,719 2982,716 3027,716 3072,719 3117,713 3162,710 3206,710 3251,710 3296,710 3341,707 3385,704 3430,701 3475,701 3520,698 3565,701 3609,701 3654,698 3699,701 3744,698 3789,698 3833,698"/>
                <TextEquiv>
                    <Unicode>„Oh herr Graf! und wieder jamm</Unicode>
                </TextEquiv>
            </TextLine>
            <TextLine id="tr_2_tl_4" custom="readingOrder {index:3;}">
                <Coords points="3523,854 3553,866 3568,857 3577,869 3604,863 3623,884 3647,878 3656,742 3610,739 3568,775 3553,766 3544,775 3529,772"/>
                <Baseline points="3544,794 3571,794 3615,788 3660,788"/>
                <TextEquiv>
                    <Unicode>"</Unicode>
                </TextEquiv>
            </TextLine>
            <TextLine id="tr_2_tl_5" custom="readingOrder {index:4;}">
                <Coords points="1436,920 2117,875 2356,977 2793,851 3046,944 3249,851 3463,866 3466,751 2890,814 2461,751 2335,836 2054,784 1897,857 1439,808"/>
                <Baseline points="1451,889 1454,889 1498,886 1543,886 1588,886 1633,886 1678,886 1722,880 1767,877 1812,874 1857,877 1901,877 1946,877 1991,874 2036,874 2081,874 2125,871 2170,868 2215,865 2260,865 2305,865 2349,865 2394,868 2439,862 2484,859 2529,856 2573,856 2618,853 2663,853 2708,850 2752,850 2797,847 2842,847 2887,844 2932,844 2976,842 3021,842 3066,839 3111,839 3156,839 3200,836 3245,836 3290,833 3335,833 3379,830 3424,833 3469,833"/>
                <TextEquiv>
                    <Unicode>er, - Mein Geld!</Unicode>
                </TextEquiv>
            </TextLine>
            <TextLine id="tr_2_tl_6" custom="readingOrder {index:5;}">
                <Coords points="1617,1047 2027,1116 2259,1016 2455,1086 2709,1007 2874,1089 3336,1068 3758,968 3761,860 1617,974"/>
                <Baseline points="1633,1036 1657,1033 1701,1030 1746,1030 1791,1027 1836,1024 1881,1024 1925,1024 1970,1024 2015,1021 2060,1018 2105,1018 2149,1015 2194,1012 2239,1009 2284,1006 2328,1000 2373,1000 2418,1000 2463,1003 2508,1000 2552,1000 2597,997 2642,997 2687,1000 2732,1000 2776,997 2821,997 2866,997 2911,994 2955,991 3000,985 3045,982 3090,979 3135,976 3179,976 3224,970 3269,970 3314,967 3359,964 3403,961 3448,961 3493,958 3538,961 3583,961 3627,961 3672,961 3717,961 3762,967"/>
                <TextEquiv>
                    <Unicode>„Nun ja - schlimm, freilich – es</Unicode>
                </TextEquiv>
            </TextLine>
            <TextLine id="tr_2_tl_7" custom="readingOrder {index:6;}">
                <Coords points="1421,1191 1559,1197 1668,1149 1979,1167 2129,1134 2178,1155 2181,1104 1906,1107 1849,1056 1632,1107 1490,1026 1424,1023"/>
                <Baseline points="1436,1164 1472,1158 1516,1152 1561,1149 1606,1146 1651,1143 1695,1143 1740,1143 1785,1143 1830,1143 1875,1143 1919,1143 1964,1140 2009,1140 2054,1137 2099,1140 2143,1134 2188,1134"/>
                <TextEquiv>
                    <Unicode>verloren.</Unicode>
                </TextEquiv>
            </TextLine>
            <TextLine id="tr_2_tl_8" custom="readingOrder {index:7;}">
                <Coords points="1698,1270 1870,1315 2063,1276 2136,1312 2205,1264 2310,1300 2413,1261 2684,1249 2645,1200 2307,1219 2229,1155 2117,1222 1997,1179 1701,1222"/>
                <Baseline points="1719,1260 1725,1260 1770,1263 1815,1265 1860,1263 1904,1263 1949,1265 1994,1263 2039,1263 2084,1263 2128,1263 2173,1260 2218,1260 2263,1260 2308,1257 2352,1257 2397,1257 2442,1254 2487,1254 2531,1251 2546,1248 2558,1245 2603,1248 2648,1239 2693,1233"/>
                <TextEquiv>
                    <Unicode>" Verloren!</Unicode>
                </TextEquiv>
            </TextLine>
            <TextLine id="tr_2_tl_9" custom="readingOrder {index:8;}">
                <Coords points="1671,1409 3173,1463 3822,1400 3846,1273 3475,1225 3221,1333 3092,1270 2775,1342 2497,1258 1674,1333"/>
                <Baseline points="1689,1397 1704,1400 1749,1400 1794,1403 1839,1400 1884,1394 1928,1394 1973,1394 2018,1394 2063,1394 2108,1394 2152,1400 2197,1394 2242,1394 2287,1394 2331,1394 2376,1394 2421,1394 2466,1391 2511,1388 2555,1385 2600,1382 2645,1382 2690,1382 2735,1382 2779,1385 2824,1385 2869,1385 2914,1385 2958,1385 3003,1385 3048,1385 3093,1385 3138,1385 3182,1385 3227,1382 3272,1382 3317,1379 3362,1376 3406,1373 3451,1373 3496,1373 3541,1376 3585,1370 3630,1367 3675,1364 3720,1361 3765,1361 3809,1358 3854,1358"/>
                <TextEquiv>
                    <Unicode>"Aber Sie haben anderes, lassens al</Unicode>
                </TextEquiv>
            </TextLine>
            <TextLine id="tr_2_tl_10" custom="readingOrder {index:9;}">
                <Coords points="1683,1577 1939,1526 2199,1614 2250,1565 2434,1517 2694,1508 2697,1412 2434,1430 2383,1472 2277,1415 2048,1469 1958,1412 1843,1475 1686,1484"/>
                <Baseline points="1704,1522 1713,1525 1758,1528 1803,1528 1848,1522 1893,1519 1937,1519 1982,1519 2027,1519 2072,1519 2116,1519 2161,1516 2206,1519 2251,1516 2296,1516 2340,1513 2385,1510 2430,1507 2475,1504 2520,1504 2564,1498 2609,1492 2654,1489 2699,1477"/>
                <TextEquiv>
                    <Unicode>" Mein Geld!"</Unicode>
                </TextEquiv>
            </TextLine>
            <TextLine id="tr_2_tl_11" custom="readingOrder {index:10;}">
                <Coords points="1668,1689 2464,1665 2612,1740 2881,1644 3031,1722 3236,1632 3752,1662 3822,1571 3143,1535 2491,1611 2338,1550 2193,1617 2006,1538 1668,1602"/>
                <Baseline points="1686,1651 1725,1654 1770,1657 1815,1654 1860,1654 1904,1654 1949,1654 1994,1651 2039,1651 2084,1651 2128,1651 2173,1648 2218,1645 2263,1645 2308,1645 2352,1645 2397,1645 2442,1645 2487,1648 2531,1645 2576,1645 2621,1645 2666,1645 2711,1642 2755,1642 2800,1642 2845,1642 2890,1642 2935,1642 2979,1636 3024,1639 3069,1636 3114,1633 3159,1633 3203,1633 3248,1630 3293,1630 3338,1627 3382,1627 3427,1630 3472,1630 3517,1630 3562,1636 3606,1636 3651,1633 3696,1630 3741,1633 3786,1633 3830,1636"/>
                <TextEquiv>
                    <Unicode>„Aber stille doch -. Es kamen ein</Unicode>
                </TextEquiv>
            </TextLine>
        </TextRegion>
        <TextRegion id="tr_1" custom="readingOrder {index:1;}">
            <Coords points="1412,1720 3845,1720 3845,3906 1412,3906"/>
            <TextLine id="tr_1_tl_1" custom="readingOrder {index:0;}">
                <Coords points="1412,1828 1849,1783 2157,1876 2500,1792 2980,1909 3245,1789 3807,1795 3834,1659 1412,1755"/>
                <Baseline points="1427,1803 1466,1800 1510,1794 1555,1794 1600,1791 1645,1788 1689,1788 1734,1788 1779,1788 1824,1785 1869,1782 1913,1785 1958,1785 2003,1779 2048,1779 2093,1779 2137,1776 2182,1776 2227,1779 2272,1785 2317,1782 2361,1779 2406,1779 2451,1779 2496,1782 2540,1782 2585,1779 2630,1782 2675,1782 2720,1782 2764,1782 2809,1782 2854,1779 2899,1779 2944,1776 2988,1776 3033,1776 3078,1776 3123,1776 3167,1779 3212,1779 3257,1773 3302,1773 3347,1773 3391,1773 3436,1776 3481,1776 3526,1776 3571,1773 3615,1773 3660,1776 3705,1773 3750,1770 3794,1770 3839,1770"/>
                <TextEquiv>
                    <Unicode>vorbei durch die nächtliche Straße, die</Unicode>
                </TextEquiv>
            </TextLine>
            <TextLine id="tr_1_tl_2" custom="readingOrder {index:1;}">
                <Coords points="1421,1958 1538,1927 1734,2018 1852,1921 1958,1976 2039,1933 2326,1906 2329,1870 2139,1876 1900,1792 1755,1873 1421,1903"/>
                <Baseline points="1436,1937 1442,1937 1486,1925 1531,1922 1576,1925 1621,1919 1666,1919 1710,1922 1755,1919 1800,1919 1845,1916 1890,1913 1934,1913 1979,1913 2024,1907 2069,1907 2113,1904 2158,1904 2203,1904 2248,1904 2293,1904 2334,1898"/>
                <TextEquiv>
                    <Unicode>umschauten...</Unicode>
                </TextEquiv>
            </TextLine>
            <TextLine id="tr_1_tl_3" custom="readingOrder {index:2;}">
                <Coords points="1614,2072 1897,2039 2160,2129 2449,2036 2678,2123 2881,2030 3297,2018 3517,2105 3828,2021 3831,1927 2648,1909 2510,2000 1855,1921 1746,2009 1614,1988"/>
                <Baseline points="1630,2030 1633,2030 1678,2030 1722,2033 1767,2030 1812,2030 1857,2030 1901,2027 1946,2027 1991,2030 2036,2027 2081,2030 2125,2027 2170,2030 2215,2030 2260,2027 2305,2027 2349,2027 2394,2024 2439,2024 2484,2018 2529,2021 2537,2024 2582,2021 2627,2018 2672,2021 2717,2021 2761,2018 2806,2021 2851,2021 2896,2021 2941,2018 2985,2021 3030,2021 3075,2021 3120,2021 3164,2021 3209,2021 3254,2021 3299,2015 3344,2012 3388,2009 3433,2006 3478,2006 3523,2006 3568,2009 3612,2009 3657,2009 3702,2009 3747,2006 3792,2006 3836,2006"/>
                <TextEquiv>
                    <Unicode>„Herr Graf. Ich hab’ es vergrub</Unicode>
                </TextEquiv>
            </TextLine>
            <TextLine id="tr_1_tl_4" custom="readingOrder {index:3;}">
                <Coords points="1584,2181 3022,2217 3188,2151 3641,2190 3788,2102 3146,2024 2678,2126 2383,2042 2151,2136 1888,2066 1719,2148 1584,2111"/>
                <Baseline points="1600,2173 1603,2173 1648,2170 1692,2167 1737,2167 1782,2161 1827,2164 1872,2164 1916,2164 1961,2164 2006,2164 2051,2158 2096,2155 2140,2155 2185,2155 2230,2155 2275,2152 2319,2152 2364,2152 2409,2149 2454,2146 2499,2146 2543,2149 2588,2149 2633,2146 2678,2149 2723,2149 2767,2149 2812,2149 2857,2146 2902,2149 2947,2149 2991,2143 3036,2146 3081,2146 3126,2146 3170,2146 3215,2143 3260,2143 3305,2140 3350,2143 3394,2140 3439,2140 3484,2140 3529,2140 3574,2140 3618,2140 3663,2140 3708,2140 3753,2140 3797,2149"/>
                <TextEquiv>
                    <Unicode>„Wie? Was fällt Ihnen wieder</Unicode>
                </TextEquiv>
            </TextLine>
            <TextLine id="tr_1_tl_5" custom="readingOrder {index:4;}">
                <Coords points="1611,2310 2760,2289 2887,2353 3152,2283 3810,2356 3813,2190 3731,2169 2485,2262 2313,2178 1985,2256 1614,2214"/>
                <Baseline points="1630,2299 1669,2296 1713,2299 1758,2299 1803,2299 1848,2299 1893,2299 1937,2299 1982,2299 2027,2299 2072,2296 2116,2293 2161,2293 2206,2290 2251,2290 2296,2290 2340,2287 2385,2287 2430,2287 2475,2287 2520,2284 2564,2287 2609,2284 2654,2281 2699,2281 2743,2281 2788,2281 2833,2281 2878,2281 2923,2281 2967,2281 3012,2278 3057,2278 3102,2281 3147,2278 3191,2278 3236,2281 3281,2272 3326,2275 3371,2275 3415,2275 3460,2272 3505,2272 3550,2272 3594,2272 3639,2272 3684,2269 3729,2269 3774,2269 3818,2266"/>
                <TextEquiv>
                    <Unicode>„ Vergraben? versteckt, und ich</Unicode>
                </TextEquiv>
            </TextLine>
            <TextLine id="tr_1_tl_6" custom="readingOrder {index:5;}">
                <Coords points="1394,2485 1511,2473 1608,2531 1795,2428 1843,2452 2027,2425 2063,2452 2160,2416 2163,2313 2063,2329 2012,2301 1894,2371 1755,2316 1656,2332 1626,2310 1484,2383 1400,2377"/>
                <Baseline points="1412,2445 1451,2442 1495,2439 1540,2436 1585,2433 1630,2430 1675,2430 1719,2427 1764,2430 1809,2427 1854,2427 1898,2427 1943,2421 1988,2421 2033,2418 2078,2415 2122,2406 2167,2394"/>
                <TextEquiv>
                    <Unicode>nicht wo!“</Unicode>
                </TextEquiv>
            </TextLine>
            <TextLine id="tr_1_tl_7" custom="readingOrder {index:6;}">
                <Coords points="1623,2588 2066,2654 2292,2567 3031,2525 3327,2633 3478,2528 3828,2546 3831,2419 3550,2359 3233,2488 2929,2359 2449,2507 2163,2446 1626,2507"/>
                <Baseline points="1639,2555 1645,2558 1689,2555 1734,2555 1779,2549 1824,2552 1869,2552 1913,2552 1958,2552 2003,2552 2048,2552 2093,2552 2137,2549 2182,2549 2227,2549 2272,2546 2317,2546 2361,2543 2406,2543 2451,2543 2496,2537 2540,2534 2585,2534 2630,2534 2675,2529 2720,2529 2764,2529 2809,2526 2854,2523 2899,2526 2944,2526 2988,2526 3033,2523 3078,2523 3123,2523 3167,2523 3212,2523 3257,2523 3302,2523 3347,2523 3391,2526 3436,2523 3481,2523 3526,2526 3571,2523 3615,2523 3660,2523 3705,2526 3750,2526 3794,2529 3839,2526"/>
                <TextEquiv>
                    <Unicode>" Verspielt -! Waldein.. Hören!</Unicode>
                </TextEquiv>
            </TextLine>
            <TextLine id="tr_1_tl_8" custom="readingOrder {index:7;}">
                <Coords points="1469,2709 2015,2690 2163,2778 2404,2681 3737,2694 3740,2555 3478,2531 3336,2627 2721,2531 2129,2663 1472,2618"/>
                <Baseline points="1486,2699 1507,2699 1552,2696 1597,2696 1642,2696 1686,2693 1731,2693 1776,2687 1821,2687 1866,2684 1910,2684 1955,2684 2000,2684 2045,2684 2090,2684 2134,2687 2179,2684 2224,2681 2269,2681 2314,2678 2358,2675 2403,2672 2448,2672 2493,2669 2537,2669 2582,2666 2627,2666 2672,2663 2717,2663 2761,2660 2806,2660 2851,2663 2896,2663 2941,2660 2985,2660 3030,2660 3075,2660 3120,2657 3164,2657 3209,2654 3254,2654 3299,2654 3344,2648 3388,2648 3433,2651 3478,2651 3523,2654 3568,2654 3612,2654 3657,2657 3702,2654 3747,2651"/>
                <TextEquiv>
                    <Unicode>verloren haben Sie es in Club!</Unicode>
                </TextEquiv>
            </TextLine>
            <TextLine id="tr_1_tl_9" custom="readingOrder {index:8;}">
                <Coords points="1638,2823 1828,2914 2274,2820 2513,2920 2775,2823 2905,2899 3182,2823 3312,2890 3478,2796 3822,2817 3825,2748 3411,2672 2917,2745 2356,2694 2196,2781 1641,2730"/>
                <Baseline points="1654,2821 1684,2824 1728,2827 1773,2821 1818,2818 1863,2818 1907,2821 1952,2818 1997,2815 2042,2815 2087,2818 2131,2815 2176,2815 2221,2818 2266,2818 2311,2812 2355,2812 2400,2809 2445,2809 2490,2809 2534,2806 2579,2809 2624,2806 2669,2809 2714,2806 2758,2803 2803,2803 2848,2800 2893,2803 2938,2803 2982,2803 3027,2803 3072,2803 3117,2803 3162,2803 3206,2803 3251,2800 3296,2800 3341,2797 3385,2797 3430,2794 3475,2794 3520,2794 3565,2794 3609,2797 3654,2794 3699,2791 3744,2791 3789,2794 3833,2791"/>
                <TextEquiv>
                    <Unicode>„Oh wie doch, herr Graf! Gewöm</Unicode>
                </TextEquiv>
            </TextLine>
            <TextLine id="tr_1_tl_10" custom="readingOrder {index:9;}">
                <Coords points="1481,3040 2304,2959 2413,3052 2588,2965 3128,3001 3840,2890 1484,2884"/>
                <Baseline points="1498,2961 1516,2961 1561,2967 1606,2967 1651,2967 1695,2967 1740,2964 1785,2961 1830,2955 1875,2955 1919,2955 1964,2955 2009,2952 2054,2952 2099,2955 2143,2952 2188,2952 2233,2952 2278,2950 2322,2950 2367,2947 2412,2950 2457,2944 2502,2944 2546,2944 2591,2944 2636,2941 2681,2944 2726,2941 2770,2938 2815,2935 2860,2935 2905,2935 2950,2929 2994,2926 3039,2929 3084,2926 3129,2926 3173,2929 3218,2929 3263,2926 3308,2926 3353,2923 3397,2926 3442,2926 3487,2926 3532,2929 3577,2932 3621,2929 3666,2929 3711,2929 3756,2926 3800,2929 3845,2923"/>
                <TextEquiv>
                    <Unicode>hab ich’s. Und hab’ es verstückt und</Unicode>
                </TextEquiv>
            </TextLine>
            <TextLine id="tr_1_tl_11" custom="readingOrder {index:10;}">
                <Coords points="1472,3143 3598,3101 3788,3080 3791,2947 2229,3058 1743,3004 1472,3089"/>
                <Baseline points="1489,3120 1513,3117 1558,3114 1603,3114 1648,3111 1692,3108 1737,3105 1782,3099 1827,3099 1872,3093 1916,3090 1961,3090 2006,3087 2051,3087 2096,3084 2140,3081 2185,3081 2230,3081 2275,3078 2319,3078 2364,3075 2409,3072 2454,3075 2499,3069 2543,3072 2588,3072 2633,3072 2678,3072 2723,3069 2767,3069 2812,3066 2857,3066 2902,3069 2947,3066 2991,3066 3036,3069 3081,3066 3126,3066 3170,3066 3215,3066 3260,3066 3305,3066 3350,3066 3394,3063 3439,3066 3484,3063 3529,3060 3574,3060 3618,3060 3663,3060 3708,3060 3753,3057 3797,3057"/>
                <TextEquiv>
                    <Unicode>nicht wo. Oh mein armes Weib</Unicode>
                </TextEquiv>
            </TextLine>
            <TextLine id="tr_1_tl_12" custom="readingOrder {index:11;}">
                <Coords points="1490,3267 2464,3233 2561,3300 2675,3239 2823,3264 2829,3107 2537,3155 2431,3083 2344,3155 2036,3110 1855,3218 1737,3155 1674,3206 1493,3209"/>
                <Baseline points="1507,3245 1534,3245 1579,3242 1624,3245 1669,3242 1713,3242 1758,3242 1803,3242 1848,3242 1893,3239 1937,3239 1982,3236 2027,3236 2072,3236 2116,3236 2161,3233 2206,3233 2251,3233 2296,3230 2340,3227 2385,3218 2430,3218 2475,3215 2520,3215 2564,3215 2609,3215 2654,3212 2699,3209 2743,3212 2788,3212 2833,3212"/>
                <TextEquiv>
                    <Unicode>Kind! mein Franz!.</Unicode>
                </TextEquiv>
            </TextLine>
            <TextLine id="tr_1_tl_13" custom="readingOrder {index:12;}">
                <Coords points="1659,3439 2027,3360 2359,3414 2540,3339 3535,3372 3538,3252 3306,3285 3004,3215 2531,3300 2479,3249 2283,3336 2136,3242 1665,3270"/>
                <Baseline points="1675,3371 1707,3368 1752,3368 1797,3365 1842,3365 1887,3362 1931,3365 1976,3365 2021,3362 2066,3362 2110,3362 2155,3362 2200,3359 2245,3359 2290,3356 2334,3356 2379,3350 2424,3347 2469,3344 2514,3341 2558,3338 2603,3335 2648,3335 2693,3335 2738,3335 2782,3332 2827,3329 2872,3329 2917,3326 2961,3326 3006,3323 3051,3323 3096,3323 3141,3320 3185,3320 3230,3320 3275,3320 3320,3317 3365,3317 3409,3314 3454,3311 3499,3311 3544,3311"/>
                <TextEquiv>
                    <Unicode>Der Graf stand er starot da.</Unicode>
                </TextEquiv>
            </TextLine>
            <TextLine id="tr_1_tl_14" custom="readingOrder {index:13;}">
                <Coords points="1475,3514 2959,3448 3077,3517 3785,3414 3791,3282 3466,3375 2030,3357 1795,3466 1620,3372 1478,3408"/>
                <Baseline points="1492,3499 1510,3496 1555,3493 1600,3493 1645,3493 1689,3490 1734,3490 1779,3490 1824,3487 1869,3484 1913,3481 1958,3478 2003,3478 2048,3475 2093,3475 2137,3475 2182,3472 2227,3472 2272,3472 2317,3472 2361,3469 2406,3466 2451,3466 2496,3463 2540,3463 2585,3460 2630,3457 2675,3454 2720,3451 2764,3448 2809,3448 2854,3445 2899,3445 2944,3442 2988,3439 3033,3439 3078,3439 3123,3439 3167,3433 3212,3433 3257,3433 3302,3430 3347,3430 3391,3427 3436,3427 3481,3424 3526,3421 3571,3418 3615,3418 3660,3415 3705,3412 3750,3412 3794,3412"/>
                <TextEquiv>
                    <Unicode>Der alte Walde in! der junge hielt,</Unicode>
                </TextEquiv>
            </TextLine>
            <TextLine id="tr_1_tl_15" custom="readingOrder {index:14;}">
                <Coords points="3408,3496 3448,3487 3478,3508 3517,3484 3559,3478 3598,3505 3632,3475 3665,3475 3710,3505 3737,3496 3740,3423 3716,3432 3656,3420 3592,3439 3571,3420 3535,3448 3484,3420 3469,3436 3408,3451"/>
                <Baseline points="3424,3484 3430,3484 3475,3478 3520,3472 3565,3472 3609,3472 3654,3472 3699,3472 3744,3472"/>
                <TextEquiv>
                    <Unicode>Johannes</Unicode>
                </TextEquiv>
            </TextLine>
            <TextLine id="tr_1_tl_16" custom="readingOrder {index:15;}">
                <Coords points="1478,3647 2018,3586 2154,3671 2476,3574 3110,3629 3333,3544 3816,3647 3822,3490 1484,3508"/>
                <Baseline points="1498,3606 1540,3603 1585,3603 1630,3600 1675,3600 1719,3600 1764,3597 1809,3594 1854,3591 1898,3588 1943,3588 1988,3588 2033,3585 2078,3585 2122,3583 2167,3583 2212,3583 2257,3583 2302,3580 2346,3580 2391,3577 2436,3574 2481,3574 2526,3571 2570,3568 2615,3568 2660,3565 2705,3565 2749,3559 2794,3559 2839,3559 2884,3556 2929,3556 2973,3553 3018,3550 3063,3547 3108,3547 3153,3547 3197,3547 3242,3544 3287,3544 3332,3544 3376,3538 3421,3535 3466,3535 3511,3535 3556,3532 3600,3532 3645,3532 3690,3532 3735,3535 3780,3538 3824,3541"/>
                <TextEquiv>
                    <Unicode>den alten! Es war zu Ende — der Wah¬</Unicode>
                </TextEquiv>
            </TextLine>
            <TextLine id="tr_1_tl_17" custom="readingOrder {index:16;}">
                <Coords points="1457,3752 1967,3716 2181,3813 2455,3807 2666,3707 3179,3716 3285,3647 2687,3647 2335,3574 2154,3671 1933,3589 1460,3677"/>
                <Baseline points="1472,3738 1498,3738 1543,3732 1588,3732 1633,3726 1678,3723 1722,3717 1767,3720 1812,3717 1857,3714 1901,3711 1946,3711 1991,3708 2036,3705 2081,3705 2125,3705 2170,3699 2215,3699 2260,3696 2305,3696 2349,3693 2394,3693 2439,3687 2484,3690 2529,3687 2573,3687 2618,3684 2663,3681 2708,3681 2752,3681 2797,3678 2842,3678 2887,3672 2932,3672 2976,3672 3021,3672 3066,3669 3111,3669 3156,3669 3200,3672 3245,3669 3290,3660"/>
                <TextEquiv>
                    <Unicode>war über ihn gekommen.</Unicode>
                </TextEquiv>
            </TextLine>
            <TextLine id="tr_1_tl_18" custom="readingOrder {index:17;}">
                <Coords points="2618,3918 2651,3921 2697,3954 2766,3915 2805,3912 2847,3933 2868,3912 2902,3921 2956,3879 2986,3882 2986,3773 2947,3758 2923,3779 2844,3740 2832,3752 2745,3734 2690,3776 2657,3752 2618,3752"/>
                <Baseline points="2636,3890 2681,3893 2726,3893 2770,3896 2815,3896 2860,3893 2905,3896 2950,3896 2994,3896 2997,3893"/>
                <TextEquiv>
                    <Unicode>Ende</Unicode>
                </TextEquiv>
            </TextLine>
        </TextRegion>
    </Page>
</PcGts>
