3048 4152
455 260 2946 488 „Nun was? Ich sehe, daß die Steine sei¬
403 442 2572 647 sind von dem ausspritzende Wasser.
501 559 2939 797 „Wie? Da sehen Sie hin! – Und er hätte
354 722 2942 956 sich auf ein Knie niedergelassen mit der
380 858 2276 1047 hand auf die Steine greifend.
549 969 2500 1209 „Nun, was soll ich denn sehen
556 1122 2347 1307 „ Da liegt ja wieder Geld.
559 1219 1151 1392 " Wie? "
562 1333 2894 1561 „ Oh, welche Menge! „welche Summen.
566 1460 2529 1622 „ Aber was fällt Ihnen ein!
575 1606 2946 1804 „ Oh... nur wählte mit den Kägeln
335 1730 2942 1967 im Sand zwischen den Steinen... ich bin zu
413 1860 793 1957 wieder
325 1866 1170 2104 noch reich!
549 1990 2507 2214 „Waldem?“ seien Sie nicht soll:
536 2139 2949 2341 „ Ei- welch ein Glück, – welch’ ein Gleich
348 2276 2962 2448 und er steckte sich Sand und kleine Stein
364 2396 2952 2594 in die Tasche. „Über“.. Waldein! die sei
367 2533 2942 2767 nicht die sich? Fassen Sie sich doch! Bedenken
341 2689 2907 2900 Sie, daß Sie auf der Welt noch etwas
338 2822 2946 3056 thun haben. Sammeln Sie Ihre Gedanke
377 2975 2952 3189 Ein großes Werk wartet Ihrer. Ihr Bil¬
377 3118 2936 3297 Aber der Maler hörte nicht auf ihn. Er
361 3228 2939 3411 wühlte und schob sich die Steine in die Taf
371 3365 2942 3599 Der Graf fasste ihn an den Schultern im
