3816 4488
928 236 3487 619 sich hernieder, um etwas von dessen Lippe
917 496 3504 731 herablesen zu können. Aber ganz verue¬
917 591 3508 837 lich, nur heiser stieß der alte Waldein
921 759 3434 981 jetzt das Wort hervor... „Trinken!“
900 858 3659 1125 Dann begann er zu Husten, lange und qual
875 991 1402 1248 voll...
1163 1258 3610 1547 Vier Tage hatte schon die Krankheit gewährt
847 1392 3575 1656 Der Arzt kam häufiger, als er versprochen und
837 1550 3529 1765 erwies sich als ein liebevoller und ernster
833 1680 3613 1916 Mann. Geb Wärterdienst wechselte Franz mit
844 1800 3670 1993 Der Frau ab, welche der Arze ins Haus gesandt
812 1930 3599 2144 hatte. Sie war freundlich, so weit es nothren
837 2091 3536 2246 dig war, sie that ihre Pflicht, aber dem Sohn
3146 2204 3424 2313 ihren
826 2193 3603 2394 schien es doch, als wäre aber eben nur der Beruf
636 2274 851 2538 to the
879 2306 3585 2527 nicht dir Menschenliebe... Die ersten Tage war
837 2475 3533 2626 es noch leidlich gegangen; in der Nacht zur
815 2576 3487 2791 dritten aber vermehrte sich der Husten, das
837 2717 3543 2917 Nöhnen wurde ängstvoll, der Ausdruck der
823 2861 3547 3058 Gesichts verfallen. Dabei sprach er im Schlaf
815 2953 3624 3206 wollte aus dem Bett springen. Nicht einmal,
833 3093 3519 3279 zehn Mal; erst gegen Morgen wurde er besser¬
833 3241 3557 3441 Auch der nächste Tag war schlecht. Am Abend des
794 3343 3564 3550 Fünften sagte der Arzt zum Sohne: „Mein lieber
794 3480 3424 3758 herr Waldein, es steht ernst. Sie müssen sich
