3832 4520
852 262 3529 535 Schläfen wurden prau; er wurde dich, begann
821 459 3426 669 an schweren Athem zu leiden und Hustete
856 607 2805 745 Die Trinver werden früh alt.
1107 718 3588 897 Als sein Sohn zwölf Jahre alt war starb die
862 838 3516 1004 Mutter. Sie war nicht lang krank gelegen...
2025 963 3402 1145 war sie as sehr lang.
1063 983 1860 1163 gewesen aber
862 1042 3522 1280 Sie legte sich erst hin, als sie bald sterben
842 1256 3498 1408 mußte. Sie war mild und gut die letzten
862 1328 3522 1552 Tage; sie küsste die Hand ihres Mannes, der
845 1449 3502 1635 neben ihrem Bette söß. Sie streichelte die
876 1590 2132 1787 haare ihres Leben.
1132 1735 3595 1915 „Geh, Karl, sagte sie noch an ihrem letzten
862 1822 3519 2056 Lebenstag... „ laß den Buben doch wurden
3305 1935 3560 2063 mehr
859 1953 3516 2187 was ihm Freud macht… er wird schon nach
883 2146 3581 2322 Gleise haben, als Du und ich... Beide rein
866 2280 3560 2463 ten still an ihrem Bette; der Junge kniete
862 2363 3574 2553 und der Mann saß auf einem wackligen
838 2505 3457 2674 Stuhl, der manchmal knankte. Und der
859 2615 3502 2832 Abend kam, ein Frühlingsabend, so mild
862 2753 3622 2984 so meintäftig, wie jener verhängnißvolle
887 2898 3574 3088 Abend vor sechs Jahren... Weldein dachte
880 3057 3588 3191 daran.. er sah sich wieder auf jener
866 3195 3640 3346 Brücke stehen und hörte die Wellen raufchen
2450 3302 3543 3533 Er hatte schon zwei
859 3305 2401 3536 den Regen herabtropfen.
894 3460 3419 3688 Nächte gewacht,... nun schlief er ein..
