3816 4568
3534 151 3678 277 60
844 256 3583 539 ja und du hast wieder einmal was ge¬
837 462 3545 634 macht. Laß anschaun.. So.. Er sah die
827 592 3559 778 Skippe aufmerksam an.. So.. Er wurde
827 732 3639 918 ernß. ein Gefühl von Vaterstolz erwachte
1534 834 3401 1026 Du, das ist schön, sehr schön
792 890 1499 1058 in ihm...
813 970 3100 1222 So was... Franz... er hielt inne
1040 1117 2862 1327 „Was meinst Du, Vater?
1047 1275 3566 1485 „ So was hab’ ich nie getroffen.. auch
799 1405 2739 1622 in besseren Zeiten nicht -
1040 1499 3632 1720 Und beide, Vater und Sohn ließen ihre
844 1664 2897 1891 Blicke auf der Skizge weilen.
1047 1776 3625 2056 Nach einer Weile hab der Vater das Bild
886 1933 3601 2151 vom Tisch auf und es dem Sohne reichend
893 2049 3608 2266 sagte er: „Du, das aber trag hin“ je¬
879 2186 3545 2434 denfalls.. trags hin in die Akademie.
1313 2448 3506 2753 Ein zwar Jahre darauf hing ein
897 2630 3646 2897 kleines Bild des jungen Meisters Waldein
886 2791 3639 3023 in der Ausstellung... Man begann von
900 2918 3513 3145 seinem eigenartigen und bedeutenden
918 3051 3555 3331 Talant zu sprechen. Eines befrembte jedoch
1037 3229 3611 3404 an ihm.. es schien, als könnte er nur
946 3345 3608 3622 Spieler und Trinker maten. Es war wie
911 3492 3681 3779 ein Verhängniß.. er versucht wohl seine
