3864 4456
957 293 3522 552 Und er hielt sich am Geländer fest, wäh
2977 482 3543 650 Verstecker
1024 479 2900 664 und er schrie und raste...
1167 632 3644 811 hab’ es verstecken müssen.. Im Strom
1188 723 3529 922 Auf dem Grund... Nein! Hineinge
912 891 3585 1118 worfen hab ich's doch nicht! So näreisch ist
947 999 3585 1233 der ärgste Narr nicht und so volltrunke
912 1167 3347 1387 kann man nicht sein!.. Aber wo
3410 1209 3588 1356 ist
919 1317 1425 1478 es?
1527 1293 3102 1471 Wo! wo  wo...
1247 1436 3403 1653 Der Regen ließ nach.. am Zim¬
936 1572 3564 1810 Himmel zeigen sich halber dunkelblau¬
957 1729 3613 1963 Streifen, und einige Sterne blückten Her¬
926 1904 3581 2110 nieder. In tiefem Schlummer lag die
915 1995 3616 2236 nächtliche Stadt. ab und zu ein Ton aus
968 2142 3637 2330 der Ferne, der kaum zu deuten war
880 2313 3522 2554 einmal ein verklingender Gesang von
940 2425 3588 2662 heimwehrenden Zechern.. dann wieder
905 2596 3585 2802 alles ruhig; und unter ihm von ihm
832 2701 3640 2903 weg, den verhüllten Bergen zustromend
884 2833 3553 3085 die gleichmäßig rauschenden Wogen. Lanz
870 2970 3585 3225 sehr lange lehnte er noch da; die Augen
880 3176 3592 3378 wären ihm wieder trowen; er selbst
887 3270 3385 3522 war ruhig geworden. Und wieder
3427 3340 3616 3490 ein
