3880 4456
3498 138 3604 264 78
793 296 3389 561 gefasst machen: es ist meine Pflicht, Ihnen
832 455 3583 688 das zu sagen. - " Gefaßt" wiederholte Franz,
783 617 3516 786 tief bestürzt.. „ gefaßt“. Nun, Ruhe, lieber
793 758 3562 945 Freund... Sie sind ja ein Mann. Damit ging
2683 818 3191 917 fand etc.
755 815 3565 1072 er... Der junge Waldein sah ihm nach, fest¬
769 998 3449 1220 gebannt, ihn nachstarrend.. minutenlang.
783 1100 3604 1322 stand er so da. Das Licht zu häupter des Kran¬
772 1210 3576 1421 ken brannte, in der Mitte des Zimmers auf
737 1347 3576 1566 dem Tisch stand eine schlecht brennende Öllampe.
786 1502 3516 1640 Die Wärtersfrau machte sich um den Kranken
808 1597 3558 1841 zu schaffen, der schwer abhmend, bloß, bewußt
822 1724 3618 1897 los dalag; sie, trocknete ihm die Stirne, rückte
755 1851 3364 2080 den Polster zurecht – reichte ihm Medizin.
829 1982 3509 2229 Franz ging ein Paar Mal im Zimmer hin
822 2119 3530 2317 und her, als hätte er was zu suchen, dann
797 2257 3554 2440 stellte er sich aus jenstende des Bettes,
853 2348 3495 2539 die Arme auf die Lehne desselben stützend
815 2482 3565 2701 er war todesmatt, manchmal dem Einschlun¬
815 2613 3544 2828 mern nahe... da wird sein Arm müch, und das
839 2747 3473 3001 Bettgestell knacktz. Er schraw zusammen
822 2835 3449 3068 und entfernte sich wieder.. Auf eine Weile
829 2994 3519 3265 ging er in den Gang, wo durch das offene
832 3117 3487 3396 Fenster eine frische Luft hereinströmte. Der
836 3262 3611 3495 volle Mordschein glänzte auf den Steinflies. Etwas
860 3353 3547 3639 schmeichelnde tröstendes lag in dem weichen su¬
875 3459 3632 3805 ßen Glanze. Da kam dem jungen Mann der Einfall,
