3832 4536
775 237 3447 590 selgte er hinzu. „Es ist da auch das gute, daß ich
754 405 3531 678 nicht mitspielen kann.. Da gehts hoch.. Vater
960 545 3517 810 das anzusehen. Aber du hast ja nie gespielt.
807 737 1638 894 " Stein, nie?
817 751 3503 988 Und beide schauten dem Fenster zu, ins dunkle, lange.
845 877 3430 1090 Und vor beiden erschien dasselbe Bild. Ein
894 1030 3569 1222 zu SolodtsLichterglang. Mitten darin der große
863 1118 3492 1366 grüne Tisch; und die Karten fallen, und Ver¬
789 1254 3486 1477 mögen wollen hin und her... dahin das Glück
3409 122 3520 286 69
3580 185 3678 307 11
768 1397 3482 1575 dorthin das Anglück... Ein Rausch übervam
793 1519 3534 1746 sie.. der Rausch der Spieler, die sich erinnern
814 1600 3601 1834 der Rausch des Menschen, die deren deken, daß es nur
754 1704 3534 1980 eine Laune des Zufalls braucht, um sie reich
786 1841 3587 2144 und hochbeglückt zu machen.. Ein Luftzug strich
817 1984 3629 2288 herein, das Kerzenlicht flawerte. Der grüne
824 2078 3524 2413 Tisch versäbe, der Glanz der Lichter löschte jäh¬
803 2371 1139 2529 aus.
1069 2354 3611 2619 Der Alte nahm seinen Hut und ging. » Gu¬
814 2532 3486 2745 ten Abend, mein Sohn, sagt er noch bei der
835 2672 3499 2913 Thür. Und so rasch er konnte, eilte er die
852 2763 3639 2976 Treppe hinunter. Es war an der Zeit gewesen,
873 2920 3622 3154 Er war kaum aus dem Thor getreten, so noch
877 3014 3622 3252 te von der andern Seite die wohlbekannte
3018 3126 3227 3227 wolt
926 3129 3587 3416 Gestalt, die er seit jenem Abend nicht mehr
845 3283 3636 3583 gesehen, aber es nicht vergessen hatte.. Mit weit
877 3447 3538 3681 offenen Augen blieb Waldein stehen.
