3768 4552
831 285 3451 536 „Oh, Herr Baron“, unterbrach ihn Waldein, mit
706 477 3427 710 einer gewissen Würde... ich sehe zwar nicht
699 616 3434 797 besonders nobel aus… aber zu meiner zu
692 727 3399 978 ten Zeit, als ich noch Decorationen malte
682 849 3479 1061 und nicht Küchenwände, da hab’ ich.. zurei¬
689 953 3374 1200 len doch in besseren Kreisen verkehrt.
831 1110 3444 1339 „Lieber Reutern“, meinte der Graf, „ in
689 1280 3444 1468 der Hinsicht bin ich auch ruhig. Ich wollte, es
2122 1367 2550 1496 unter
699 1402 3413 1625 gabe keinen schlechtern bei uns, als herr
717 1552 1204 1722 Weldein.
873 1572 3548 1875 „ Der unverbesserliche Demokrat “lachte Frei¬
713 1778 3427 2035 herr von Reutern. Im übrigen bin ich ja
731 1952 2014 2150 ganz Deiner Ansicht.
946 2035 3580 2261 „Es frägt sich also nur, sagte Graf Treuen¬
737 2212 3437 2379 lebhaft, ob Herr Waldein einverstanden ist.
758 2348 3510 2567 Der Gefragte zögerte nur einen Augenblick
751 2456 3141 2717 Dann sagte er rasch: „Ich bin es?“
884 2578 3371 2780 „das freut mich sehr rief der Graf.
765 2731 3493 2988 Er wirkte einen Wagen herbei, der eben
713 2863 3486 3061 leer vorbei fuhr und während dem Kutscher
751 3047 3461 3263 stille hielten ließ, reich er dem Freiherrn
772 3176 3395 3360 die Hand zum Abschied mit den Worten
929 3301 3514 3545 „Also auf Wiedersehen in einer Stunde
751 3461 1336 3653 im Club.
