6488 5016
1519 398 1752 544 20 —
540 544 2159 693 „Ja, ja." sagte der Graf, „das ist wohl ein mischen verrückt.“
544 612 2858 789 „Verrückt," betonte Weldein, „ja, das ist das Wort — und ich bin so verrückte" er stieß
385 749 2181 891 die Silben hervor... „ja, so verrückt, hier mitspielen zu wollen...“
544 820 2004 982 Graf Spaun blickte ihn fest und ruhig an... „Hier?"
544 941 792 1053 „Ja.. I
547 1031 761 1128 „Hm!“
556 1013 2842 1239 „Ich muß von diesem Feuer die Funken mitnehmen können.. Sie verstehen mich doch;
376 1165 1594 1283 diese... gerade diese Funken brauche ich!...
568 1174 2839 1357 „Ihre Idee, mein Freund, ist schwer durchführbar... Denn an sich würde ich sie nicht
394 1298 2839 1466 gar so verrückt finden.. Ja... es steckt sogar eine richtige Ueberlegung darin... Aber Sie
388 1395 2842 1522 wissen, so gerne Sie hier als der talentvolle Künstler gesehen sind, von dem man weiß, daß
394 1497 1746 1643 er für sein Werk Atem und Leben sucht, ebenso...
556 1541 2920 1718 „Wie? Herr Graf? Ein Wort von Ihnen würde nicht genügen, um mir für — für einen
348 1631 2087 1805 Abend nur auch das Gastrecht an diesem Tische zu gewähren..
575 1743 2243 1864 „Nun, gewiß könnte man mir das nicht abschlagen... “ aber....“
587 1755 2855 1960 „Was hält Sie noch ab?" Glühenden Auges verfolgte der Maler unterdessen das Hin-
413 1923 2277 2035 und Herfliegen der Riesensummen, welche auf die Karten gesetzt wurden.
568 1988 2578 2109 „Sie sehen ja selbst, mein junger Freund, hier wird um Beträge gespielt...
581 2081 1761 2212 „O, Herr Graf... Das wäre kein Grund."
590 2171 1444 2292 Kein Grund? Ich glaube doch.
472 2236 2867 2351 „Ich besitze noch ebenso viel Geld, als...“ und er sah dem Grafen scharf ins Auge,
422 2305 2855 2445 „als mein Vater an diesem Tisch gewonnen.“ Der Graf blieb einen Augenblick sprachlos...
413 2379 2883 2510 Dann trat er einen Schritt zurück und sagte leise und hastig zu dem jungen Weldein: „Seit
416 2473 2858 2612 wann wissen Sie?" „Seit seiner letzten Stunde!" „Also doch. Ich dachte es ja! Anfangs
413 2563 2734 2674 meinte ich, er hätte es verspielt und verthan... Also versperrt! Ein Geighals geworden!
590 2569 2886 2796 „Nein, Herr Graf nicht das es war anders... Später will ich Ihnen
429 2712 2873 2855 davon erzählen... genug, daß ich geerbt habe, das ich es besitze.“ Ohne weiter ein Wort zu
429 2796 2889 2942 sprechen, kam der Graf mit dem Künstler auf den Spieltisch zu, und sagte: „Meine Herren,
422 2886 2861 3047 unser junger Freund, der Maler Weldein, den Sie alle kennen... möchte um die Ehre
422 3010 1867 3134 bitten, einmal an Ihrer Partie teilnehmen zu können."
603 2985 2858 3240 „Mit Vergnügen... gewiß, bitte sehr, hieher...“ so klang es ihm entgegen. Und
429 3162 1143 3290 da saß er. Es war wahr!
593 3212 2879 3352 Hier an dem grünen Tische! Eine wonnige Aufregung überkam ihn... Er zog seine
429 3324 2883 3432 Bankuoten hervor und legte sie vor sich hin... Da.. etwas flog vor ihn hin... eine
429 3380 2861 3510 Karte. Er wollte sie nehmen. „Entschuldigen Sie," sagte der Geber... „Ihr Nebenmann.“
590 3467 2898 3609 Ach ja, natürlich... es kam noch nicht an ihn... der Nebenmann verlor. Das
441 3566 2883 3709 war ein Glück für ihn, für Weldein. Er durfte schon eine größere Summe wagen, denn nun
422 3647 2886 3787 war die Wahrscheinlichkeit des Gewinnes für ihn eine weit größere. So... da vor ihm
444 3762 857 3886 lag seine Karte.
596 3777 2870 3926 Er verlor... Ach, der erste Satz! Der ist bald zurückerobert... Er setzte wieder
435 3883 2879 4035 und einen etwas höheren Betrag, als das erstemal. Die Karte Weldeins verlor wieder. Ein
441 3995 1979 4103 dritter Satz -..wieder höher... Und wieder verloren.
603 4010 2889 4203 Die Mitspieler sahen den jungen Mann erstaunt an; sie hatten ihn nicht für so reich
432 4184 811 4308 gehalten
609 4159 2892 4346 Er selbst saß mit lächelnder Miene, aber mit einem eigentümlich starren Blick da...
435 4302 2640 4420 Graf Spann sagte ihm leise: „Nun haben Sie wohl schon Anregung genug. Wie?“
603 4327 2892 4523 Aber der junge Mann rührte sich nicht... er spielte weiter und verlor ununterbrochen.
447 4457 2892 4653 Ein paar Zuschauer hatten sich gesammelt; man war erstaunt über das kühne Spiel des
4594 426 4892 559 — 21 —
3501 534 5914 702 Malers. Bald war es allen klar, daß er eine große Erbschaft gemacht hatte und daß
3507 665 5955 777 guter Teil davon verloren war. Da sagte Graf Spaun: „Wollen Sie sich nun nicht ein
3507 755 4035 870 bischen ausruhen?“
3662 783 5961 935 Aber Weldein spielte weiter. Ein Satz nach dem anderen ging verloren. Man fing an, ihn zu
3495 907 5958 1041 bedauern, man schüttelte den Kopf über seine wahnsinnigen Sätze. Sein Unglück war unsaßbar
3513 988 5989 1121 Nur einen Augenblick schien es, als wollte sich die Sache wenden. Doch nein. Das alte Unglück
3519 1053 5973 1218 sing gleich wieder an. Und er lächelte immerfort, zum Schluß lachte er sogar hell auf! Und
3522 1180 5964 1283 jetzt erhob er sich. Es war zu Ende. „Guten Abend, meine Herren," sagte er. Man machte
3513 1227 5998 1364 ihm Platz, wie einem Menschen, vor dessen Unglück man Achtung haben muß. Er schritt dem
3522 1336 5961 1482 Ausgang zu... Man schaute ihm nach. Der Graf folgte ihm. Waldein eilte die Stiege
3516 1413 5265 1550 hinunter, die Straße entlang. An der Ecke holte ihn der Graf ein.
3678 1516 4361 1628 „Weldein... Weldein!"
3684 1590 4405 1708 „Ah — Sie, Herr Graf!“
3690 1671 4218 1805 „Wohin eilen Sie?"
3684 1758 4259 1882 „Ich weiß nicht...
3693 1767 5976 2019 „Machen Sie mir keineuchkeiten. Verstehen Sie! Keine Narrheiten. Es ist ja
3519 1898 4141 2059 weiter nichts verloren.“
3700 2007 4206 2125 „Nein, gar nichts!"
3690 2050 5806 2196 „Gewonnenes Geld! Ja, wenn's erworben, sauer erarbeitet gewesen wäre...
3690 2162 5973 2289 Der junge Künstler antwortete nichts, ging rasch vorwärts, den Weg durch die lange
3529 2271 5980 2379 Gasse nehmend... wie damals sein Vater. Mit Mühe nur vermochte es der Graf, an
3535 2327 5989 2488 seiner Seite zu bleiben. Er wiederholte: „Wohin laufen Sie denn eigentlich? Kommen Sie
3507 2438 4644 2556 doch mit mir... noch ein Glas trinken.
3715 2466 5855 2634 „Sie sind sehr liebenswürdig, Herr Graf; aber wenn Sie mir folgen wollen..
3529 2594 4895 2749 muß an eine ganz besondere Stelle, ich muß dahin.
3709 2687 4004 2805 „Wohin?"
3696 2702 5790 2945 „Wohin? Dorthin, wo mein Vater an jenem Abend das Geld vergraben hatte."
3728 2858 4318 2970 „Also doch vergraben!"
3703 2895 4694 3075 „Ja... und er vergaß die Stelle."
3706 3032 4007 3159 „Vergaß?"
3715 3019 6007 3221 „Ja — vergaß sie. Zwanzig Jahre lebte er so hin, als ein reicher Mann, der nur
3529 3159 6029 3311 nicht wußte, wo er sein Geld liegen hatte. Köstlich, nicht? Und auf dem Totenbette fiel
3547 3286 3873 3392 es ihm ein.“
3715 3314 4762 3457 „Wie? Was ist das für ein Märchen?“
3706 3408 6004 3560 „Nein! Wahrheit, Herr Graf! Und dieses Leben! Die ewige Qual.. als reicher
3547 3513 6004 3650 Mann darben zu müssen... und ich! Plötzlich fiel es mir zu! Und ich stand da als ein
3547 3613 4057 3762 Unabhängiger
3740 3675 4594 3814 „Wohin führen Sie mich denn?“
3715 3755 4818 3889 „Kommen Sie nur, wir sind bald dort!"
3709 3873 4805 4013 „Ja, was wollen Sie denn jetzt dort?"
3728 3957 4103 4066 „Eine Laune."
3709 3988 5622 4159 Eine Weile eilten sie schweigend weiter. Sie waren am Ufer angelangt.
3709 4125 4333 4252 „Da — die Brücke.“
3709 4184 4392 4330 „Nun?" fragte der Graf.
3709 4240 6014 4395 „Folgen Sie mir nur!“ Und er eilte den Weg hinab unter die Brücke... Er warf
3572 4367 5144 4529 sich neben dem Pfeiler zu Boden und rief aus: „Da! Da!“
3703 4457 3998 4619 „Wie —
