3736 4600
3437 160 3570 308 13
753 304 3437 572 gehts jetzt nicht eben gut. Ich habe Ihnen
742 475 3396 694 schon erzählt, daß ich früher Maler war...
750 683 3537 850 ich war Decorationsmaler in einem Theater,
757 809 3555 991 man entluß mich, es kamen Leute, die mehr
768 928 3496 1128 Talent hatten, als ich; das ist je leute wahr
783 1061 3552 1258 Kurz vor meiner Entlassung hatte ich gehei¬
746 1243 3592 1444 rathet; ich konnte nicht warten, ich mußte
727 1347 3559 1581 verdienen. Und da nahm ich, was sich dar
761 1440 3463 1696 bot. So bin ich jetzt Anstreicher; damit
753 1592 3578 1856 bringe ich uns, mich, die Frau und den Jun¬
757 1729 2212 1986 gen so leidlich fort.
2754 1752 2984 1926 Sin
902 1889 2706 2115 „hm... meinte der Graf.
2735 1874 3518 2119 Sch spielmösel:
601 2052 3589 2249 Sollxx, erwiderte Karl Waldein im Tone voll¬
750 2204 3496 2409 ster Aufrichtigkeit, ebenso wie ich selten
750 2312 3548 2557 trinke. Aber wenn ich einmal trinke.
757 2427 1496 2646 oder spiele.
1518 2516 1652 2624 ..
1926 2468 3132 2694 Er unterbrach sich.
846 2590 2598 2832 „ Nun? fragte der Graf
831 2735 3611 2980 "Neu, - da bin ich nicht Karl Waldrin mehr
761 2869 3496 3095 dann bin ich irgend einer, den ich selbst
742 3010 3581 3240 nicht mehr kenne. Mein Verstand geht mir
787 3143 2988 3351 durch... ich bin einfach verrückt
3214 3181 3496 3340 das
3028 3244 3181 3329 ..
798 3348 3448 3544 ist traurig, werden Sie sagen, und ich
790 3429 3448 3696 sollte aber nicht spielen und nicht trinken.
