3736 4584
3414 122 3554 252 34.
709 327 3450 576 neuen schönen Tages. Niemand kümmerte
694 493 3490 716 sich um ihn... Er versuchte zu pfeifen irgend
662 579 3554 777 ein Ding, das ihm zust über die Lippen kam
741 698 3533 971 Er konnte nicht, die Rehle war“ ihm Zugeschniert
737 885 3572 1108 Warum bist du so aufgeregt, sagt er sich dann
727 993 3410 1202 ... „Du bist links gegangen – eine gute
755 1140 3428 1371 Weile... und hast Dich dann gebückt
759 1288 3536 1529 Also unten, irgend wo unten muß es lie¬
712 1425 3504 1666 gen... das ist ja schon sehr viel.. so viel
716 1536 3562 1820 zu wissen.. dann gestern um die Zeit warst
730 1720 3500 1950 du noch ein armer Schlucker... Aber.. wozu
734 1828 3565 2015 bückt man sich... Am etwas zu vergraben
835 2000 3461 2216 Ich habe es also vergraben.. Oh... ich
752 2119 3558 2353 weiß ja noch mehr.. es rauschte durch die
741 2263 3450 2457 Käume.. in einem Garten also hab ich’s
712 2407 3508 2626 vergraben.. Nein... es war kein Garten
2518 2511 3389 2651 es war ein
1029 2511 2468 2720 es hallte wieder...
759 2579 3587 2860 Brunnen... ja ein Brunnen – und darum
791 2777 3544 2986 rauschte es . und ich stieg hinunter und
817 2885 3536 3101 darum hallte es wieder. Er ging immer
781 3025 3551 3209 dieselbe Straße auf und ab und sagte wohl
752 3184 3295 3407 hundertmal vor sich her.. Es rauschte
763 3288 3518 3511 und es hallte wieder. Nach einer Weile
799 3446 3558 3677 hielt er inne.. „Und wenn es ein Brun
