6504 5080
1667 373 1882 557 6 —
663 524 2963 672 Er stand da, minutenlang, totenblaß, den Schweiß auf der Stirn. Es war, um toll zu
502 669 2963 772 werden! Er nahm seinen Hut, der auf dem Tische lag und setzte ihn auf. Er stürzte die Thür
495 734 1950 843 hinaus, die Treppe hinunter und fort, fort — dorthin!
1676 817 1837 1004 11
663 946 2950 1091 Da lag sie vor ihm, die lange, lange Straße im hellen Sonnenschein des Morgens,
489 1078 2950 1178 und er eilte den Häusern entlang weiter. Da kam die Kreuzung, endlich — und da... da war
495 1162 2963 1281 er links gegangen, wieder durch eine schöne, aber viel weitere Straße! Er kannte sie natürlich, aber
483 1271 2950 1361 er erinnerte sich nicht, nachts hier gewesen zu sein. Nun freilich, es war ja ganz dunkel geweßen.
508 1326 2957 1448 Und nun entsann er sich eines wichtigen Moments... er hatte sich gebückt. Er wußte es ganz
489 1403 2957 1515 deutlich... aber wann hatte er sich gebückt? Wie weit war er gegangen? Minutenlang? Eine
495 1493 2947 1589 Stunde lang?... Ruhe, Nuhe, sagte er sich wieder, indem er stehen blieb. Er stand da
502 1573 2947 1670 und ließ das Leben der Stadt um sich fluten... Sommerlich angethan spazierten sie daher,
502 1660 2986 1773 jung und alt, alle freuten sich des neuen schönen Tages. Niemand kümmerte sich um ihn.. Er
502 1741 2960 1837 versuchte zu pfeifen, irgend ein Ding, das ihm just über die Lippen kam. Er konnte nicht, die
495 1831 2947 1947 Kehle war ihm zugeschnürt. „Warum bist du so aufgeregt" — sagte er sich dann... du
495 1889 2947 2027 bist links gegangen — eine gute Weile... und hast dich dann gebückt. Also unten, irgendwo
470 1995 2928 2082 unten muß es liegen... das ist ja schon sehr viel... so viel zu wissen... denn gestern
489 2072 2934 2172 um die Zeit warst du noch ein armer Schlucker Aber... wozu bückt man sich..
495 2153 2954 2268 Um etwas zu vergraben.. Ich habe es also vergraben.. oh.. ich weiß ja noch mehr..
495 2230 2954 2346 es rauschte durch die Bäume.. In einem Garten also hab ich's vergraben.. Nein. es
495 2323 2938 2407 war kein Garten.. es hallte wieder... es war ein Brunnen.. ja ei Brunnen und darum
495 2397 2960 2516 rauschte es.. und ich stieg hinunter und darum hallte es wieder.“ Er ging immer dieselbe
502 2471 2928 2571 Straße auf und ab und sagte wohl hundertmal vor sich her.. „Es rauschte.. und es hallte
495 2561 2921 2661 wieder..“ Nach einer Weile hielt er inne.. „Und wenn es ein Brunnen war.. wo.
489 2645 2950 2741 wo? — Aber nein, es ist zum Lachen, es war kein Brunnen... gewiß nicht! Und wie gut,
486 2735 2931 2851 daß es kein Brunnen war, denn ich könnte ihn doch nicht finden, das ist gut...“ Er lachte.
495 2815 2921 2909 — Die Zähne klapperten ihm, er glaubte toll zu werden. Dann fing er wieder an: „Es
495 2893 2928 3008 rauschte und hallte wieder...“ Er stand vor einer Branntweinschänke.. Er ging hinein und
499 2983 2928 3098 ließ sich ein Gläschen füllen.. Durch die Fenster sah er wieder auf die Straße, wo die
489 3053 2921 3160 Menschen teilnamslos und fröhlich vorüberzogen.. Er trank und trank... „Nun muß es
489 3153 2934 3259 mir ja einfallen... denn im Rausch sieht der Mensch klarer.. Gewiß.. heute nachts fand
489 3230 2921 3349 ich den Weg ja im dunklen.. nur weil ich betrunken war... ich werde ihn jetzt wieder
492 3314 2921 3427 finden." Als er hinaustrat, schwankte er ein wenig, aber sein Herz war leichter.. „Nun bin
470 3401 2921 3481 ich ja lustig," murmelte er... „Lala, tralala... lustig.... lust warum bin ich lustig?
560 3481 2921 3581 Weil ich fühle, wie mir die Erinnerung zurückkommt.. links... ja links! Da bin ich
470 3555 2918 3684 .. und ich ging.. irgendwohin, wo es rauschte und wiederhallte.. Nur lustig.. Du wirft
489 3639 1081 3752 schon finden, Weldein!"
660 3687 2918 3822 Er war an das Ende der Straße gelangt und befand sich am Eingang eines großen
495 3781 1847 3893 Parkes; ein leichter Wind zog durch die Blätter
653 3858 2921 4009 „Siehst du, Weldein... es rauscht schon.. “ Er taumelte vorwärts... über einen
470 3980 2921 4086 breiten Kiesweg, zu dessen Seiten hohe Bäume im Blätterschmuck prangten. Auf den grünen
470 4048 2918 4147 Bänken saßen Kindsmägde und junge Mütter; alte Herren, Studenten schritten vorbei; Kinder
476 4131 2918 4231 spielten mit Reifen und Steinen. Weldein nahm einen Seitenweg; er kam bald auf einen
483 4218 2928 4331 freien Wiesenplan, auf den die Sonne glühte... Der Rasen war nicht eingezäunt; im
476 4305 2928 4427 Abendschatten pflegten hier die Kinder zu spielen: jetzt lagen da einige junge Burschen, die schliefen.
460 4389 2921 4498 Ueber diese Wiese schwankte Weldein weiter. Das Gezweig bewegte sich leicht; ganz leise
470 4476 2934 4579 säuselte es in den Blättern... „Es ranscht, es rauscht...." lallte Weldein. Dann fank
3623 544 6104 689 er hin auf den heißen Rasen, und ein dumpfer Schlummer befiel ihn. Nach kurzer Zeit schon
3623 656 6091 743 setzte er sich auf und starrte vor sich hin... Sein Kopf war freier, und er begann von
3629 743 6062 856 neuem nachzusinnen. „Es ist wohl Mittag vorbei und gestern war ich ein armer Schlucker..
3623 824 6097 920 Es kommt darauf an, nun ja, natürlich, daraus komnt es an, daß ich ruhig genug werde,
3629 920 6088 1014 um mich an alles zu erinnern. Unsinn! Erinnern muß ich mich am Ende... Jetzt ist's zu
3642 988 6084 1097 heiß... man kann nicht nachdenken, wenn einem die Mittagssonne auf dem Schädel brennt
3623 1088 6104 1190 ... Also Ruhe... und warten, bis es kühler wird." Er stand auf und spazierte mit
3607 1165 6088 1268 genächlichem Gange durch die Alleen des Parkes. Manchmal war es ihm, als ob er sich
3581 1252 6091 1342 auf die Erde werfen, mit den Nägeln im Sande wühlen müßte. Er knirschte mit den Zähnen;
3604 1338 6075 1441 er biß sich in die Lippen. Einigemals setzte er sich auch auf eine Bank; doch hielt es ihn
3610 1393 6084 1506 nicht lange. Es war ihm, als müßte er schreien und fluchen. Plötzlich stürzte er davon
3623 1474 6088 1593 weg aus diesem Park, wo die Bäume unaufhörlich rauschten. Er begriff nicht, was er so
3629 1570 6123 1657 lange darin gemacht hatte... Er wonderte durch die Gäßchen und Gaffen; bald langsam,
3510 1638 6094 1786 bald schnell; er dachte nicht daran, daß er noch keinen Bissen gegessen hatte... Die halbe Stadt
3575 1760 6091 1860 durcheilte er kreuz und quer, Thränen der Wut im Auge, und als der Abend kam, stand er
3600 1837 6116 1924 wieder in jener langen Straße vor dem Branntweinladen, todmüde. Und wieder ging er
3610 1889 6088 2001 hinein, setzte sich zu einem kleinen Tischchen und ließ sich ein Glas vom allerstärksten geben.
3610 1972 6084 2072 Und wie er es vor sich stehen hatte und an die Lippen führen wollte, da konnte er nicht
3610 2069 6126 2194 trinken; die Thränen sloßen ihm über die Wangen, und das Gesicht in den Händen, schluchzte
3610 2172 6084 2259 und weinte er wie ein Mann, der sein Liebstes verlor! Anfangs schaute man ihn wohl an;
3613 2227 6097 2346 das hübsche Mädchen, das beim Schanktische stand, und auch die Leute, die sich in dem Laden
3616 2326 6110 2416 neue Kräfte oder einen neuen Rausch holten; aber ernstlich kümmerte es ja keinen, und sie
3616 2413 6097 2516 ließen den guten Mann da ruhig weinen, wie es ihm beliebte. Nach einer geraumen Weile
3623 2477 6075 2580 wischte sich Waldein die Thränen aus dem Gesicht und trank seinen Branntwein aus... Er
3623 2551 6104 2671 ließ sich einen frischen geben, und dann wieder einen; er trank wohl eine Stunde lang. Auf
3616 2654 6091 2748 der Straße brannten die Laternen; die Nacht brach herein. Ein dünner, warmer Regen fiel
3610 2725 6075 2835 nieder. Das Wagengerassel wurde schwächer, der Menschenstrom spärlicher. Und Waldein
3623 2809 6091 2912 trat wieder hinaus, er nahm den Hut vom Kopfe, ließ den Regen über seine Haare rieseln.
3616 2889 6081 3008 Die Abendluft kühlte ihm die Stirne... Langsam schritt er weiter... so ruhig hatte er
3629 2983 6081 3092 sich seit dem Morgen nicht gefühlt... „Nun an die Arbeit," sagte er sich....Nun wirst
3616 3057 6110 3160 du's finden." Und zum hundertstenmal wiederholte er sich... links — und es rauschte und
3636 3137 6049 3275 hallte wieder...“ Er schüttelte den Kopf.. „Das ist nicht alles.. das isi zu wenig.
3610 3218 6075 3324 Er schaute vor sich hin... und plötzlich glitt ein Schein von Hoffnung über sein Gesicht..
3623 3314 6091 3430 „Vom Gebäude des Klubs aus bin ich hingegangen... warten wir noch eine Weile und
3607 3388 6068 3501 dann machen wir's eben so wie gestern. Ja, ja, so muß es gehen, und nun ruhig...
3623 3468 6081 3578 ruhig." Und wieder spazierte er hin und her; nahm seine kurze Pfeife aus dem Sack, stopfte
3629 3555 6097 3678 sie und zündete sie an... Die Zeit wird schon vergehen.. - Und Waldein durchkreuzte
3610 3655 6075 3748 wieder die Stadt. „Sollte wohl einen Augenblick nach Hause schauen.. Ach, lassen wir's
3610 3719 6197 3861 lieber.. Hrn.. aber essen.. Im Gasthaus, wo mich gestern die Herren trafen? Nein,
3610 3813 4772 3925 nein, später, wenn der Hunger kommt...
3684 3851 6094 3996 Die Minuten und Viertelstunden schlichen hin.. endlos dehnte sich die Zeit. Ab und
3600 3974 6075 4070 zu hatte Weldein auf einer Bank für eine kurze Weile geruht; dann war er wieder aufgestanden;
3607 4067 6081 4163 die Mitternacht wollte nicht kommen. In den Straßen wurde es menschenleer.. Der Regen
3616 4125 6091 4247 fiel heftiger als früher.. Dann wurde es wieder lebhaft in der Stadt; die Wagen fuhren
3610 4234 6084 4337 zahlreicher, man begegnete auch mehr Fußgängern; die Theater waren aus. Also zehn Uhr
3616 4308 6078 4414 vorbei.. Noch zwei Stunden bis dahin.. Und was thun bis zwölf Uhr.. Es zog ihn
3607 4389 6081 4482 wieder unwiderstehlich in jene lange Straße. Essen? Nein, er konnte nicht. Aber trinken!
3600 4463 6081 4588 ja.. Das beruhigt doch wieder ein wenig. Also weder in die Schänke! Doch nein, nicht
