3832 4552
950 335 3619 521 werfen, mit den Nägeln im Sande wur¬
971 460 3525 639 len müßte. Er knirschte mit den Zäh¬
937 619 3643 835 nen. er biß sich auf die Lippen. Einige
984 720 3643 923 Wale setzte er sich auch auf eine Baus¬
1008 910 3670 1093 doch hielt es ihn nicht lange. Es war ihm als
971 1022 3616 1208 müßte er schreien und fluchen. Plötzlich
971 1184 3690 1390 stürpterer davon – weg aus diesem Park
964 1282 3548 1526 wo die Bäume unaufhörlich rauschten
984 1448 3660 1651 Er begriff nicht, was er so lang dann
991 1590 3609 1786 drei gemacht hatte... Er wänderte
991 1691 3535 1911 durch die Gaßchen und Gassen; bald
988 1837 3616 2057 langsam, bald schnell; er dachte nicht
988 1942 3633 2182 daran, daß er noch keinen Bissen ge¬
974 2084 3680 2324 gessen hatte.. Die halbe Stadt durtheilte
964 2229 3511 2418 er kreuz und quer, Thränen der
967 2347 3565 2594 Wuch im Auge, der Wahnsache wahr¬
971 2496 3552 2679 Und als der Abend kam, stand er
971 2598 3596 2841 wieder in jener langen, langen
988 2757 3660 2926 Straße, vor dem Branntweinladen todt
964 2902 3569 3109 müde. Und wieder ging er hinein
971 3021 3558 3227 setzte sich zu einem kleinen Tischchen¬
3278 3142 3677 3332 stärksten
988 3169 3437 3399 und ließ sich ein Glas vom aller
971 3298 3548 3575 sten geben. Und wie er es vor sich
