3928 4248
1397 315 3825 580 rief: „Genug! Komme. Sie! konne
1443 468 3797 733 Sie. - Langsam erhob sich Waldein.“
1384 658 3694 876 komme... Jähren Sie mich zurück.
1394 786 1811 998 Graf!
2148 870 2291 979 2 3
1565 898 2111 1100 „ Wohin
2086 948 3806 1213 zurück in den Club! Nun
1537 1057 1992 1200 „Neu
1341 1160 2653 1375 ich wieder spielen.
1562 1303 3803 1515 Rathlos stand der Graf da.. War's
1390 1422 3713 1612 möglich. Toll hatte ihn der Verlust
1362 1615 3822 1752 gemacht. Sie waren beide wieder ei¬
1394 1708 3797 1920 gestiegen und standen neben der Be¬
1403 1824 3831 2058 Der Graf fasste die Hand des jungen
1372 1948 3750 2188 lers und sagte: Beruhigen Sie sich.
1387 2129 3638 2335 spät... wir müssen rosch zurück
1328 2210 1964 2385 Weldein.
1524 2363 2132 2519 " Aber..
1518 2450 3747 2725 Mit einem Ruck hatte sich Waldein
1337 2625 3825 2881 macht und stürzte davon, durch die in
1341 2771 3838 2977 schenleeren Gassen, stürzte er in wahr¬
1334 2874 3838 3099 ster Eile. Der Graf folgte ihm unter le¬
1356 3074 3819 3286 Rufen. Nach einigen Minuten war den
1362 3205 3835 3426 ge Mann so weit, daß ihn sein Verfä¬
1325 3339 3831 3582 nicht mehr einholen konnte... Er im
