3128 4216
2786 145 2932 353 P.
433 395 2963 630 Sie gingen mit einander die Stufe zum
270 568 2973 810 adligen Club hinauf... Graf Treuen und
305 716 1346 924 Franz Waldein.
478 838 3022 1076 „Fühlen Sie denn schon die Stimmung heute
305 973 1471 1208 fragte der Graf.
443 1108 2980 1340 " herr Graf - noch wenige Ununten und
260 1246 2149 1509 Sie werden mich begreifen.
1796 1333 2302 1551 leibes
433 1405 1346 1609 „Mag sein.
426 1516 2437 1734 „Sie wundern sich über mich?“
436 1641 2952 1869 „Begreiflicherweise. Bedenken Sie nur:
2278 1789 2991 1976 geschlossenen
298 1776 2288 1973 Sie kommen von dem kaum
312 1886 2942 2139 Grab Ihrer Vaters zu mir gelaufen und
280 2028 2918 2298 beschwören mich, Sie heute hieher, in die
291 2177 2921 2430 Stätte des Glanzes und der Freude zu sich,
249 2399 575 2544 ren.
426 2357 2942 2631 „für mich ist sie nicht das! Für mih ist
249 2530 2804 2766 sie der Ort meiner Studien? und ich
235 2641 2991 2876 würde jetzt verzweifeln ohne meiner Kunst¬
235 2793 2987 2997 Und gerade dieses Bild liegt mir am Herzen
246 2942 2921 3177 ich muß es malen, muß zu bald malen.
370 3036 2769 3240 „Sie haben doch schon vieles fertig?
315 3195 2956 3430 „ Skippen... ja... es fehlt mir noch etwas.
228 3312 2904 3492 irgend etwas. – Sie waren unterdessen in
253 3409 3036 3676 den Vorsaal gekommen, wo sie ihre Oberkleider
