3832 4328
844 336 3467 574 wieder in mir aufgewacht. Diese ganze Nach¬
868 529 3553 778 die Brünke, ja! Die Brücke. Es war dort
910 668 3408 917 ich wußte es ja! Unter der Brücke.
889 785 3418 976 unter den Steinen.. ein Hammer la¬
875 920 3529 1187 daneben... ich nicht das xxx ich vergnü¬
2360 1045 2699 1156 ardre
900 1052 3564 1308 das Geld und mit dem Jammer schlug ich
893 1214 3574 1432 drauf.. darum rauschte es und hallte wie
1273 1356 1384 1464 "
938 1370 1194 1571 der
1066 1387 3543 1640 Vater. Wo ist das? Ich verstehe dich
862 1560 3647 1765 nicht! Ein Schatz... unter der Brücke, wo
972 1716 3591 1906 „Die Löwenbrücke“ der Weg diesseits
934 1810 3546 2000 unter der Brücke, knapp am Flusse. Zu
903 2003 3640 2194 dieser Jahreszeit zwei Schuh breit vom Was¬
938 2090 3567 2342 fer weg. Da geht ein schmaler Weg zur
924 2239 3657 2477 Landungsstelle... gepflastert. Damals wur¬
938 2360 3619 2536 de eben gearbeitet, es war kaum vollen
934 2498 3585 2706 det. Mit einem Hammer schlug ich es auf.. obel
983 2633 1976 2851 liegt das Geld
1758 2768 1896 2896 1 3
1142 2775 1733 2941 „ Aber
1131 2740 3706 3062 „ Du glaubst es nicht. Wenn das Wunde, wollte
3287 2979 3668 3135 erinnere.
955 2989 3007 3249 daß ich mich in diesem Augenblick da
945 3086 3550 3377 so muß das Wunder auch wollen, daß der Geld
2166 3228 2453 3418 Pr.
913 3252 1931 3512 noch dortliegt -!
1159 3353 2602 3602 Unter der Löwenbrücke
1204 3425 3588 3761 Unter dem gepflasterten Weg.. gewiß wir
