<?xml version="1.0" encoding="UTF-8" standalone="yes"?>
<PcGts xmlns="http://schema.primaresearch.org/PAGE/gts/pagecontent/2013-07-15" xmlns:xsi="http://www.w3.org/2001/XMLSchema-instance" xsi:schemaLocation="http://schema.primaresearch.org/PAGE/gts/pagecontent/2013-07-15 http://schema.primaresearch.org/PAGE/gts/pagecontent/2013-07-15/pagecontent.xsd">
    <Metadata>
        <Creator>prov=READ-COOP:name=TrHtr:version=2.1.0:model_id=51170:date=14_08_2023_14:25</Creator>
        <Created>2023-05-10T14:21:13.510+02:00</Created>
        <LastChange>2023-08-14T14:25:43.709+02:00</LastChange>
        <TranskribusMetadata docId="1428615" pageId="55418787" pageNr="25" tsid="132807941" status="IN_PROGRESS" userId="64420" imgUrl="https://files.transkribus.eu/Get?id=WCNWXMGSUHVPZSPRTKVPRXTN&amp;fileType=view" xmlUrl="https://files.transkribus.eu/Get?id=IDSKHIOCIGVKVAXRBUZTYIPF" imageId="44692891"/>
    </Metadata>
    <Page imageFilename="1428615_0025.jpg" imageWidth="3720" imageHeight="4600">
        <ReadingOrder>
            <OrderedGroup id="ro_1711786996218" caption="Regions reading order">
                <RegionRefIndexed index="0" regionRef="tr_1"/>
                <RegionRefIndexed index="1" regionRef="tr_2"/>
            </OrderedGroup>
        </ReadingOrder>
        <TextRegion id="tr_1" custom="readingOrder {index:0;}">
            <Coords points="758,164 3498,164 3498,1615 758,1615"/>
            <TextLine id="tr_1_tl_1" custom="readingOrder {index:0;}">
                <Coords points="3343,250 3360,250 3374,264 3402,250 3426,260 3443,246 3488,257 3481,118 3461,121 3454,114 3409,125 3357,160 3339,160"/>
                <Baseline points="3358,214 3402,220 3447,220 3492,220"/>
                <TextEquiv>
                    <Unicode>12.</Unicode>
                </TextEquiv>
            </TextLine>
            <TextLine id="tr_1_tl_2" custom="readingOrder {index:1;}">
                <Coords points="780,562 1959,621 2732,485 3315,541 3415,513 3422,350 784,399"/>
                <Baseline points="800,540 832,540 877,537 922,531 967,528 1011,528 1056,531 1101,531 1146,531 1191,531 1235,528 1280,525 1325,522 1370,525 1414,522 1459,522 1504,519 1549,519 1594,516 1638,519 1683,516 1728,513 1773,513 1817,516 1862,513 1907,510 1952,510 1997,510 2041,507 2086,507 2131,504 2176,504 2220,501 2265,501 2310,495 2355,492 2400,492 2444,489 2489,486 2534,483 2579,483 2623,480 2668,480 2713,477 2758,477 2802,477 2847,477 2892,474 2937,471 2982,468 3026,465 3071,462 3116,459 3161,459 3205,456 3250,450 3295,453 3340,453 3385,447 3429,441"/>
                <TextEquiv>
                    <Unicode>ich mir wohl die Frage erlauben, wie sich</Unicode>
                </TextEquiv>
            </TextLine>
            <TextLine id="tr_1_tl_3" custom="readingOrder {index:2;}">
                <Coords points="770,700 1203,773 1588,659 2500,728 3249,610 3422,683 3426,506 773,586"/>
                <Baseline points="794,662 835,665 880,665 925,665 970,662 1014,662 1059,662 1104,662 1149,662 1194,662 1238,662 1283,662 1328,659 1373,659 1417,659 1462,656 1507,656 1552,653 1597,653 1641,653 1686,653 1731,653 1776,653 1820,647 1865,650 1910,650 1955,650 2000,647 2044,644 2089,641 2134,638 2179,635 2223,629 2268,629 2313,629 2358,626 2402,623 2447,623 2492,620 2537,620 2582,620 2626,617 2671,617 2716,617 2761,614 2805,614 2850,614 2895,611 2940,614 2985,611 3029,608 3074,605 3119,605 3164,605 3208,605 3253,605 3298,602 3343,602 3388,600 3432,594"/>
                <TextEquiv>
                    <Unicode>Euere Gnaden in unser Wirthshaus verirrt</Unicode>
                </TextEquiv>
            </TextLine>
            <TextLine id="tr_1_tl_4" custom="readingOrder {index:3;}">
                <Coords points="773,881 808,874 874,825 908,850 950,825 967,846 1033,856 1085,822 1189,804 1189,735 1123,756 1013,700 967,735 902,711 856,749 777,766"/>
                <Baseline points="797,797 838,797 883,797 928,800 973,797 1017,797 1062,797 1107,794 1152,794 1197,794"/>
                <TextEquiv>
                    <Unicode>haben.</Unicode>
                </TextEquiv>
            </TextLine>
            <TextLine id="tr_1_tl_5" custom="readingOrder {index:4;}">
                <Coords points="960,967 1522,919 2212,1006 2334,922 3409,919 3412,801 964,843"/>
                <Baseline points="982,916 1000,916 1044,913 1089,910 1134,910 1179,910 1223,910 1268,913 1313,913 1358,913 1402,913 1447,913 1492,913 1537,913 1582,913 1626,913 1671,916 1716,916 1761,916 1805,913 1850,913 1895,913 1940,910 1985,907 2029,907 2074,904 2119,901 2164,898 2208,898 2253,895 2298,895 2343,892 2388,895 2432,895 2477,895 2522,895 2567,889 2611,895 2656,892 2701,892 2746,889 2791,889 2835,886 2880,883 2925,883 2970,880 3014,877 3059,871 3104,868 3149,868 3194,865 3238,862 3283,859 3328,856 3373,850 3417,847"/>
                <TextEquiv>
                    <Unicode>„Wie kamen zufällig in diese Vorstadt¬</Unicode>
                </TextEquiv>
            </TextLine>
            <TextLine id="tr_1_tl_6" custom="readingOrder {index:5;}">
                <Coords points="759,1082 3204,1068 3405,1013 3405,905 763,985"/>
                <Baseline points="779,1050 817,1050 862,1050 907,1047 952,1047 997,1047 1041,1044 1086,1047 1131,1047 1176,1047 1220,1047 1265,1044 1310,1044 1355,1044 1400,1044 1444,1044 1489,1044 1534,1044 1579,1044 1623,1044 1668,1044 1713,1044 1758,1041 1802,1041 1847,1041 1892,1038 1937,1038 1982,1041 2026,1038 2071,1038 2116,1035 2161,1032 2205,1029 2250,1029 2295,1029 2340,1029 2385,1026 2429,1026 2474,1023 2519,1023 2564,1023 2608,1023 2653,1023 2698,1020 2743,1017 2788,1014 2832,1014 2877,1011 2922,1011 2967,1008 3011,1005 3056,1002 3101,1002 3146,994 3191,994 3235,991 3280,988 3325,988 3370,991 3414,997"/>
                <TextEquiv>
                    <Unicode>erwiderte Treuen, und da uns manch’ Ge¬</Unicode>
                </TextEquiv>
            </TextLine>
            <TextLine id="tr_1_tl_7" custom="readingOrder {index:6;}">
                <Coords points="763,1227 1484,1175 1859,1276 2025,1182 3370,1186 3370,1075 2861,1026 2562,1130 766,1075"/>
                <Baseline points="782,1185 826,1182 871,1182 916,1182 961,1182 1005,1182 1050,1185 1095,1182 1140,1185 1185,1182 1229,1182 1274,1179 1319,1176 1364,1176 1408,1176 1453,1173 1498,1176 1543,1182 1588,1182 1632,1182 1677,1182 1722,1182 1767,1182 1811,1179 1856,1179 1901,1179 1946,1176 1991,1176 2035,1176 2080,1173 2125,1173 2170,1173 2214,1170 2259,1170 2304,1164 2349,1164 2394,1161 2438,1161 2483,1161 2528,1158 2573,1158 2617,1158 2662,1158 2707,1152 2752,1152 2797,1152 2841,1149 2886,1146 2931,1149 2976,1152 3020,1149 3065,1149 3110,1146 3155,1143 3200,1140 3244,1137 3289,1134 3334,1134 3379,1131"/>
                <TextEquiv>
                    <Unicode>danke über das Spielen eben durch den Kopf</Unicode>
                </TextEquiv>
            </TextLine>
            <TextLine id="tr_1_tl_8" custom="readingOrder {index:7;}">
                <Coords points="763,1397 3433,1276 3311,1186 2805,1252 2556,1162 1838,1283 1415,1193 766,1224"/>
                <Baseline points="782,1334 800,1334 844,1331 889,1331 934,1331 979,1331 1023,1334 1068,1334 1113,1331 1158,1328 1202,1325 1247,1322 1292,1319 1337,1316 1382,1313 1426,1313 1471,1313 1516,1316 1561,1316 1605,1319 1650,1319 1695,1316 1740,1319 1785,1316 1829,1313 1874,1310 1919,1310 1964,1304 2008,1304 2053,1301 2098,1298 2143,1298 2188,1295 2232,1292 2277,1292 2322,1286 2367,1289 2411,1286 2456,1286 2501,1286 2546,1283 2591,1283 2635,1283 2680,1283 2725,1280 2770,1280 2814,1280 2859,1277 2904,1274 2949,1271 2994,1274 3038,1274 3083,1271 3128,1271 3173,1268 3217,1268 3262,1268 3307,1268 3352,1265 3397,1265 3441,1265"/>
                <TextEquiv>
                    <Unicode>flogen, blieben wir wie gebauet vor der</Unicode>
                </TextEquiv>
            </TextLine>
            <TextLine id="tr_1_tl_9" custom="readingOrder {index:8;}">
                <Coords points="735,1540 2143,1453 2393,1519 2549,1422 3339,1439 3429,1321 739,1415"/>
                <Baseline points="758,1483 791,1480 835,1477 880,1474 925,1474 970,1474 1014,1474 1059,1477 1104,1474 1149,1474 1194,1471 1238,1468 1283,1462 1328,1459 1373,1459 1417,1456 1462,1453 1507,1453 1552,1453 1597,1456 1641,1456 1686,1456 1731,1450 1776,1447 1820,1447 1865,1444 1910,1444 1955,1441 2000,1441 2044,1444 2089,1435 2134,1432 2179,1432 2223,1432 2268,1429 2313,1426 2358,1423 2402,1420 2447,1420 2492,1417 2537,1414 2582,1414 2626,1414 2671,1414 2716,1411 2761,1411 2805,1414 2850,1414 2895,1414 2940,1411 2985,1408 3029,1405 3074,1402 3119,1400 3164,1400 3208,1400 3253,1400 3298,1400 3343,1397 3388,1397 3432,1394"/>
                <TextEquiv>
                    <Unicode>offenen Thüre stehen, durch die wir eine</Unicode>
                </TextEquiv>
            </TextLine>
            <TextLine id="tr_1_tl_10" custom="readingOrder {index:9;}">
                <Coords points="752,1699 3273,1592 3492,1571 3495,1460 756,1571"/>
                <Baseline points="776,1602 811,1605 856,1605 901,1605 946,1602 991,1602 1035,1602 1080,1605 1125,1602 1170,1602 1214,1602 1259,1600 1304,1600 1349,1597 1394,1597 1438,1597 1483,1597 1528,1594 1573,1594 1617,1594 1662,1588 1707,1585 1752,1588 1797,1585 1841,1585 1886,1585 1931,1585 1976,1585 2020,1585 2065,1585 2110,1582 2155,1582 2200,1579 2244,1573 2289,1570 2334,1567 2379,1567 2423,1564 2468,1561 2513,1561 2558,1561 2602,1558 2647,1558 2692,1558 2737,1558 2782,1558 2826,1558 2871,1558 2916,1558 2961,1555 3005,1555 3050,1555 3095,1552 3140,1552 3185,1555 3229,1552 3274,1549 3319,1549 3364,1549 3408,1549 3453,1549 3498,1552"/>
                <TextEquiv>
                    <Unicode>Spielgesellschaft gewahren konnten. Dann tra¬</Unicode>
                </TextEquiv>
            </TextLine>
        </TextRegion>
        <TextRegion id="tr_2" custom="readingOrder {index:1;}">
            <Coords points="716,1633 3558,1633 3558,3451 716,3451"/>
            <TextLine id="tr_2_tl_1" custom="readingOrder {index:0;}">
                <Coords points="1751,1761 3259,1772 3468,1692 3468,1623 3277,1592 2670,1675 2562,1599 2205,1689 1755,1689"/>
                <Baseline points="1773,1716 1776,1716 1820,1722 1865,1722 1910,1722 1955,1722 2000,1722 2044,1719 2089,1722 2134,1722 2179,1719 2223,1719 2268,1719 2313,1713 2358,1710 2402,1710 2447,1710 2492,1710 2537,1707 2582,1707 2626,1707 2671,1707 2716,1704 2761,1704 2805,1701 2850,1698 2895,1698 2940,1695 2985,1695 3029,1692 3074,1695 3119,1695 3164,1698 3208,1695 3253,1695 3298,1692 3343,1692 3388,1689 3432,1686 3477,1683"/>
                <TextEquiv>
                    <Unicode>ein, und interessirten und</Unicode>
                </TextEquiv>
            </TextLine>
            <TextLine id="tr_2_tl_2" custom="readingOrder {index:1;}">
                <Coords points="766,1796 978,1779 1016,1807 1075,1807 1130,1775 1196,1786 1224,1755 1290,1793 1338,1793 1338,1657 999,1709 940,1654 895,1668 853,1647 766,1703"/>
                <Baseline points="785,1743 829,1743 874,1743 919,1746 964,1746 1008,1743 1053,1743 1098,1746 1143,1746 1188,1746 1232,1746 1277,1743 1322,1743 1346,1743"/>
                <TextEquiv>
                    <Unicode>ten wir.</Unicode>
                </TextEquiv>
            </TextLine>
            <TextLine id="tr_2_tl_3" custom="readingOrder {index:2;}">
                <Coords points="763,1952 1078,1904 1127,1942 1286,1862 1425,1938 1536,1866 1637,1931 1727,1907 1786,1959 1872,1949 1872,1796 1484,1734 1373,1810 1214,1751 1071,1807 766,1793"/>
                <Baseline points="785,1877 805,1877 850,1874 895,1877 940,1874 985,1871 1029,1871 1074,1871 1119,1871 1164,1868 1208,1865 1253,1865 1298,1862 1343,1862 1388,1862 1432,1862 1477,1859 1522,1856 1567,1859 1611,1856 1656,1856 1701,1859 1746,1862 1791,1859 1835,1862 1880,1859"/>
                <TextEquiv>
                    <Unicode>für Ihr Schicksal.</Unicode>
                </TextEquiv>
            </TextLine>
            <TextLine id="tr_2_tl_4" custom="readingOrder {index:3;}">
                <Coords points="926,2035 1065,2108 1221,2022 1325,2098 2060,2001 2847,2074 3419,1973 3419,1883 926,1928"/>
                <Baseline points="946,2008 961,2005 1005,2008 1050,2002 1095,1994 1140,2000 1185,2000 1229,2000 1274,1994 1319,1997 1364,1997 1408,1997 1453,1997 1498,1997 1543,1997 1588,2000 1632,2000 1677,2002 1722,2002 1767,2005 1811,2000 1856,1997 1901,2000 1946,2000 1991,2000 2035,1997 2080,1997 2125,1997 2170,2000 2214,1997 2259,1997 2304,1994 2349,1994 2394,1991 2438,1988 2483,1988 2528,1988 2573,1988 2617,1988 2662,1985 2707,1985 2752,1982 2797,1982 2841,1982 2886,1979 2931,1979 2976,1979 3020,1976 3065,1973 3110,1970 3155,1970 3200,1970 3244,1967 3289,1970 3334,1967 3379,1967 3423,1967"/>
                <TextEquiv>
                    <Unicode>„Ja ich hatte Anglück heute, sagte der</Unicode>
                </TextEquiv>
            </TextLine>
            <TextLine id="tr_2_tl_5" custom="readingOrder {index:4;}">
                <Coords points="759,2205 2219,2129 3204,2195 3499,2049 2413,2087 2042,2001 1505,2119 763,2035"/>
                <Baseline points="779,2161 817,2155 862,2155 907,2152 952,2152 997,2149 1041,2146 1086,2146 1131,2143 1176,2143 1220,2140 1265,2140 1310,2140 1355,2140 1400,2143 1444,2140 1489,2146 1534,2143 1579,2146 1623,2143 1668,2143 1713,2143 1758,2140 1802,2137 1847,2134 1892,2131 1937,2128 1982,2128 2026,2125 2071,2125 2116,2125 2161,2125 2205,2125 2250,2125 2295,2122 2340,2122 2385,2119 2429,2116 2474,2116 2519,2116 2564,2116 2608,2116 2653,2116 2698,2116 2743,2113 2788,2116 2832,2113 2877,2110 2922,2110 2967,2107 3011,2104 3056,2101 3101,2101 3146,2095 3191,2095 3235,2098 3280,2095 3325,2098 3370,2098 3414,2098 3459,2098 3504,2101"/>
                <TextEquiv>
                    <Unicode>Anstreicher. „es kommt mir eigentlich wie</Unicode>
                </TextEquiv>
            </TextLine>
            <TextLine id="tr_2_tl_6" custom="readingOrder {index:5;}">
                <Coords points="707,2393 974,2285 2382,2254 2927,2351 3492,2233 3495,2122 711,2223"/>
                <Baseline points="728,2307 770,2298 814,2295 859,2292 904,2289 949,2286 994,2283 1038,2280 1083,2280 1128,2277 1173,2277 1217,2277 1262,2274 1307,2277 1352,2277 1397,2277 1441,2274 1486,2274 1531,2271 1576,2274 1620,2271 1665,2271 1710,2268 1755,2265 1800,2265 1844,2265 1889,2265 1934,2265 1979,2262 2023,2262 2068,2259 2113,2259 2158,2256 2202,2259 2247,2259 2292,2259 2337,2256 2382,2256 2426,2253 2471,2256 2516,2256 2561,2253 2605,2256 2650,2256 2695,2253 2740,2247 2785,2247 2829,2247 2874,2247 2919,2244 2964,2244 3008,2238 3053,2238 3098,2238 3143,2238 3188,2238 3232,2232 3277,2235 3322,2235 3367,2232 3411,2232 3456,2226 3501,2220"/>
                <TextEquiv>
                    <Unicode>ein Wunder vor, daß Sie mir plötzlich ein</Unicode>
                </TextEquiv>
            </TextLine>
            <TextLine id="tr_2_tl_7" custom="readingOrder {index:6;}">
                <Coords points="725,2472 1099,2521 2243,2389 2500,2483 2774,2386 3308,2458 3457,2313 3239,2233 3031,2351 2126,2278 1494,2393 978,2285 725,2375"/>
                <Baseline points="743,2423 779,2423 823,2420 868,2417 913,2417 958,2414 1002,2414 1047,2411 1092,2411 1137,2408 1182,2408 1226,2411 1271,2411 1316,2414 1361,2417 1405,2414 1450,2414 1495,2414 1540,2414 1585,2411 1629,2408 1674,2405 1719,2402 1764,2402 1808,2402 1853,2402 1898,2400 1943,2397 1988,2400 2032,2394 2077,2394 2122,2388 2167,2385 2211,2382 2256,2379 2301,2382 2346,2382 2391,2385 2435,2388 2480,2385 2525,2388 2570,2388 2614,2388 2659,2388 2704,2385 2749,2385 2794,2385 2838,2385 2883,2385 2928,2385 2973,2385 3017,2382 3062,2376 3107,2373 3152,2370 3197,2370 3241,2367 3286,2367 3331,2367 3376,2367 3420,2367 3465,2367"/>
                <TextEquiv>
                    <Unicode>der Hilfe in der Noth erschienen. Wingt</Unicode>
                </TextEquiv>
            </TextLine>
            <TextLine id="tr_2_tl_8" custom="readingOrder {index:7;}">
                <Coords points="739,2601 1945,2535 2160,2653 2538,2524 3485,2545 3488,2448 746,2465"/>
                <Baseline points="761,2567 805,2570 850,2567 895,2567 940,2567 985,2567 1029,2564 1074,2564 1119,2561 1164,2558 1208,2555 1253,2555 1298,2555 1343,2552 1388,2552 1432,2552 1477,2552 1522,2549 1567,2549 1611,2546 1656,2540 1701,2543 1746,2543 1791,2543 1835,2540 1880,2537 1925,2534 1970,2534 2014,2531 2059,2528 2104,2525 2149,2525 2194,2525 2238,2528 2283,2528 2328,2528 2373,2531 2417,2531 2462,2531 2507,2525 2552,2522 2597,2519 2641,2519 2686,2516 2731,2516 2776,2516 2820,2513 2865,2510 2910,2510 2955,2510 3000,2507 3044,2507 3089,2507 3134,2507 3179,2507 3223,2504 3268,2501 3313,2504 3358,2504 3402,2504 3447,2504 3492,2507"/>
                <TextEquiv>
                    <Unicode>das nicht wie ein Mährchen, daß, plötzlich ein</Unicode>
                </TextEquiv>
            </TextLine>
            <TextLine id="tr_2_tl_9" custom="readingOrder {index:8;}">
                <Coords points="2372,2621 2632,2594 2701,2625 2774,2590 2965,2632 3065,2583 3162,2608 3246,2580 3301,2625 3350,2601 3353,2514 2375,2545"/>
                <Baseline points="2391,2605 2420,2605 2465,2605 2510,2600 2555,2594 2600,2591 2644,2588 2689,2588 2734,2591 2779,2588 2823,2588 2868,2591 2913,2588 2958,2585 3002,2582 3047,2582 3092,2579 3137,2582 3182,2582 3226,2579 3271,2576 3316,2585 3361,2588"/>
                <TextEquiv>
                    <Unicode>Die nolle Bötte hineinste</Unicode>
                </TextEquiv>
            </TextLine>
            <TextLine id="tr_2_tl_10" custom="readingOrder {index:9;}">
                <Coords points="697,2788 1165,2698 1540,2701 1682,2795 1959,2680 2566,2687 2708,2777 3332,2701 3235,2580 700,2611"/>
                <Baseline points="716,2704 740,2704 785,2704 829,2701 874,2704 919,2704 964,2701 1008,2701 1053,2701 1098,2698 1143,2695 1188,2695 1232,2695 1277,2692 1322,2692 1367,2692 1411,2692 1456,2692 1501,2689 1546,2689 1591,2686 1635,2686 1680,2686 1725,2683 1770,2686 1814,2683 1859,2683 1904,2683 1949,2680 1994,2677 2038,2677 2083,2680 2128,2677 2173,2677 2217,2677 2262,2677 2307,2674 2352,2677 2397,2677 2441,2677 2486,2677 2531,2677 2576,2674 2620,2671 2665,2668 2710,2665 2755,2665 2800,2668 2844,2662 2889,2662 2934,2659 2979,2656 3023,2656 3068,2650 3113,2650 3158,2647 3202,2647 3247,2647 3292,2647 3337,2650"/>
                <TextEquiv>
                    <Unicode>herr Graf erscheint, und mir Geld leiht.</Unicode>
                </TextEquiv>
            </TextLine>
            <TextLine id="tr_2_tl_11" custom="readingOrder {index:10;}">
                <Coords points="967,2878 1325,2965 3197,2805 3350,2875 3457,2826 3461,2677 2913,2791 2583,2712 2108,2819 1169,2698 971,2771"/>
                <Baseline points="985,2856 1002,2856 1047,2853 1092,2850 1137,2850 1182,2850 1226,2850 1271,2850 1316,2850 1361,2850 1405,2850 1450,2850 1495,2850 1540,2850 1585,2850 1629,2847 1674,2847 1719,2844 1764,2844 1808,2844 1853,2841 1898,2844 1943,2844 1988,2844 2032,2844 2077,2841 2122,2844 2167,2844 2211,2832 2256,2826 2301,2826 2346,2826 2391,2826 2435,2826 2480,2823 2525,2826 2570,2826 2614,2829 2659,2829 2704,2826 2749,2826 2794,2826 2838,2820 2883,2817 2928,2811 2973,2811 3017,2808 3062,2805 3107,2802 3152,2802 3197,2802 3241,2800 3286,2800 3331,2800 3376,2800 3420,2800 3465,2800"/>
                <TextEquiv>
                    <Unicode>Der Graf lachte... „Sie hätten“ es wohl</Unicode>
                </TextEquiv>
            </TextLine>
            <TextLine id="tr_2_tl_12" custom="readingOrder {index:11;}">
                <Coords points="791,3051 1408,3110 2601,2982 3513,3079 3554,2798 3263,2902 2843,2850 1942,2961 794,2878"/>
                <Baseline points="808,3017 826,3023 871,3017 916,3017 961,3017 1005,3017 1050,3017 1095,3014 1140,3008 1185,3008 1229,3008 1274,3005 1319,3005 1364,3005 1408,3002 1453,3002 1498,3005 1543,3005 1588,3005 1632,3005 1677,3002 1722,3000 1767,3000 1811,3000 1856,2997 1901,2997 1946,2997 1991,2994 2035,2994 2080,2994 2125,2994 2170,2994 2214,2994 2259,2994 2304,2991 2349,2991 2394,2988 2438,2985 2483,2985 2528,2985 2573,2979 2617,2979 2662,2973 2707,2973 2752,2967 2797,2967 2841,2964 2886,2961 2931,2961 2976,2964 3020,2964 3065,2964 3110,2964 3155,2961 3200,2961 3244,2961 3289,2961 3334,2961 3379,2961 3423,2961 3468,2958 3513,2958 3558,2958"/>
                <TextEquiv>
                    <Unicode>schwer empfunden, wenn Sie Ihr ganzes Geld</Unicode>
                </TextEquiv>
            </TextLine>
            <TextLine id="tr_2_tl_13" custom="readingOrder {index:12;}">
                <Coords points="787,3197 1789,3135 2351,3194 2441,3138 2753,3253 2757,3044 2601,2996 2226,3079 1651,3013 1491,3110 1169,3038 791,3090"/>
                <Baseline points="808,3149 841,3158 886,3158 931,3158 976,3158 1020,3155 1065,3152 1110,3152 1155,3152 1200,3152 1244,3149 1289,3149 1334,3149 1379,3149 1423,3149 1468,3149 1513,3146 1558,3146 1602,3146 1647,3143 1692,3143 1737,3140 1782,3137 1826,3134 1871,3134 1916,3134 1961,3134 2005,3134 2050,3134 2095,3134 2140,3134 2185,3137 2229,3137 2274,3137 2319,3134 2364,3131 2408,3131 2453,3128 2498,3128 2543,3128 2588,3131 2632,3131 2677,3131 2722,3131 2767,3131"/>
                <TextEquiv>
                    <Unicode>den Kameraden gelassen hätten.</Unicode>
                </TextEquiv>
            </TextLine>
            <TextLine id="tr_2_tl_14" custom="readingOrder {index:13;}">
                <Coords points="1009,3339 3280,3353 3415,3336 3419,3173 2795,3253 1852,3138 1013,3221"/>
                <Baseline points="1029,3292 1056,3292 1101,3292 1146,3289 1191,3289 1235,3289 1280,3289 1325,3286 1370,3286 1414,3286 1459,3286 1504,3286 1549,3286 1594,3286 1638,3286 1683,3286 1728,3286 1773,3289 1817,3286 1862,3286 1907,3286 1952,3289 1997,3289 2041,3286 2086,3286 2131,3289 2176,3289 2220,3292 2265,3292 2310,3289 2355,3289 2400,3286 2444,3283 2489,3280 2534,3280 2579,3280 2623,3280 2668,3280 2713,3280 2758,3280 2802,3280 2847,3277 2892,3268 2937,3265 2982,3262 3026,3259 3071,3259 3116,3256 3161,3253 3205,3253 3250,3253 3295,3256 3340,3253 3385,3253 3429,3256"/>
                <TextEquiv>
                    <Unicode>„Aufrichtig Herr Graf ja... Ich hatte</Unicode>
                </TextEquiv>
            </TextLine>
            <TextLine id="tr_2_tl_15" custom="readingOrder {index:14;}">
                <Coords points="843,3468 2077,3537 2368,3433 2625,3537 2885,3433 3495,3454 3554,3336 843,3377"/>
                <Baseline points="862,3438 871,3438 916,3438 961,3438 1005,3435 1050,3435 1095,3435 1140,3438 1185,3438 1229,3441 1274,3438 1319,3438 1364,3438 1408,3438 1453,3435 1498,3435 1543,3435 1588,3435 1632,3438 1677,3438 1722,3438 1767,3435 1811,3435 1856,3432 1901,3432 1946,3432 1991,3435 2035,3432 2080,3432 2125,3435 2170,3432 2214,3435 2259,3435 2304,3435 2349,3432 2394,3432 2438,3429 2483,3432 2528,3426 2573,3426 2617,3426 2662,3423 2707,3420 2752,3417 2797,3417 2841,3417 2886,3414 2931,3411 2976,3408 3020,3405 3065,3411 3110,3411 3155,3411 3200,3411 3244,3408 3289,3411 3334,3411 3379,3411 3423,3411 3468,3411 3513,3411 3558,3408"/>
                <TextEquiv>
                    <Unicode>nichts, gar nichts mehr. Auch mit der Arbeit</Unicode>
                </TextEquiv>
            </TextLine>
        </TextRegion>
    </Page>
</PcGts>
