3832 4536
984 408 3430 589 Ganz dunkel war es, als er aufwachte
960 512 3380 746 der Junge hatte ihn leise und ängstlich
927 642 3500 867 wach gerüttelt. „Was gibts“, fragte Wel¬
967 760 3480 980 dem... Kein Athemzug mehr vom Kopf
947 890 3507 1134 polster her. „Ein Licht zund’ an, rief
900 1034 3544 1255 er mit verhaltener Stimme, aufsprin¬
927 1185 3524 1415 gend und sich zu seinem Weib herwieder¬
910 1345 3534 1576 beugend. Er rief: „Du“ du, du... du.
907 1459 3507 1687 hör doch“. Der Knabe kam mit dem Licht
917 1606 3601 1814 Er traute sich nicht ganz heran. Der Vater
880 1784 3520 1981 nahm ihm das Licht aus der Hand und
920 1877 3537 2091 hielt es zum Kopf des Bettes hin. Eine
937 2041 3594 2192 Minute vielleicht starrte er auf das bloße
914 2142 3587 2383 Gesicht, das auf dem weißen Polster lag
1118 2296 3557 2520 Hinter ihm der Bub weinte... Waldein
967 2473 3624 2684 stellte das Licht auf das Nachtkäftchen, wand
893 2583 3490 2808 te sich um zu ihm und leise sagte er:
914 2767 3560 2958 „Haß recht, Franz, daß du weinst; die Mut¬
890 2884 1767 3069 ler ist todt.
1241 3129 3423 3323 Er wollte ein Maler werden, der
924 3299 3550 3540 junge Waldein, und sein Vater war stolz
893 3487 3560 3711 darauf. Soll er’s erreichen, was mir nicht
