3720 4520
3377 148 3515 328 22
849 331 3473 625 Die Summe, die dalag, wuchs beträchtlich an,
742 552 1826 780 Winkburg sagte:
932 649 3456 894 „Sie haben wirklich Glück... und sich zu
742 815 3456 1032 Treuen wendend, leise.. Du, dein Fran¬
732 946 2928 1208 ciskaner da hat ein Heidenglück.
949 1077 3522 1343 „So?“ sagte Treuen, als wenn er nicht
2334 1215 2714 1346 wandte
708 1233 3456 1488 zugeschaut hätte. Dann wennt er sich weg
722 1398 3497 1633 und spazierte ein bischen in den anderen
690 1509 3452 1802 Sälen umher. Der Freiherr von Reutern
701 1692 1958 1906 schloß sich ihm an.
1063 1730 3394 2030 Du wirst sehen, sagte Reutern; du
753 1930 3452 2206 wirst Herrn Welsam Geld leihen müssen
777 2106 3387 2379 damit er nicht armettals er gekommen nach
753 2296 1502 2513 hause geht.
1015 2393 3618 2648 „Ich glaube nicht, erwiderte Graf Treuen
756 2565 3518 2810 „Es gibt einen Geweis der Glinges der
749 2683 3318 2917 heute über diesem Menschen xxx.
894 2841 3380 3093 Sie kamen in's Billardzimmer und
770 3011 3511 3270 spielten eine Partie miteinander, welche sie
773 3194 3477 3387 so interessirte, daß sie ihren falschen Anna
753 3318 3484 3573 rikaner Fast vergessen. Als Graf Treue
1267 3473 1422 3598 isten
811 3459 3169 3691 den besten Stoß gemacht und gewon¬
