6488 4984
735 416 2811 558 „Nun, daß es ein junger Mensch aus so armen Hause so weit gebracht hat.“
751 535 2005 629 „So weit! Glaubst Du das wirklich, Vater?"
745 577 2950 716 „Nun ja! Man kennt doch Deinen Namen. Man sagt doch: Der Maler Weldein.“
741 703 3046 806 Der junge Mann lächelte wieder. Mit gelinder Wehmuth erfüllte ihn, was er für
577 787 3066 925 väterliche Eitelkeit hielt... Er trat vom Fenster weg, und das Gespräch kurz abbrechend,
574 858 1638 993 sagte er: „Ich will nun Licht machen.“
751 961 1496 1061 „So? Du bleibst daheim?“
764 1032 1496 1161 „Ich warte noch ein wenig.
735 1119 1077 1219 „Auf wen?“
745 1151 1418 1315 „Nun, auf den Grafen."
735 1244 3030 1396 Der alte Weldein erhob sich. „Er kommt? Graf Spaun?“ Es klang wie ein Angstruf.
745 1367 1425 1483 „Was hast Du, Vater?"
751 1396 3005 1570 „Nichts.. Aber ich.. kann mit solchen Herren doch nicht umgehen.. Nein, nein
567 1493 2740 1625 laß mich.. Ich freue mich sehr.. er wird Dir viel nützen. Leb wohl, Franz."
745 1605 3005 1747 „Was ist Dir?" Und er schaute den Alten, auf den von dem Kerzenlicht ein schwacher
574 1676 1264 1812 Schein fiel, befremdet an.
764 1773 3017 1879 „Aber nichts.. Franz.. Du bist komisch, was soll denn sein? Ich gehe, wie immer
574 1857 3005 1979 am Abend, bin ich denn je so lange geblieben? — Meine Freunde im Wirtshaus warten
574 1937 1319 2060 schon! Du gehst wohl...
745 1992 3037 2163 „Ich gehe mit dem Grafen in den Klub." Und lachend setzte er hinzu. „Es ist da auch
574 2112 3037 2208 das Gute, daß ich nicht mitspielen kann... Da geht's hoch. Vater.. das anzusehen
574 2195 1409 2311 Aber Du hast ja nie gespielt?“
729 2282 1186 2382 „Nein, nie...“
741 2360 3017 2476 Und beide schauten dem Fenster zu, ins dunkle, Leere. Und vor beiden erschien
574 2437 3005 2537 dasselbe Bild. Ein jubelnder Lichterglanz.. Mitten darin der große grüne Tisch; und
574 2518 3046 2614 die Karten fallen, und Vermögen rollen hin und her.. Ein Rausch überkam sie.. der
574 2602 3021 2711 Rausch der Spieler, die sich erinnern. Der Rausch der Menschen, die daran denken, daß
574 2695 3021 2795 es nur eine Laune des Zufalls braucht, um sie reich und hochbeglückt zu machen. Ein Luftzug
583 2779 2988 2901 strich herein, das Kerzenlicht flackerte.. Der grüne Tisch versank, der Glanz der Lichten
571 2859 1070 2982 löschte jäh aus
722 2921 3008 3024 Der Alte nahm seinen Hut und ging. „Guten Abend, mein Sohn“, sagt er noch bei
554 3001 3024 3121 der Thür. Und so rasch er konnte, eilte er die Treppe hinunter. Es war an der Zeit
567 3117 3046 3224 gewesen. Kaum war er aus dem Thor getreten, so nahte von der anderen Seite die Gestalt
554 3204 3017 3301 des Mannes, die er seit jenem Abend wohl nicht mehr gesehen, aber nicht vergessen
567 3272 3005 3382 hatte. Mit weit offenen Augen blieb Weldein stehen... Und ins Thor sah er ihn hinein¬
561 3349 3040 3482 treten, sah ihn die ersten Stufen hinaufsteigen und verschwinden — wie damals auf der
574 3440 3011 3549 Stiege des Klubs, als er von ihm mit seinem Reichtum spät nachts mitten auf der Straße
574 3517 3021 3620 verlassen worden. Und Weldein trat weiter weg vom Thore; er schaute hinauf zum Fenster
574 3601 3046 3723 seines Sohnes und wartete. An der gegenüberliegenden Wand erschienen Schatten, die sich
554 3688 3011 3791 bewegten... Sein Sohn und Graf Spaun.. Ihn schauerte.. Warum nur? Ein Ge¬
554 3775 3011 3881 danke kam ihm plötzlich.. Er wird ihm Unglück bringen! Und er wollte wieder zurück,
554 3849 3043 3968 hinauf, seinen Franz retten.. Der helle Lichtschein im Flur brachte ihm die Besinnung
554 3943 3146 4052 zurück... Er blieb stehen.... „Narr“, murmelte er vor sich hin. Und er ging in die
554 4020 819 4133 Schänke.
1721 4162 1886 4294 VI.
722 4265 3024 4378 Früh morgens kam Franz Weldein nach Hause; voll von Eindrücken, ja mit einem
561 4346 2992 4487 Hauch von Begeisterung setzte er sich hin, um einige Skizzen hinzuwerfen. Und doch.
3617 358 6070 542 irgend etwas war, was ihn störte. „Ich weiß, was es ist“, sagte er vor sich hin. ˶Ich
3598 496 6080 603 weiß, was mir fehlt.. Ja, wenn ich mich hinsetzen könnte mitten unter die Leute und mit¬
3617 580 6067 738 empfinden, was sie empfinden; das wär was andres! Dann könnt es ein Bild geben!
3614 677 4039 793 Ja dann —!“
3765 729 6045 870 Und er skizzirte weiter. Nach einer Stunde wurde er müde. „Ich will ein wenig ruhen,"
3611 832 6051 928 dachte er.. „mich nicht zu Bette legen.. ich will nur darüber sinnen. “ Und er streckte
3623 893 6061 1032 sich auf das Sophia.. Er schloß die Augen und das Bild entwickelte sich vor ihm. Da ist
3611 1019 6051 1106 der Saal in seiner stolzen Einfachheit. Die vier großen Spiegel in goldenen Rahmen..
3623 1070 6057 1183 Eigentümliche Reflexe, die von einem zum andern fallen. Ein großer Herr mit blindem
3627 1151 6051 1283 Schnurrbart in der Thüre stehend, eine Gardenia im Knopfloch.. Eine Gruppe Teil¬
3630 1222 6057 1357 nahmsloser, an einem der großen Fenster stehend, plaudernd, Eigaretten rauchend.. Und
3611 1312 6045 1431 dann die Spieler um den Tisch.. Der Herr mit dem schwarzen Vollbart. Doch nein.
3623 1389 6057 1522 sie durften nicht zu erkennen sein.. Nur irgend ein Schimmer von jedem... Bei jedemn
3623 1486 6070 1599 findet die Leidenschaft des Spiels irgend einen Ausdruck, der gerade ihm eigentümlich ist.
3623 1554 6057 1673 fast alle scheinen ruhig, doch er, der Künstler sieht, was den anderen verborgen.. Um die
3627 1660 6141 1818 Lippen des einen, um die Augenwinkel des anderen, auf der Stirne eines dritten gewahrt er
3633 1747 4426 1867 den Abglanz desselben Feuers
3778 1805 6057 1925 Und Franz Weldein lag mit geschlossenen Augen da, er fühlte, wie er dem Wahren
3623 1892 6064 2028 näher kam. Ein Geräusch von schweren Schritten schreckte ihn auf. Jemand war herein¬
3623 1992 6061 2115 getreten. Der Maler schlug die Augen auf. „Wer ist da?“ Es war ein unbekannter Bursche.
3623 2083 4300 2202 Weldein erhob sich rasch.
3798 2124 6077 2253 Der Bursch sprach hastig, den Hut in der Hand. „Ich bitte... Herr Weldein, Ihr
3623 2202 6164 2376 Herr Vater ist.. ich bin vom Haus.. er ist krank worden.. Sie möchten hinkommen.“
3788 2315 5000 2456 „Krank? Wie?.. Was ist denn geschehen?"
3794 2360 5567 2544 „In der Nacht, wie der Herr Vater nach Hause gekommen ist..“
3804 2498 4317 2614 „Nun was denn?"
3807 2482 6006 2724 „Geschrien und gesungen hat er die ganze Nacht, und jetzt liegt er im Fieber...“
3801 2660 4887 2776 „Im Fieber? Ist schon der Arzt dort?“
3791 2727 5577 2869 „Nein, im Haus hat man gesagt, ich soll zuerst zu Ihnen...“
3801 2827 4236 2937 „Kommen Sie."
3807 2863 5548 3027 Und beide eilten hinunter. Auf der Treppe sagte Franz Weldein:
3820 2982 5941 3104 „Im Hause nebenan wohnt ein Doktor.. Sie bringen ihn mit, verstehen Sie?
3798 3088 4091 3192 „Jawohl."
3810 3098 6093 3275 Und der junge Künstler lief dem Hause seines Vaters zu, das kaum hundert Schritte
3653 3230 6070 3366 entfernt war. Nach wenigen Minuten stand er an dem Bette des Kranken. Eine Nachbarin
3653 3317 4623 3437 hatte unterdessen bei diesem gewacht.
3801 3369 6074 3495 Der Alte lag stöhnend mit halb geschlossenen Augen auf dem Bette ausgestreckt. Sein,
3653 3427 6074 3604 Gesicht war hochgerötet.. Er erkannte seinen Sohn nicht. Dieser rief ihn an: „Bater
3575 3565 6074 3691 Vater!“ Die Nachbarin, eine gute, alte Frau, wollte den jungen Mann trösten. „Jetzt
3646 3653 6074 3765 ist er schon ruhiger“, meinte sie. „So, so,..“ sagte Franz. Beide standen eine Weile da,
3640 3746 5719 3846 ratlos den Alten betrachtend. „Da ist der Herr Doktor“, sagte die Nachbarin.
3801 3804 6074 3949 „O, endlich!“ rief Franz aus, und trat dem eintretenden Arzt, einem noch jungen
3643 3894 6080 4030 Manne, den er selbst zuweilen zu Rate gezogen hatte, entgegen. „Nun, was gibt’s denn?“
3646 4017 4945 4130 fragte der Arzt. „Ihr Herr Vater, wie ich höre.“
3798 3991 6093 4197 „Jawohl, Herr Doktor, mein Vater“.. und zur Frau gewendet.. Ich danke
3627 4146 5829 4255 Ihnen sehr. Sie werden vielleicht später wieder so gut sein!" — Die Frau ging.
3807 4217 6093 4339 Der Arzt war zum Bett getreten und betrachtete den alten Waldein prüfend und ernst.
3646 4320 6096 4481 Angstvoll stand der Sohn dabei.. Er sah zu, wie der Arzt das Ohr an die Brust des
