3752 4600
3430 149 3572 336 14
806 314 3385 567 „Ich kann das schwerlich sagen, meinhero
765 552 3542 743 Weldrin; ich kenne selbst die geheimnißvolle
750 642 3546 888 Macht, der Sie zuweilen unterworfen sind.
1012 799 3538 1015 Sie wären so im Reden aus der engen¬
758 926 3591 1172 Gasse wieder herausgekommen - eine brei¬
769 1079 3124 1325 te Straße lag vor ihnen.
858 1198 3523 1471 „Nun werd’ ich die herren wohl verlas¬
758 1374 3553 1575 sen sagte Waldein, indem er seinen ärm¬
765 1534 3486 1695 lichen Anzug ansah... „Ich erlaube mir
739 1676 3546 1915 noch einmal zu fragen, wenn ich das Geld
761 1810 3505 2004 schuldig bin... und wiewiel die Summe
1545 1941 1624 2086 "
754 1963 1478 2187 ausmacht.
929 2120 3479 2348 „ Herr Waldein“. sagte Graf Treuen.
773 2266 3363 2478 „mie kommt eine sonderbare Idee
784 2378 2624 2624 Weldein sah ihn fragend an
885 2531 3385 2770 „Sie haben in der letzten Minute ein
746 2680 3609 2937 merkwürdiges Glück gehabt. Wenn es Ihnen
739 2852 3482 3005 weiter treu geblieben wäre und Sie ent¬
784 2971 3430 3217 sprechende Gegenspieler gefunden hätten
597 3105 3598 3359 ist hätten Sie ein Vermögen gewinnen können.
933 3255 3288 3523 „Das ist schon wahr“,“ sagte Waldein.
948 3400 3546 3688 „ Und es gibt Tage, wo einem das Glück
