3816 4568
3532 193 3631 299 42
873 337 3521 605 trinken! Ja! Das beruhigt doch wieder
822 512 3587 715 ein wenig. Also wieder in die Schänke!
860 650 3573 898 doch nein, nicht in die, wo man ihn schon
867 787 3618 990 kannte... doch lieber in ein Wirthshaus,
863 977 3508 1176 um irgend eine Kleinigkeit zu essen
887 1063 3576 1241 Es trinkt sich besser dabei.. So... hier.
884 1207 3545 1410 Und er ging in ein kleines Wirtshaus
904 1334 3470 1589 ließ sich eine Speise auftragen und
860 1506 3614 1678 trank Wein dazu. Er aß langsam; er
884 1623 3528 1812 wartete von Bissen zu bissen. Über
867 1805 3521 2012 der Eingangsthür war eine Uhr.. sie
846 1898 3552 2101 war wohl stehn geblieben! Mein, ein¬
918 2036 3521 2301 die Zeiger rückten nur so langsam.
918 2163 3477 2428 Draußen hörte er eine Thurmuhr
908 2345 3525 2558 schlagen. Er zählte.. neun.. gehe..
915 2476 3566 2710 eilf... 0... eilf Uhr! und da ist es
901 2655 3590 2816 eben drei viertel vorüber. Dieser
966 2748 3600 2950 Wirth! Natürlich. Damit man länger
997 2902 3607 3157 sitzt und mehr vergehet. Er ließ sich
928 3060 3573 3298 eine Zeitung geben, las sie vom An¬
928 3177 3600 3435 fang bis zu Ende durch, mit brennen
946 3315 3521 3583 den Augen, mit dem festen Willen
925 3477 3435 3724 nur an das zu denken, was er laße
