3848 4520
928 261 3629 557 ihm käme mit den Worten: Mein lieber
910 482 3644 714 Weldrin, ich hab’ dich reich gemacht, gib mir
871 603 3626 846 einen Theil von Deinem Reichthum.. Der
860 760 3679 1003 Gedanke ließ ihn nicht mehr los. Er zitterte
842 899 3565 1124 vor dem Grafen Treuen. Und wie, wenn dieser
835 1056 3562 1263 es einmal in einer lustigen Stunde seinen
849 1153 3604 1360 Freunden erzählte! Und die können zu ihm
803 1285 2298 1499 alle - lustig, höhnend!
2373 1288 3604 1520 Heda, Herr Anstrei¬
807 1428 3601 1656 her, nicht so karg. Man läßt sein Weib und
796 1545 3597 1784 seine Kinder nicht hungern, wenn man Geld
807 1709 3654 1856 im Kasten hat! Und er, was könnt er sagen.
846 1813 3647 2038 Ich hab' es nicht im Kasten - ich habe, ich weis
785 1959 3604 2145 nicht wo -? - Wer glaubt solcher Ansinn.
785 2073 3515 2295 Dann überlegte er wieder, das beste wäre
778 2234 3579 2391 er suchte den Graf auf und theilte ihm sein
796 2341 3529 2566 Mißgeschick mit... Sein Mißgeschick! Mehr
764 2473 3533 2684 als das! Das tollste Anglück, das einem
799 2630 3551 2837 Menschen widerfahren kann. Ist er denn be,
767 2734 3594 2980 ser dran, als der griechische Sagenmann, den
782 2894 3576 3101 in Äpfel über seinem Haupte und das Was¬
2195 3012 2341 3105 him
774 2994 3647 3262 ser unter seinem xxx nicht erreichen kann,
1213 3144 3487 3397 Aber was kümmerte sich die Welt
814 3244 3490 3476 die Zeit um ihn. Er stand auf seiner Le¬
817 3422 3494 3665 ter und strich an. Die haare an seinen
