3800 4536
771 243 3456 525 stehen hatte und an die Lippen führen woll
952 393 3387 667 konnte er nicht trinken; die Thrän¬
806 455 917 660 br
806 528 3456 782 floßen ihm über die Wangen, und das Gest¬
789 702 3356 924 in den Händen, schluchgte und reinte¬
775 785 3463 1025 wie ein Mann, der sein liebstes verlor
813 938 3602 1174 Anfangs sah man ihn wohl an; das hübsche
834 1053 3481 1299 Mädchen, das beim Schanktische stand und
782 1212 3338 1473 auch die Leute, die sich in dem Laden
789 1379 3491 1570 neue Kräfte oder einen neuen Rausch
795 1508 3508 1740 holten; aber ernstlich kümmerta er ja
816 1647 3599 1834 keinen, und sie ließen den guten Mann
816 1779 3498 2029 da ruhig weinen, wie es ihm beliebte
830 1900 3495 2157 Nach einer peraumen Weibe wischte sich
848 2091 3627 2282 Weldin die Thränen aus dem Gesicht und
872 2202 3564 2380 trank seinen Branntwein aus... Er
879 2310 3668 2536 ließ sich einen frischen geben, und dann
855 2435 3495 2657 wieder einen; er trank wohl eine
907 2598 3508 2789 Stunde lang. Auf der Straße braunte
907 2699 3456 2980 die Laternen; die Nacht brach herein
907 2859 3536 3137 Ein dünner wärmer Regen fiel her
3286 3001 3536 3203 schwei¬
917 3026 3251 3255 nieder. Das Wagengerassel wurde
910 3154 3554 3411 cher, der Menschenström spärlicher. Und
879 3283 3550 3540 Waldin trat wieder hinaus, er nahm
