3816 4520
3481 112 3585 241 44
865 293 3372 582 das wären die Fenster. Und jetzt für
858 450 3568 673 noch eimmal, noch einmal das Geld gewonnen
1095 575 3634 827 Er ging bedächtig er beg ein u. die lange,
844 715 3501 970 lange Straße... weiter, noch weiter... liebes
1081 844 3596 1095 er versuchte, an nichts zu denken, so gut
837 1018 3561 1228 Da muß es gewesen sein.. und jetzt wieder
795 1144 3533 1325 eine andere Straße... gut.. hier war es.
820 1304 3547 1482 denn hier zog es ihn weiter.. so.. und nun
802 1402 3557 1618 ja.. dort.. es rauschte.. es rauscht.. wahr,
799 1514 3571 1737 haftig.. was ist das.. ah, der Fluß.. war
799 1657 3529 1820 es hier vielleicht.. gewiß... nein... ja
806 1761 3617 1974 da stand er.. Vor ihm, leise schäumend, glit¬
813 1922 3515 2152 gernd von den Laternen, die an seinen
847 2075 3589 2249 Äfern stehen der Strom der die Stadt durch
844 2180 3477 2424 schneidet. Und drüben wieder Häuserreihen
928 2309 3596 2518 und darüber der wolkenbedenkte Nacht
840 2431 3630 2654 himmel, wo von dem unaufhörlich der warme
847 2563 3564 2811 Regen niederfropfte. Seltsam mischte sich das
830 2710 3578 2943 Geräusch der fallenden Tropfen mit dem schla¬
3338 2849 3550 3020 Am
834 2832 3310 3069 frigen Brausen der Wellen. Also da?
827 2975 3557 3188 er schritt dem Ufer entlang; links! Dann
827 3093 3627 3317 kehrt er um... rechts... und dann hielt
813 3236 3599 3446 er inne an einen mächtigen steinernen
3212 3334 3379 3554 in
847 3351 3121 3596 Löwen, der ein Standbild am End¬
