3864 4568
3520 196 3639 332 58
1018 343 3446 637 So vergingen die Monate und Jahre...
864 532 3471 707 und die Hausstand von Waldein Vater
871 651 3537 847 und Sohn fristete ein armseliges Dasein
2656 773 2970 875 erm
2995 766 3555 983 Morgens
854 812 2830 1022 von Tag zu Tag. Und
868 913 3516 1169 franz stand damals im zwanzigsten Le¬
857 1029 3597 1277 bensjahre kam xx früh Mor¬
840 1207 3537 1420 gens nach Hause; als die Sonne schon in
871 1312 3520 1532 die Stube hereinblickte. Der Vater lag
836 1427 3544 1679 nicht im Bett; er lag auf der Erde, äth
843 1592 3506 1830 mete schwer, das Gesicht war roth, die
847 1728 3530 1980 grauen haare, verwirrt, hingen in die
882 1914 3590 2096 Stirne herein. Franz sah ihn lange an¬
899 2040 3474 2246 Ihm schon schmerzte der Kopf:rucher war
840 2162 3586 2348 von einer durchschwärmten Nacht heim¬
843 2306 3653 2537 gekehrt, hatte seine letzten Paar Groschen
885 2491 3618 2715 verspielt, wie sie sein Vater vertrün¬
885 2547 3642 2792 ken hatte... Ein leichter Schauer durchfuhr
854 2743 3551 2890 den jungen Mann. Welch ein Leben lag
861 2834 3600 3107 vor ihm! Welch’ ein leeres elendes Leben.
899 2977 3523 3257 Und nach einer Weile rückte er sich
2019 3114 2421 3233 hin und
871 3100 3625 3324 den Tisch zum Fenster auf ein Blatt Papier
875 3313 3656 3499 begann er eine Skizze hinzuwerfen... Anfangs
847 3394 3516 3677 ging die Arbeit nicht recht von der Hand. Als
