3816 4520
3613 178 3714 303 64
920 366 3686 557 stellte sich zum Fenster, das er weit öffnete
895 543 3661 714 um die Abendluft hereinströmen zu lassen.
1056 669 3539 850 Es war ein Sommerabend, schwül und
895 766 3599 1010 traurig. Verhaltend drang der Lärm der
895 913 3526 1094 Straße herauf; gleichmäßig wollte das
2571 1031 2721 1143 Gt
1049 1083 3647 1251 dumme Leben weiter. Das selbe eintöni¬
895 1219 3637 1442 ge Geräusch. Was immer sie da unten
892 1366 3543 1536 trieben immer dasselbe schwerfällige
874 1491 3679 1711 Summen dringt herauf... Und die letzten
895 1623 3665 1822 Sonnenstrahlen glitten sachte die Dachzinnen
871 1798 3637 1979 hinauf, um da oben mäßig zu verglängen
888 1867 3519 2111 Schatten breiteten sich aus zerflatterte
909 2024 3630 2240 Wolken erschienen am Himmel
860 2156 3609 2355 läßig hingeworfen. weiße Streifen zeich¬
867 2271 3620 2466 neten sich ab... Lange währte die Däm¬
888 2439 3654 2662 merung. Der alte Waldein blickte zum
871 2568 3536 2773 himmel; wo wieder einer seiner öde
885 2700 3620 2926 Tage zur Neige ging. Öfter als früher
860 2839 3543 3020 kam ihm jetzt der Gedanken. Wird es
867 2996 3634 3226 bald vorbei sein? Und er fühlte manche
840 3128 3592 3362 Zeichen des Alters, das ihm vor der Zeit
885 3285 3515 3519 genaht war... Sein Sohn brachte in
1933 3393 2285 3522 keine
857 3418 2930 3682 sein Dasein xxx die Frische.
