3288 4200
2080 282 3084 510 liegt in meiner
363 296 1700 595 Feide - ich weiß es ja
398 493 3133 693 gangen Kunst etwas krankhaftes. Sie wis¬
341 612 3119 859 sen - ich kann eigentlich nur gewisse die¬
359 785 3027 1017 ge malen und dies -  dies ist doch nicht
345 933 1813 1158 gang in der Ordnung.
665 1049 3024 1264 „Juge“ sagte der Graf, das ist wohl
317 1228 1911 1412 ein bisschen verrückt!
634 1352 3066 1528 " Verrückt, lelonte Wäldein" ja, das
310 1503 3052 1721 ist das Wort- und ich bin so verrückt, ja
359 1668 3105 1830 „ er stieß die Sylben hervor...  ja, es ist
137 1774 2732 2045 so verrückt, hier mitspielen zu wollen.
549 1947 3091 2165 * Graf Treuen blicke, ihn fest und ru¬
366 2094 1665 2330 hig an... hier.
535 2249 1060 2422 „ Ja...
521 2362 1172 2556 „ hin! -
507 2446 3133 2749 „ Ich muß von diesem Feuer die Funten
275 2615 3091 2911 mitnehmen können.. diese.. gerade diese
310 2781 1894 3045 Funken brauche ich!
535 2918 3136 3196 „Für 3ten, mein Freund, ist schwer durch:
317 3048 2960 3344 führbar. Denn an sich würde ich sie nicht
313 3249 3140 3520 gar so verrückt finden. Ja... es steckt
310 3383 3126 3661 mehres deren. Aber sie wissen, so gerne
155 3492 1035 3728 eine rechtige Uehrlegung
