3848 4552
3441 117 3581 282 56
869 326 3472 584 haupt bemerkt, daß er da ist.. er wird
862 481 3530 694 verhungern, bevor er was großes ge¬
872 628 3520 855 worden. Und sie wanderten zusammen
855 759 3575 965 am Ufer des Flusses hin und her, wie beide
886 907 3571 1099 der alternde Voln mit dem halberloschenen
855 1082 3537 1274 Augen in dem aufgedünsenen Gesicht und
838 1167 3550 1353 der Jüngling an seiner Seite mit dem
1143 1305 1597 1490 tehrsucht
1504 1305 3557 1525 Edlen Blick... Und manchmal
831 1349 1428 1559 feuerigt
3362 1470 3588 1610 daß
913 1452 2898 1662 sah ihn der Vater an. Dachte
862 1573 3554 1806 er selbst einmal eben so ausgeschaut
882 1762 3581 1947 und daß die Welt vor ihm schön und
855 1861 3619 2081 weit dagelegen. Und noch einmal, spä¬
869 2040 3605 2242 ter, an jenem Abend, wo er reich ge¬
1590 2112 2318 2229 je n'ai la recueil.
889 2177 3533 2318 worden ebenso schön und weit. Und
879 2287 3454 2500 von neuem ergriff ihn eine stelle
900 2383 3513 2627 Vergweiflung... wollte es denn nicht
917 2517 3612 2754 enden! Und das zog es ihn immer
893 2668 3544 2919 hieher... hieher.. immer denselben Weg
876 2809 3557 3056 zur selben Brücke. Oh, es war besser, sich be¬
882 2960 3568 3142 trinken, als immer daran denken müs¬
869 3090 3523 3327 sen... der Franz zeichnete und malte
821 3224 3485 3458 weiter. Köpfe zumeist, in denen ein ge¬
841 3358 3509 3599 wisser leidenschaftlicher Ausdruck steckte
