3784 4200
3514 115 3670 289 66.
3270 275 3465 497 der
1475 254 3249 508 Hührte mich ein.. Derselbe,
887 271 1398 494 Talentes
1510 452 1614 518 &c
856 417 2912 626 mein bestes Bild gekauft hat.
998 553 2442 797 „ Die schwarze Kugel?
978 678 3590 898 „ Ja. Es kam in der Ausstellung selbst
842 845 3597 1085 auf mich zu und sagte, er intercession sich
877 988 3562 1179 für mein Talent... Neulich war er hier
845 1085 3642 1298 oben und betrachtete sich meine fragmen¬
838 1200 3520 1454 te. Bei dieser Gelegenheit bat ich ihn
852 1346 3601 1548 um die Gefälligkeit, mir Eintritt in den
894 1468 3541 1677 Club zu verschaffen, um dort für mein
842 1632 3642 1833 neues große Gemälde Beobachtungen sam¬
845 1764 2046 1959 meln zu können.
1033 1872 3517 2115 — „ So.. Wie wurde er denn auf dich
856 2042 1812 2223 aufmerksam.
1051 2126 3569 2366 "Nun offenbar durch mein Bild in der
884 2306 1927 2473 Ausstellung....
1054 2407 2947 2616 „ Wie heißt der Adlige“...
1044 2536 2202 2720 " Graf Treuen.
918 2668 3524 2901 Wäldein zuckte zusammen, und ließ sich
859 2839 3646 2985 wieder auf den Sessel fallen. Das es volle
804 2978 3472 3173 Nacht geworden, entging dem Sohne die
849 3068 3134 3319 Bewegung im Antlitz des Vaters.
1124 3214 2592 3472 „Treuen.. sagst du
1089 3360 3531 3628 Da, ein Mann nach den Fünfzigen, sehr
998 3371 1117 3607 D'
