3832 4568
3561 182 3700 349 59
891 253 3554 513 Die Stunden weiter rückten wird es besser.
873 467 2513 667 Er empfand es, das wußte
2563 481 2891 606 was
2913 456 3594 660 werden. Und
2356 570 2898 692 urteilete er Tock
838 595 3643 777 immer weltvergessener als wäre nichts um
845 720 3636 902 ihn was ihn kümmern könnte... das Blatt
877 852 3590 1009 Papier war zu klein... er zerriß es und
809 1002 3676 1137 nahm ein größeres, und begann von neuem¬
824 1109 3686 1291 Und die Begeisterung mit all' ihren Wundern
838 1226 3572 1405 kam über ihn... Die Arbeit ward ihm so
845 1369 3597 1544 leicht, es war gar keine Mühe mehr. Und
813 1501 3626 1718 die Stunden verrannen, der späte Nachmittag
806 1622 3558 1832 war da. Die Skizze war vollendet.. Ein
1922 1740 2007 1840 Décembre
834 1743 3569 1986 kleiner Wirtshaustisch, um ihn herum ein
852 1914 3640 2068 Paar Trinker und Spieler... das war alles
884 2025 3611 2150 Und an besten, wie gewöhnlich, war ihm der
834 2121 3686 2364 Ausdruw der Leidenschaften in den Gesichtern
791 2328 3586 2488 gelungen... Er betrachtete sein Werk mit
820 2442 3586 2613 glühenden Augen. - Das war wenigstens
806 2574 3369 2770 ein Stück von dem, was er gewollt.
841 2677 3643 2895 War es also wahr? War er ein Künstler?
1059 2802 3615 3030 Er wandte sich um; sein Vater stand
838 2970 3640 3180 hinter ihm; „Juten Morgen“. - Franz, lall¬
841 3109 1315 3269 te er.
1105 3144 3405 3422 " Guten Abend". erwiderte Franz
873 3380 3604 3590 Ah schon Abend.. Das war ein gesunder
856 3490 3586 3758 Schlaf.“ Er lachte. es war lustig gestern
