3912 4456
1047 361 2788 526 „Wie.. Sie meinen also!"
2495 458 3707 711 der Arzt, den Finger
1055 508 2438 722 " Ich bitte " - flüstert
940 669 3815 840 auf den Mund irgend.. Er wollte Ruhe, wolle
951 754 3704 994 den Athem beobachten. Er stand aufrecht
969 890 3790 1126 da. dann beugte er sich zur Brust des Alten,
2599 1008 2885 1130 Mang
987 1076 3711 1258 und legte sein Ohr an ein Brust.. ließ es
990 1201 3596 1405 zehn, zwanzig Sekunden daran liegen.
1008 1287 3661 1509 Dann erhob er sich langsam und streckt
1019 1451 3639 1666 dem Sohn, der am Fußende des Bettes
987 1559 3675 1820 stand, den Bleik angeswoll auf den Arzt
1012 1673 3482 1945 gerichtet, die rechte hand entgegen.
1033 1809 3600 2081 Wortlos... „ Er ist todt?“ schrie Franz
976 1984 2810 2220 auf... die Hand ergreifend
1051 2059 3732 2306 „Er hat ausgelitten", sagte der Arzt be¬
969 2252 3614 2499 wegt. Die Wärterin faltete die Hände
1012 2360 3654 2610 und ihn sie eine malte ein leises Gebet
1012 2502 3754 2767 Franz sank auf einen Stuhl. Dabei hätte
2742 2610 3049 2721 stücke
987 2635 3625 2853 er selbst, wie die Goldschatz an seiner
1005 2738 3772 2974 Brust anemänder klangen. Er zurückte Zusam¬
1005 2867 3711 3171 men, griff mit der einen Hand darnach.
2688 2982 3804 3182 ren an, ob keiner
1044 3057 3693 3239 dann schaute er die der Tohti Nrÿ. — Er war
1044 3150 3811 3382 was gemerkt hätte.. Keiner. der Arzt trat
783 3228 1008 3436 ab a
1909 3300 2184 3428 einten
1001 3293 3764 3586 zum Fenster Es ist so schwül hier, sagte er
1008 3446 3700 3700 leise. Er öffnete es). Der Morgen graute
2749 3557 3614 3768 May eham
2828 3707 3600 3854 Flukte Herrn
1366 3711 2642 3993 Die Morgenseen lag u
2713 3815 3697 4033 die Nachrichturslichen
