3112 4200
345 365 1024 613 „ Ich höre.
362 524 1758 758 " Franz, Du bist reich
1799 541 2909 744 Ein Schatz für die
183 679 1186 893 liegt vergraben.
2285 679 2819 868 den Brücken
993 703 1644 889 und erschrecken.
345 758 2898 1006 Mitleidig blickte der Sohn auf ihn nur
190 927 2881 1141 war es klar: der Alte sprach im Fieber¬
193 1058 2940 1241 Aber er merkte den Ausdruck im Antlitz
159 1179 1716 1392 seines Sohnes und sagte
2161 1179 2495 1327 Izre
2640 1189 2857 1323 die
1609 1241 2853 1410 bei der den kunde kockenbrück
190 1334 2960 1499 Wahrheit.. ein Schatz.. Ich habe Geld gewor¬
186 1468 2847 1658 nen... hab' es vergraben; im Club hab
227 1575 2595 1789 ich  gewonnen und dann versteckt.
420 1709 2071 1913 " Im Club? Du Geld?..
407 1764 2964 2044 „ Ja, Graf Treuen“. Du wirst ihn fragen
265 1947 2919 2140 . er wird es dir ergählen, wie er mich
183 2071 2916 2264 mitnahm eines Abendt und ich die Bank
179 2209 2864 2440 sprengte. Und getrunken hab’ ich – viel
179 2347 2850 2574 sehr viel. Und das Geld dann versteckt
207 2512 2947 2692 Ich habe vergessen, wo.. Es war ein Elend.
217 2671 2912 2781 Du reißt, was für ein Elend es war. Die
183 2729 2936 2950 sas ganze Leben lang... Und jetzt – jetztl.
417 2916 2964 3105 Er hatte sich im Bett aufgerichtet, seine
214 3005 2829 3229 Stimme war kräftiger geworden. Kräft
214 3140 2678 3357 selbst der Druck seiner Hand, mit dem
221 3291 2871 3515 die seines Sohnes umklammert hatte, das
221 3419 1316 3660 athemlos lauschte.
434 3474 2695 3760 Jetzt - plötzlich - wie ich so dalag, ist
