3768 4648
3416 140 3518 249 28
801 378 3368 654 eines andern zu besinnen. Sie schritt zu
794 576 3409 723 dem Waschkasten, öffnete die Lade und
764 709 3460 951 nahm Geld heraus. „Ich will es lieber
791 893 1773 1070 selber zahlen.
1104 989 3174 1224 „Gut, zahl’ es selber, lachte er
862 1118 3491 1384 Sie ging mit einem letzten traurigen
849 1295 1275 1462 Blicke.
1169 1306 3341 1571 Und Karl Waldamlag da, allein
856 1507 3443 1670 halb wachend, mit offenen Augen. Das
839 1643 3514 1824 Zimmer sah ärmlich, aber wohl gehalten
774 1752 3446 1967 aus. Durch die zwei blanken Fenster
794 1875 3456 2113 blitzten die Morgenstrahlen der Früh¬
794 2018 3521 2257 lingssonne. Die Wanduhr schlug in ein
798 2175 2205 2386 förmigem Tik-Tak.
1210 2233 3477 2522 Plötzlich sprang Waldein aus dem Bett
879 2427 3477 2652 Er stand da in Frank und weißer Kra¬
849 2557 3463 2819 rate. Das feind Zerkeittert, die Schuhe
839 2741 3480 2945 bestaubt, die kurzgeschnittenen Haare
811 2874 3491 3082 wirr die Augen rothgerändert. Er
828 2945 3477 3231 trat zu dem einfachen Wandspiegel, der
815 3095 3538 3341 über der Commode hing. Er sah sich an
828 3238 3576 3518 und lächelte. „Guten Morgen, Herr Wel¬
859 3419 3589 3671 dein, sagte er... „ guten Morgen.“ Dann
