3752 4648
3405 104 3558 293 32
679 304 3405 626 griff sich an die Stirn.. Wohin gehe?..
705 465 3569 751 Nun ja.. von dem Gebäude des adeligen
737 644 3544 858 Clubs aus durch jene Straße. und dann
744 776 3405 1044 ja wohin kann... ja... links.. und
712 951 3505 1194 dann.. Ja wohin? Wohin war er ge¬
690 1037 3569 1338 gangen... Lücks.. links... links... Und
719 1180 3498 1438 Wäldein suchte in seinem Gedächtniße. Er
733 1377 3444 1613 fuhr sich durch’s Haar. Er stämpfte auf
744 1473 3351 1724 den Boden. Er unermelte. „Wohin“.
744 1663 3605 1870 Er schrie.. Wohin. Er ging mit gesenkten
747 1763 3465 2028 Haupta im Zimmer hin und her, im Kreise
755 1906 3558 2135 Er fing an, in singendem Tone vor sich hin¬
976 2060 1295 2160 sagen.
737 2060 2936 2267 zu singen Wohin... wohin...wohin?
1062 2153 3580 2393 Nun stand er wieder beim offenen Fenster.
790 2346 3512 2500 Wagen rasselten vorbei. Er schlug die Flügel
758 2410 3458 2607 wieder zu – Wagen rasseln. Das hatte er
765 2536 3544 2793 auch heute Nacht gehört, kurz vorher.. „Nun
762 2700 3523 2872 nur Ruhe, sagte er sich. „Also... die Wa¬
783 2822 3608 3029 gen rasselten in der Straße... gut.. und dann
776 2936 3494 3165 ging ich links. Er stand stille da; die Stirn
772 3058 3587 3262 am Fensterkreuz und grübelte. Er erinnerte
808 3215 3601 3440 sich genau an die dunkle lange Straße. dann
783 3333 3630 3573 kam eine Kreupung – er war zur linken Hand
772 3440 3580 3737 weitergegangen - und von da an.. wohin.
