<?xml version="1.0" encoding="UTF-8" standalone="yes"?>
<PcGts xmlns="http://schema.primaresearch.org/PAGE/gts/pagecontent/2013-07-15" xmlns:xsi="http://www.w3.org/2001/XMLSchema-instance" xsi:schemaLocation="http://schema.primaresearch.org/PAGE/gts/pagecontent/2013-07-15 http://schema.primaresearch.org/PAGE/gts/pagecontent/2013-07-15/pagecontent.xsd">
    <Metadata>
        <Creator>prov=READ-COOP:name=TrHtr:version=2.1.0:model_id=51170:date=14_08_2023_14:26</Creator>
        <Created>2023-05-10T14:21:23.128+02:00</Created>
        <LastChange>2023-08-14T14:26:05.371+02:00</LastChange>
        <TranskribusMetadata docId="1428615" pageId="55419035" pageNr="93" tsid="132808052" status="IN_PROGRESS" userId="64420" imgUrl="https://files.transkribus.eu/Get?id=JTTVOWSPTVBRWULODBYBHIKP&amp;fileType=view" xmlUrl="https://files.transkribus.eu/Get?id=KZNJONQBIBAKTRGXHPQEXZJX" imageId="44693138"/>
    </Metadata>
    <Page imageFilename="1428615_0093.jpg" imageWidth="3848" imageHeight="4440">
        <ReadingOrder>
            <OrderedGroup id="ro_1711787070108" caption="Regions reading order">
                <RegionRefIndexed index="0" regionRef="tr_1"/>
            </OrderedGroup>
        </ReadingOrder>
        <TextRegion id="tr_1" custom="readingOrder {index:0;}">
            <Coords points="957,469 3717,469 3717,3739 957,3739"/>
            <TextLine id="tr_1_tl_1" custom="readingOrder {index:0;}">
                <Coords points="987,600 1634,559 1776,634 2231,539 2372,610 2605,529 2905,603 3188,522 3464,630 3623,596 3626,425 991,448"/>
                <Baseline points="1005,549 1035,546 1080,546 1124,546 1169,549 1214,549 1259,549 1303,549 1348,552 1393,549 1438,552 1482,546 1527,543 1572,540 1617,537 1662,540 1706,540 1751,540 1796,537 1841,534 1885,534 1930,531 1975,531 2020,531 2064,528 2109,525 2154,525 2199,522 2243,522 2288,522 2333,525 2378,522 2422,522 2467,522 2512,525 2557,525 2601,528 2646,525 2691,522 2736,522 2780,522 2825,522 2870,522 2915,522 2960,522 3004,525 3049,522 3094,522 3139,519 3183,525 3228,525 3273,528 3318,528 3362,528 3407,528 3452,531 3497,531 3541,528 3586,528 3631,525"/>
                <TextEquiv>
                    <Unicode>der ihn mit großen Augen ansah, aber nichts</Unicode>
                </TextEquiv>
            </TextLine>
            <TextLine id="tr_1_tl_2" custom="readingOrder {index:1;}">
                <Coords points="933,758 3464,687 3491,563 2501,536 2201,627 2042,553 1864,644 1634,559 937,647"/>
                <Baseline points="957,692 990,692 1035,689 1080,686 1124,686 1169,686 1214,686 1259,686 1303,686 1348,686 1393,686 1438,683 1482,683 1527,683 1572,680 1617,677 1662,677 1706,677 1751,680 1796,680 1841,680 1885,677 1930,677 1975,674 2020,674 2064,671 2109,668 2154,665 2199,665 2243,665 2288,665 2333,665 2378,665 2422,662 2467,662 2512,659 2557,659 2601,653 2646,653 2691,650 2736,650 2780,650 2825,650 2870,650 2915,650 2960,653 3004,653 3049,653 3094,650 3139,647 3183,647 3228,647 3273,644 3318,644 3362,644 3407,644 3452,647 3497,650"/>
                <TextEquiv>
                    <Unicode>mehr redete. „Du willst etwas, Vater?</Unicode>
                </TextEquiv>
            </TextLine>
            <TextLine id="tr_1_tl_3" custom="readingOrder {index:2;}">
                <Coords points="994,846 1961,920 2824,789 3404,900 3592,883 3596,664 994,721"/>
                <Baseline points="1011,823 1053,817 1098,814 1142,811 1187,808 1232,808 1277,808 1321,805 1366,811 1411,808 1456,805 1500,805 1545,802 1590,802 1635,802 1679,802 1724,802 1769,805 1814,802 1858,802 1903,802 1948,802 1993,799 2037,796 2082,796 2127,796 2172,796 2217,799 2261,799 2306,793 2351,793 2396,790 2440,787 2485,787 2530,784 2575,784 2619,781 2664,778 2709,775 2754,778 2798,778 2843,778 2888,781 2933,778 2977,775 3022,775 3067,775 3112,775 3156,778 3201,778 3246,778 3291,781 3335,781 3380,778 3425,775 3470,775 3515,775 3559,775 3601,784"/>
                <TextEquiv>
                    <Unicode>Die Wärterin stand gleichfalls dienstfertig</Unicode>
                </TextEquiv>
            </TextLine>
            <TextLine id="tr_1_tl_4" custom="readingOrder {index:3;}">
                <Coords points="2376,947 2430,954 2517,910 2578,923 2608,903 2743,947 2854,910 2895,923 2898,819 2807,785 2666,856 2558,846 2504,869 2437,812 2379,802"/>
                <Baseline points="2393,919 2407,910 2452,907 2497,907 2542,904 2587,901 2631,901 2676,895 2721,895 2766,895 2810,898 2855,898 2900,904"/>
                <TextEquiv>
                    <Unicode>nungh</Unicode>
                </TextEquiv>
            </TextLine>
            <TextLine id="tr_1_tl_5" custom="readingOrder {index:4;}">
                <Coords points="957,984 1041,957 1139,1004 1190,987 1257,994 1335,944 1372,940 1375,836 1277,826 1213,853 1159,839 1078,869 1004,836 960,849"/>
                <Baseline points="978,951 1023,948 1068,948 1112,945 1157,945 1202,942 1247,939 1292,939 1336,939 1381,942"/>
                <TextEquiv>
                    <Unicode>auf</Unicode>
                </TextEquiv>
            </TextLine>
            <TextLine id="tr_1_tl_6" custom="readingOrder {index:5;}">
                <Coords points="1240,1089 3158,1014 3326,1089 3485,1062 3488,853 2709,964 1800,893 1597,1004 1240,974"/>
                <Baseline points="1259,1044 1297,1041 1342,1041 1387,1041 1432,1041 1477,1041 1521,1041 1566,1041 1611,1041 1656,1038 1700,1038 1745,1038 1790,1038 1835,1038 1879,1038 1924,1032 1969,1032 2014,1032 2058,1029 2103,1029 2148,1026 2193,1026 2237,1023 2282,1023 2327,1023 2372,1023 2416,1023 2461,1023 2506,1020 2551,1020 2595,1017 2640,1017 2685,1017 2730,1020 2775,1017 2819,1017 2864,1017 2909,1020 2954,1017 2998,1014 3043,1011 3088,1008 3133,1008 3177,1011 3222,1011 3267,1011 3312,1011 3356,1011 3401,1014 3446,1011 3493,1013"/>
                <TextEquiv>
                    <Unicode>Der alte Waldein schüttelte den Kopf</Unicode>
                </TextEquiv>
            </TextLine>
            <TextLine id="tr_1_tl_7" custom="readingOrder {index:6;}">
                <Coords points="1011,1183 2554,1146 2871,1230 3235,1149 3380,1223 3485,1203 3485,1092 2261,1028 1011,1142"/>
                <Baseline points="1029,1172 1032,1172 1077,1172 1121,1175 1166,1178 1211,1178 1256,1178 1300,1178 1345,1175 1390,1175 1435,1175 1480,1175 1524,1169 1569,1166 1614,1166 1659,1166 1703,1163 1748,1163 1793,1163 1838,1163 1882,1160 1927,1160 1972,1157 2017,1157 2061,1154 2106,1154 2151,1154 2196,1154 2240,1157 2285,1154 2330,1151 2375,1151 2419,1145 2464,1145 2509,1145 2554,1145 2598,1148 2643,1148 2688,1145 2733,1145 2777,1148 2822,1151 2867,1151 2912,1151 2957,1148 3001,1151 3046,1148 3091,1145 3136,1151 3180,1148 3225,1145 3270,1139 3315,1139 3359,1139 3404,1142 3449,1148 3494,1154"/>
                <TextEquiv>
                    <Unicode>„Wie? Was weinst du? fragte Franz</Unicode>
                </TextEquiv>
            </TextLine>
            <TextLine id="tr_1_tl_8" custom="readingOrder {index:7;}">
                <Coords points="3259,1270 3323,1274 3363,1294 3390,1287 3417,1304 3441,1294 3532,1304 3525,1190 3501,1200 3485,1193 3427,1230 3353,1213 3296,1220 3255,1206"/>
                <Baseline points="3276,1259 3321,1262 3365,1265 3410,1265 3455,1268 3500,1274 3538,1274"/>
                <TextEquiv>
                    <Unicode>de la</Unicode>
                </TextEquiv>
            </TextLine>
            <TextLine id="tr_1_tl_9" custom="readingOrder {index:8;}">
                <Coords points="974,1365 3003,1314 3127,1291 3131,1166 2871,1230 2396,1169 2207,1247 1810,1166 974,1237"/>
                <Baseline points="993,1303 1026,1306 1071,1306 1115,1306 1160,1306 1205,1306 1250,1309 1295,1309 1339,1309 1384,1312 1429,1306 1474,1300 1518,1300 1563,1300 1608,1300 1653,1303 1697,1303 1742,1300 1787,1297 1832,1297 1876,1295 1921,1295 1966,1295 2011,1292 2055,1292 2100,1292 2145,1295 2190,1295 2234,1283 2279,1286 2324,1286 2369,1283 2413,1283 2458,1283 2503,1289 2548,1286 2592,1286 2637,1283 2682,1286 2727,1286 2772,1286 2816,1283 2861,1277 2906,1277 2951,1280 2995,1280 3040,1277 3085,1277 3132,1276"/>
                <TextEquiv>
                    <Unicode>„Schas“ die hinaus, flüstert der</Unicode>
                </TextEquiv>
            </TextLine>
            <TextLine id="tr_1_tl_10" custom="readingOrder {index:9;}">
                <Coords points="3053,1422 3127,1426 3161,1399 3202,1429 3249,1415 3343,1493 3407,1459 3434,1479 3468,1449 3528,1439 3528,1318 3471,1324 3333,1274 3296,1291 3249,1277 3161,1308 3121,1345 3053,1338"/>
                <Baseline points="3073,1396 3118,1393 3162,1396 3207,1396 3252,1393 3297,1393 3341,1393 3386,1399 3431,1396 3476,1399 3520,1396 3538,1396"/>
                <TextEquiv>
                    <Unicode>erwegte</Unicode>
                </TextEquiv>
            </TextLine>
            <TextLine id="tr_1_tl_11" custom="readingOrder {index:10;}">
                <Coords points="998,1469 1153,1520 1860,1446 1941,1510 2093,1442 2322,1500 2423,1436 2595,1490 2824,1436 2824,1328 2467,1301 1001,1368"/>
                <Baseline points="1017,1453 1044,1450 1089,1447 1133,1450 1178,1450 1223,1441 1268,1438 1312,1438 1357,1435 1402,1435 1447,1435 1491,1438 1536,1435 1581,1432 1626,1432 1670,1432 1715,1438 1760,1441 1805,1441 1850,1441 1894,1441 1939,1441 1984,1438 2029,1432 2073,1429 2118,1429 2163,1423 2208,1426 2252,1426 2297,1423 2342,1420 2387,1423 2431,1414 2476,1414 2521,1414 2566,1411 2610,1408 2655,1411 2700,1414 2745,1408 2789,1405 2834,1405"/>
                <TextEquiv>
                    <Unicode>„ Gehen Sie“. Sprach Franz »</Unicode>
                </TextEquiv>
            </TextLine>
            <TextLine id="tr_1_tl_12" custom="readingOrder {index:11;}">
                <Coords points="1365,1638 2652,1554 3286,1648 3694,1584 3697,1442 1368,1510"/>
                <Baseline points="1387,1602 1390,1602 1435,1602 1480,1599 1524,1596 1569,1593 1611,1578 1629,1569 1644,1569 1688,1566 1733,1563 1778,1563 1823,1563 1867,1560 1912,1560 1957,1560 2002,1560 2046,1554 2091,1551 2136,1551 2181,1548 2225,1548 2270,1548 2315,1548 2360,1548 2405,1545 2449,1542 2494,1542 2539,1539 2584,1539 2628,1539 2673,1536 2718,1539 2763,1536 2807,1533 2852,1533 2897,1530 2942,1533 2986,1533 3031,1533 3076,1527 3121,1527 3165,1524 3210,1527 3255,1527 3300,1527 3344,1530 3389,1533 3434,1530 3479,1536 3523,1530 3568,1533 3613,1533 3658,1533 3702,1545"/>
                <TextEquiv>
                    <Unicode>mein Vater will mich allein spre¬</Unicode>
                </TextEquiv>
            </TextLine>
            <TextLine id="tr_1_tl_13" custom="readingOrder {index:12;}">
                <Coords points="964,1587 1008,1601 1045,1591 1065,1611 1156,1624 1183,1611 1203,1624 1247,1594 1281,1601 1277,1520 1240,1503 1227,1510 1193,1496 1153,1520 1058,1463 1014,1493 960,1503"/>
                <Baseline points="984,1578 1029,1578 1074,1575 1118,1572 1163,1575 1208,1581 1253,1581 1289,1590"/>
                <TextEquiv>
                    <Unicode>Stein</Unicode>
                </TextEquiv>
            </TextLine>
            <TextLine id="tr_1_tl_14" custom="readingOrder {index:13;}">
                <Coords points="974,1810 1041,1783 1065,1800 1105,1763 1122,1779 1217,1769 1230,1786 1250,1783 1257,1597 1203,1621 1190,1611 1159,1624 1099,1611 1072,1624 984,1628"/>
                <Baseline points="996,1718 1038,1721 1083,1724 1127,1718 1172,1718 1217,1712 1262,1712"/>
                <TextEquiv>
                    <Unicode>chen.</Unicode>
                </TextEquiv>
            </TextLine>
            <TextLine id="tr_1_tl_15" custom="readingOrder {index:14;}">
                <Coords points="1169,1870 2015,1779 3579,1816 3640,1655 3259,1725 2490,1567 2137,1712 1496,1655 1173,1763"/>
                <Baseline points="1190,1814 1226,1814 1271,1814 1315,1808 1360,1805 1405,1811 1450,1805 1494,1802 1539,1799 1584,1796 1629,1790 1673,1790 1718,1790 1763,1787 1808,1784 1852,1784 1897,1781 1942,1778 1987,1781 2032,1778 2076,1778 2121,1775 2166,1775 2211,1775 2255,1772 2300,1769 2345,1769 2390,1769 2434,1769 2479,1766 2524,1766 2569,1769 2613,1769 2658,1763 2703,1763 2748,1766 2792,1766 2837,1763 2882,1760 2927,1760 2971,1757 3016,1760 3061,1760 3106,1760 3150,1760 3195,1760 3240,1763 3285,1763 3330,1763 3374,1763 3419,1763 3464,1766 3509,1763 3553,1760 3598,1760 3643,1757"/>
                <TextEquiv>
                    <Unicode>Die Wärterin entfernte sich schweigend. Und</Unicode>
                </TextEquiv>
            </TextLine>
            <TextLine id="tr_1_tl_16" custom="readingOrder {index:15;}">
                <Coords points="987,2029 2403,1897 3454,1924 3488,1827 991,1837"/>
                <Baseline points="1008,1942 1032,1939 1077,1933 1121,1933 1166,1933 1211,1933 1256,1933 1300,1930 1345,1933 1390,1933 1435,1933 1480,1933 1524,1924 1569,1915 1614,1909 1659,1909 1703,1909 1748,1906 1793,1903 1838,1903 1882,1903 1927,1906 1972,1903 2017,1900 2061,1903 2106,1903 2151,1900 2196,1900 2240,1897 2285,1897 2330,1894 2375,1897 2419,1894 2464,1894 2509,1894 2554,1891 2598,1891 2643,1894 2688,1891 2733,1891 2777,1891 2822,1888 2867,1888 2912,1888 2957,1888 3001,1888 3046,1885 3091,1885 3136,1885 3180,1885 3225,1885 3270,1882 3315,1882 3359,1882 3404,1879 3449,1879 3494,1882"/>
                <TextEquiv>
                    <Unicode>Franz setzte sich auf die Bettstatt mit</Unicode>
                </TextEquiv>
            </TextLine>
            <TextLine id="tr_1_tl_17" custom="readingOrder {index:16;}">
                <Coords points="994,2143 2389,2022 2713,2093 3050,2032 3202,2120 3572,2019 3572,1928 994,2022"/>
                <Baseline points="1014,2076 1026,2073 1071,2067 1115,2067 1160,2064 1205,2061 1250,2058 1295,2058 1339,2055 1384,2052 1429,2052 1474,2049 1518,2049 1563,2046 1608,2046 1653,2043 1697,2040 1742,2046 1787,2043 1832,2037 1876,2037 1921,2035 1966,2035 2011,2035 2055,2032 2100,2032 2145,2029 2190,2029 2234,2026 2279,2023 2324,2020 2369,2020 2413,2020 2458,2020 2503,2020 2548,2023 2592,2023 2637,2023 2682,2023 2727,2023 2772,2020 2816,2020 2861,2020 2906,2023 2951,2020 2995,2020 3040,2020 3085,2017 3130,2017 3174,2017 3219,2017 3264,2017 3309,2014 3353,2014 3398,2014 3443,2011 3488,2008 3532,2011 3577,2017"/>
                <TextEquiv>
                    <Unicode>fragendem Blicke den Kranken betrachtend.</Unicode>
                </TextEquiv>
            </TextLine>
            <TextLine id="tr_1_tl_18" custom="readingOrder {index:17;}">
                <Coords points="1041,2234 1634,2170 3370,2288 3441,2116 2463,2039 1045,2126"/>
                <Baseline points="1059,2202 1077,2202 1121,2199 1166,2193 1211,2190 1256,2187 1300,2184 1345,2184 1390,2181 1435,2181 1480,2181 1524,2178 1569,2175 1614,2169 1659,2169 1703,2169 1748,2166 1793,2166 1838,2166 1882,2163 1927,2166 1972,2169 2017,2169 2061,2163 2106,2154 2151,2154 2196,2154 2240,2154 2285,2151 2330,2154 2375,2157 2419,2151 2464,2151 2509,2154 2554,2151 2598,2154 2643,2157 2688,2154 2733,2154 2777,2154 2822,2154 2867,2151 2912,2154 2957,2154 3001,2154 3046,2154 3091,2154 3136,2154 3180,2151 3225,2151 3270,2151 3315,2151 3359,2151 3404,2151 3449,2148"/>
                <TextEquiv>
                    <Unicode>„Ein Wunder, mein Sohn, ein Wunden</Unicode>
                </TextEquiv>
            </TextLine>
            <TextLine id="tr_1_tl_19" custom="readingOrder {index:18;}">
                <Coords points="1014,2423 1230,2410 1426,2308 1554,2349 1672,2356 1736,2325 1847,2349 1850,2241 1688,2221 1655,2248 1550,2190 1483,2228 1297,2214 1193,2278 1136,2238 1024,2241"/>
                <Baseline points="1038,2333 1050,2330 1095,2324 1139,2318 1184,2318 1229,2315 1274,2315 1318,2312 1363,2312 1408,2309 1453,2306 1497,2303 1542,2300 1587,2300 1632,2297 1676,2297 1721,2294 1766,2291 1811,2294 1855,2297"/>
                <TextEquiv>
                    <Unicode>sagte dieser.</Unicode>
                </TextEquiv>
            </TextLine>
            <TextLine id="tr_1_tl_20" custom="readingOrder {index:19;}">
                <Coords points="1075,2480 2723,2453 2817,2531 2986,2437 3225,2524 3515,2443 3518,2302 2214,2228 1739,2389 1382,2335 1075,2423"/>
                <Baseline points="1092,2446 1104,2443 1148,2443 1193,2443 1238,2443 1283,2440 1327,2434 1372,2431 1417,2428 1462,2425 1506,2425 1551,2428 1596,2425 1641,2425 1685,2425 1730,2422 1775,2422 1820,2416 1864,2416 1909,2413 1954,2407 1999,2407 2043,2407 2088,2405 2133,2402 2178,2402 2222,2399 2267,2396 2312,2399 2357,2396 2402,2399 2446,2399 2491,2399 2536,2396 2581,2396 2625,2396 2670,2396 2715,2399 2760,2396 2804,2396 2849,2396 2894,2396 2939,2396 2983,2396 3028,2393 3073,2393 3118,2393 3162,2393 3207,2393 3252,2393 3297,2393 3341,2390 3386,2390 3431,2387 3476,2387 3520,2384"/>
                <TextEquiv>
                    <Unicode>„Wie?... Du fühlst Dich wieder wohl</Unicode>
                </TextEquiv>
            </TextLine>
            <TextLine id="tr_1_tl_21" custom="readingOrder {index:20;}">
                <Coords points="1021,2642 1176,2595 1314,2598 1385,2565 1415,2588 1520,2538 1601,2551 1597,2437 1550,2457 1516,2440 1395,2497 1264,2467 1196,2484 1176,2463 1095,2487 1035,2443"/>
                <Baseline points="1047,2557 1068,2563 1112,2563 1157,2566 1202,2566 1247,2563 1292,2560 1336,2557 1381,2554 1426,2548 1471,2545 1515,2539 1560,2533 1605,2530"/>
                <TextEquiv>
                    <Unicode>gesund?</Unicode>
                </TextEquiv>
            </TextLine>
            <TextLine id="tr_1_tl_22" custom="readingOrder {index:21;}">
                <Coords points="1109,2723 1631,2656 1914,2730 2275,2635 2511,2703 2774,2622 3114,2683 3603,2632 3606,2497 2571,2470 1112,2592"/>
                <Baseline points="1127,2688 1145,2685 1190,2682 1235,2679 1280,2676 1324,2667 1369,2664 1414,2664 1459,2661 1503,2661 1548,2658 1593,2655 1638,2655 1682,2655 1727,2652 1772,2652 1817,2655 1861,2649 1906,2646 1951,2646 1996,2646 2040,2640 2085,2634 2130,2634 2175,2634 2220,2631 2264,2631 2309,2631 2354,2631 2399,2631 2443,2631 2488,2628 2533,2625 2578,2628 2622,2628 2667,2622 2712,2619 2757,2622 2801,2619 2846,2619 2891,2619 2936,2616 2980,2616 3025,2616 3070,2613 3115,2613 3159,2610 3204,2610 3249,2610 3294,2613 3338,2613 3383,2613 3428,2616 3473,2616 3517,2616 3562,2616 3607,2616"/>
                <TextEquiv>
                    <Unicode>„ Nein... oh nein - ich werde sterben.</Unicode>
                </TextEquiv>
            </TextLine>
            <TextLine id="tr_1_tl_23" custom="readingOrder {index:22;}">
                <Coords points="1011,2831 1506,2885 2538,2753 2861,2821 3491,2709 2993,2639 2524,2716 2275,2635 2120,2736 1685,2666 1426,2774 1014,2730"/>
                <Baseline points="1032,2807 1035,2807 1080,2801 1124,2801 1169,2801 1214,2801 1259,2798 1303,2798 1348,2798 1393,2795 1438,2801 1482,2798 1527,2792 1572,2792 1617,2795 1662,2798 1706,2798 1751,2786 1796,2786 1841,2777 1885,2775 1930,2772 1975,2769 2020,2766 2064,2766 2109,2763 2154,2763 2199,2760 2243,2757 2288,2754 2333,2757 2378,2757 2422,2754 2467,2751 2512,2751 2557,2751 2601,2751 2646,2751 2691,2751 2736,2751 2780,2751 2825,2748 2870,2745 2915,2745 2960,2745 3004,2742 3049,2742 3094,2742 3139,2739 3183,2736 3228,2736 3273,2736 3318,2736 3362,2736 3407,2736 3452,2739 3497,2736"/>
                <TextEquiv>
                    <Unicode>aber.. oh, wenn ich's nur sagen kann.</Unicode>
                </TextEquiv>
            </TextLine>
            <TextLine id="tr_1_tl_24" custom="readingOrder {index:23;}">
                <Coords points="994,2955 3596,2902 3629,2716 2679,2861 2396,2777 1736,2804 1577,2898 998,2854"/>
                <Baseline points="1011,2942 1035,2939 1080,2936 1124,2936 1169,2933 1214,2933 1259,2933 1303,2930 1348,2930 1393,2930 1438,2927 1482,2924 1527,2924 1572,2924 1617,2921 1662,2921 1706,2918 1751,2915 1796,2912 1841,2912 1885,2909 1930,2906 1975,2903 2020,2900 2064,2897 2109,2897 2154,2900 2199,2897 2243,2894 2288,2891 2333,2888 2378,2888 2422,2888 2467,2888 2512,2888 2557,2888 2601,2888 2646,2891 2691,2891 2736,2885 2780,2879 2825,2876 2870,2873 2915,2873 2960,2870 3004,2867 3049,2864 3094,2861 3139,2861 3183,2858 3228,2864 3273,2861 3318,2855 3362,2855 3407,2858 3452,2858 3497,2861 3541,2864 3586,2864 3631,2864"/>
                <TextEquiv>
                    <Unicode>Und er schloß die Augen, holte tief, Athem</Unicode>
                </TextEquiv>
            </TextLine>
            <TextLine id="tr_1_tl_25" custom="readingOrder {index:24;}">
                <Coords points="3063,2942 3104,2935 3151,2962 3222,2925 3255,2955 3323,2935 3417,2969 3471,2935 3505,2955 3579,2942 3606,2969 3640,2955 3636,2891 3592,2898 3542,2864 3427,2891 3397,2864 3296,2881 3255,2854 3212,2888 3111,2861 3060,2875"/>
                <Baseline points="3079,2927 3124,2921 3168,2921 3213,2921 3258,2924 3303,2924 3347,2924 3392,2927 3437,2933 3482,2936 3526,2939 3571,2939 3616,2939 3649,2939"/>
                <TextEquiv>
                    <Unicode>nalmenher,</Unicode>
                </TextEquiv>
            </TextLine>
            <TextLine id="tr_1_tl_26" custom="readingOrder {index:25;}">
                <Coords points="1132,3104 3141,3006 3319,3117 3643,3033 3646,2955 2383,2888 1843,3003 1136,3003"/>
                <Baseline points="1154,3082 1193,3082 1238,3076 1283,3073 1327,3070 1372,3067 1417,3064 1462,3064 1506,3058 1551,3055 1596,3052 1641,3052 1685,3049 1730,3046 1775,3046 1820,3043 1864,3043 1909,3040 1954,3037 1999,3031 2043,3031 2088,3031 2133,3031 2178,3031 2222,3031 2267,3031 2312,3022 2357,3022 2402,3016 2446,3016 2491,3016 2536,3013 2581,3013 2625,3010 2670,3007 2715,3007 2760,3010 2804,3007 2849,3010 2894,3007 2939,3007 2983,3004 3028,3001 3073,3001 3118,3001 3162,3001 3207,3001 3252,2998 3297,3001 3341,3007 3386,3004 3431,3004 3476,3007 3520,3010 3565,3007 3610,3007 3655,3007"/>
                <TextEquiv>
                    <Unicode>mit aller Macht schien er das anbrechende</Unicode>
                </TextEquiv>
            </TextLine>
            <TextLine id="tr_1_tl_27" custom="readingOrder {index:26;}">
                <Coords points="1119,3252 1506,3171 1658,3242 2059,3161 2258,3235 2386,3148 2817,3131 2817,3073 2716,3046 2194,3131 2056,3033 1975,3084 1837,3040 1695,3100 1126,3097"/>
                <Baseline points="1136,3213 1169,3213 1214,3201 1259,3195 1303,3192 1348,3186 1393,3183 1438,3177 1482,3177 1527,3171 1572,3171 1617,3171 1662,3171 1706,3171 1751,3165 1796,3165 1841,3162 1885,3159 1930,3156 1975,3159 2020,3159 2064,3159 2109,3159 2154,3156 2199,3156 2243,3153 2288,3150 2333,3145 2378,3145 2422,3142 2467,3139 2512,3139 2557,3136 2601,3136 2646,3133 2691,3127 2736,3124 2780,3124 2825,3130"/>
                <TextEquiv>
                    <Unicode>Erben festhalten zu wollen,</Unicode>
                </TextEquiv>
            </TextLine>
            <TextLine id="tr_1_tl_28" custom="readingOrder {index:27;}">
                <Coords points="1193,3343 1709,3316 1867,3397 2009,3316 2932,3357 3414,3266 3545,3357 3704,3306 3710,3144 3340,3202 3148,3117 2720,3218 2389,3144 2130,3269 1938,3181 1196,3222"/>
                <Baseline points="1211,3324 1256,3324 1300,3324 1345,3321 1390,3318 1435,3318 1480,3318 1524,3318 1569,3315 1614,3315 1659,3312 1703,3309 1748,3303 1793,3303 1838,3303 1882,3300 1927,3300 1972,3300 2017,3297 2061,3294 2106,3297 2151,3297 2196,3294 2240,3291 2285,3291 2330,3285 2375,3282 2419,3282 2464,3282 2509,3279 2554,3279 2598,3276 2643,3273 2688,3270 2733,3270 2777,3267 2822,3267 2867,3267 2912,3264 2957,3264 3001,3264 3046,3264 3091,3261 3136,3261 3180,3258 3225,3258 3270,3261 3315,3264 3359,3264 3404,3261 3449,3261 3494,3264 3538,3261 3583,3258 3628,3258 3673,3258 3717,3258"/>
                <TextEquiv>
                    <Unicode>Mein Sohn? kann näher heran.. nähme</Unicode>
                </TextEquiv>
            </TextLine>
            <TextLine id="tr_1_tl_29" custom="readingOrder {index:28;}">
                <Coords points="998,3549 2315,3417 3380,3505 3579,3346 2534,3292 1146,3431 1001,3360"/>
                <Baseline points="1017,3470 1029,3470 1074,3464 1118,3461 1163,3458 1208,3455 1253,3455 1297,3452 1342,3452 1387,3449 1432,3449 1477,3446 1521,3446 1566,3443 1611,3443 1656,3443 1700,3434 1745,3431 1790,3428 1835,3425 1879,3425 1924,3425 1969,3425 2014,3425 2058,3422 2103,3422 2148,3422 2193,3419 2237,3419 2282,3419 2327,3416 2372,3419 2416,3419 2461,3416 2506,3410 2551,3410 2595,3407 2640,3404 2685,3401 2730,3401 2775,3398 2819,3401 2864,3401 2909,3398 2954,3398 2998,3398 3043,3398 3088,3398 3133,3395 3177,3389 3222,3392 3267,3395 3312,3395 3356,3395 3401,3398 3446,3398 3491,3398 3535,3398 3580,3392"/>
                <TextEquiv>
                    <Unicode>zu meinen Mund.. ein Wunder... Zwanzog</Unicode>
                </TextEquiv>
            </TextLine>
            <TextLine id="tr_1_tl_30" custom="readingOrder {index:29;}">
                <Coords points="984,3626 2032,3663 2979,3545 3646,3623 3690,3498 2548,3417 984,3559"/>
                <Baseline points="1002,3604 1011,3604 1056,3601 1101,3601 1145,3601 1190,3604 1235,3601 1280,3598 1324,3595 1369,3595 1414,3592 1459,3589 1503,3589 1548,3586 1593,3586 1638,3583 1682,3583 1727,3586 1772,3583 1817,3577 1861,3574 1906,3574 1951,3568 1996,3568 2040,3571 2085,3568 2130,3565 2175,3565 2220,3565 2264,3565 2309,3562 2354,3565 2399,3562 2443,3556 2488,3556 2533,3556 2578,3556 2622,3553 2667,3553 2712,3553 2757,3550 2801,3553 2846,3550 2891,3550 2936,3550 2980,3544 3025,3541 3070,3541 3115,3538 3159,3541 3204,3541 3249,3544 3294,3544 3338,3547 3383,3544 3428,3544 3473,3544 3517,3544 3562,3547 3607,3544 3652,3544 3697,3541"/>
                <TextEquiv>
                    <Unicode>re hatte ich's vergessen, in dieser Stunde kommt</Unicode>
                </TextEquiv>
            </TextLine>
            <TextLine id="tr_1_tl_31" custom="readingOrder {index:30;}">
                <Coords points="1004,3798 1547,3727 1789,3822 1982,3758 2329,3805 2703,3754 2726,3555 2319,3565 2029,3660 1685,3596 1601,3667 1459,3596 1217,3687 1008,3670"/>
                <Baseline points="1026,3729 1029,3729 1074,3729 1118,3729 1163,3729 1208,3723 1253,3723 1297,3723 1342,3717 1387,3714 1432,3714 1477,3714 1521,3711 1566,3711 1611,3708 1656,3708 1700,3705 1745,3702 1790,3702 1835,3702 1879,3702 1924,3702 1969,3702 2014,3700 2058,3700 2103,3700 2148,3697 2193,3697 2237,3694 2282,3697 2327,3702 2372,3697 2416,3694 2461,3688 2506,3688 2551,3688 2595,3688 2640,3682 2685,3685 2730,3688"/>
                <TextEquiv>
                    <Unicode>nur die Erinnerung. Höre..</Unicode>
                </TextEquiv>
            </TextLine>
        </TextRegion>
    </Page>
</PcGts>
