3224 4264
2969 134 3102 246 am
2920 236 3074 422 95
327 422 1871 640 Und wieder verloren.
373 510 3032 806 Die Mitspieler sahen den jungen Mann
320 637 3071 893 etwas erstaunt an; sie hatten ihn nicht
387 837 2033 1094 für so reich gehalten.
489 932 3039 1171 Er selbst saß mit lächelnder Miene.
320 1115 3145 1323 aber mit einem eigenthümlichen starren
383 1228 3131 1449 blick da. Graf Treuen sagte ihm leise.
359 1400 3095 1643 Nun haben Sie wohl schon Anregung ge¬
380 1551 1189 1794 ung. Wie
612 1636 2993 1917 Aber der junge Mann rührte sich
362 1808 2979 1998 nicht. er spielte weiter und verlor
376 1956 3029 2184 ununterbrochen. Ein Paar Zuschauer
408 2146 3050 2357 hatten sich gesammelt; man war er:
397 2276 3109 2480 staunt über das kühne Spiel des Malers
450 2392 3092 2652 Bald war als allen klar daß er eine ge¬
408 2617 3000 2832 ße Erbschaft gemacht hatte – und das
640 2708 1157 2821 son hätte
454 2751 2972 2958 die Hälfte davon verloren war.
468 2874 3095 3124 Da sagte Graf Treuen: „Wollen Sie
433 3014 3078 3271 sich nun nicht ein bisschen ausruhen.
457 3183 3113 3408 Oh nein, ich danke, erwiederte Frau
471 3289 3134 3563 Weldein. Und er spielte weiter. Ein Sat¬
457 3482 3131 3736 nach dem andern ging verloren. Man
457 3623 3148 3887 fing an, ihn zu bedauern, man schüttel
