6376 5064
478 389 2783 577 ... Weldein erhob sich vom Bettrande und begann im Zimmer hin und her zu gehen.
341 500 2780 663 Seine Augen glühten, wie er nun sein Erlebnis in Gedanken ein zweitesmal durchlebte...
341 596 2799 730 Er sah sich mit den beiden Fremden die dumpfe Wirtsstube verlassen, er hatte dort nichts
347 685 2780 845 mehr zu suchen; die anderen Spieler, denen er all ihr Geld abgewonnen, waren verdrossen
344 806 692 931 aufgestanden.
507 784 2792 985 Und wie er nun in der engen Vorstadtgasse stand und die beiden Fremden näher
341 934 2795 1058 betrachtete, die ihm erschienen waren, wie die guten Geister im Märchen!... Er mußte ihnen
357 1007 2827 1157 erzählen, wenn sie eigentlich geholfen hatten. Ach ja, wem! Einem armen Anstreicher, der
357 1116 2799 1234 einmal Maler hatte werden wollen und dem alles fehlgeschlagen war, was er begonnen...
357 1170 2786 1304 aber wahrhaftig auch alles! Nun hatte er für Weib und Kind zu sorgen, brachte sich auch
357 1234 2818 1387 mühselig und redlich durch die Welt. Nur zuweilen kam es wie ein böses Verhängnis über
363 1361 2792 1479 ihn; das war in jenen Wochen, in denen er spielen uyd trinken mußte, ja, mußten! ob er wollte
354 1434 2611 1584 oder nicht. Und auch im Spiel immer das alte Unglück! Heute wieder, wie jedesmal!
520 1498 2799 1638 Wer aber waren die Fremden? Er hatte sie einfach darum gefragt und sie nannten sich
354 1591 2802 1728 vor ihm: der eine Graf Spaun, der andere Freiherr von Reutern, was ihm weiter nicht
370 1670 2808 1833 sonderbar vorkam; denn daß es junge Leute von Adel waren, das hatte er ihnen auf den
357 1804 979 1928 ersten Blick angesehen.
516 1798 2808 1973 ... Und jetzt, während sie durch die abendlich stillen Gassen der Vorstadt schritten, ent¬
370 1912 2808 2056 schied sich Weldeins Los! — Denn die beiden Männer an seiner Seite waren erfindungsreich,
370 2021 2808 2174 lustig und kühn. Wäre ihnen sonst ein so seltsamer Plan durch den Kopf geflogen? Hätten sie
382 2097 1881 2238 sonst den Streich ausgedacht, den sie mit ihm vollführten?
539 2158 2802 2327 Und nun zogen, der Reihe nach, die seltsamen Bilder der heutigen Nacht vor ihm vor¬
363 2247 2818 2384 über. Er erblickte sich im Laden des Friseurs, wo sein wirres Haupt- und Barthaar sorglich
382 2349 2821 2477 hergerichtet wurde; er sah sich in dem Ankleidezimmer des Grafen, wo man ihn mit dem ele-
382 2422 2824 2560 ganten Gesellschaftsanzuge versah, den er jetzt noch am Leibe trug. Und dann — dann sah er
382 2515 2815 2646 sich mitten unter all jenen reichen und vornehmen Herren am grünen Tische sitzen, in dem
376 2614 2830 2722 großen, prächtigen Spielsaal des Klubs mit den vielen glänzenden Spiegeln, und er erinnerte
395 2681 2891 2811 sich, wie er, der Verabredung getreu, einen schweigsamen Amerikaner vorstellen mußte, den der
389 2751 2827 2910 Zufall der Reisen einmal auch hieher gebracht, die alten Freunde aufzusuchen, die er kennen
376 2837 2837 2964 gelernt... wo nur?.. in Moskau.. oder Paris. Die zwei Herren, die ihn heraufgebracht,
392 2923 2821 3060 hatten wohl nicht gedacht, wie ihr Karnevalsscherz enden würde... Mit brennender Deutlich¬
389 3006 2827 3152 keit sah Weldein alles wieder vor sich; ihm war, als fühlte er die glatten Karten in seiner
395 3114 2850 3238 Hand: er erblickte die Goldstücke, die Banknoten, die sich vor ihm häuften; er erinnerte sich,
376 3188 2821 3280 wie auf dem Stuhl neben ihm ein eisgefüllter Kübel mit einer Flasche Champagner stand, und
382 3267 2818 3376 wie er Glas auf Glas von dem berauschenden Getränke hinunterstürzte. Auch des eigentüm¬
395 3328 2859 3474 lichen Ausdruckes in den Gesichtern der anderen Spieler entsann er sich völlig genau: wie sie
386 3436 2827 3557 zuerst erstaunt waren über sein nie versagendes Glück, und wie dann das Erstaunen in
395 3503 2818 3624 Bestürzung überging, als er mit jeder Karte gewann.. und endlich aufstand, leuchtenden
402 3605 2238 3739 Auges, aber wortlos starr ob seines Abenteuers — ein reicher Mann!
551 3646 2834 3806 Und nun hatte der Graf ihn über die breite mit Teppichen bedeckte Treppe hinabgeleitet,
395 3748 2827 3873 ohne ein Wort mit ihm zu sprechen. Sie standen unten beim offenen Thore. Die Straße vor
395 3850 2866 3965 ihnen war menschenleer. Die Laternen brannten hell, eine wunderbar milde Luft wehte durch die
405 3930 2850 4042 Nacht. „Gehen Sie... Herr Weldein... gehen Sie nach Hause...." sagte der Graf. Und
402 4007 2840 4147 Weldein stand auf der Straße, allein — mit einem Vermögen in der Tasche. Er wandte sich
389 4090 2834 4227 um, sein hochgeborener Freund verschwand eben im Stiegenhause, ohne sich noch einmal umzu¬
402 4195 2799 4300 sehen... Die Flammen in den Straßenlaternen tanzten, und Weldein schwankte davon...
555 4246 2840 4380 Und wie er nun überdenken wollte, was in dieser Nacht weiter mit ihm geschehen, stauten
398 4329 2869 4466 sich seine Gedanken. Er besann sich kaum, wie er nach Hause gekommen. Aber alles hatte er
3554 523 6117 676 erlebt, wahrhaftig erlebtn, und er war reich, daran gab es keinen Zweifel mehr... Und
3548 644 5361 749 während er im Zimmer auf und ab ging, murmelte er vor sich hin:
3698 708 5989 864 „Was nun? — Die heutige Nacht bleibt mein Geheimnis... denn diese Nacht ist nur
3541 835 5986 934 der Anfang eines neuen Lebens... In einigen Tagen verschwind ich aus der Stadt, ja wohl,
3541 928 5996 1026 ich verschwinde aus der Stadt.. Meine Frau mag ohne Sorge sein, ich werde ihr schreiben,
3554 1001 5983 1106 wohin sie mir nachzukommen habe. Nach dem Süden — — nach Monte Carlo... wo ich
3554 1103 5897 1211 nicht der Anstreicher Weldein bin, wo mich niemand kennt!...“ Er versank in Sinnen.
3707 1170 5986 1307 „Gut, sehr gut...“ Er warf den Frack ab, that ihn sammt dem übrigen Zubehör
3529 1237 6005 1380 seiner eleganten Person von gestern in ein Bündel. Bald stand er im Arbeitsgewande vor dem
3560 1374 6018 1466 Spiegel. Er lachte wieder... „Guten Morgen, Herr Weldein," rief er laut, jubelnd beinahe. Er
3548 1422 5996 1549 trat zum Fenster, schaute auf die Straße. Ein sonniger Frühlingstag! Er öffnete beide Flügel. Lind
3541 1533 5986 1619 wehte der Morgen um seine Stirn. Er that einen tiefen Atemzug, mit einem stolzen erobernden
3548 1594 6015 1693 Blicke schaute er in die Höhe... Drilben im Nachbarhause war alles wie sonst; bei einigen
3567 1667 5989 1798 Fenstern noch die Vorhänge herabgelassen ; bei anderen sah man Frauen im Morgenkleid putzen und
3560 1756 5996 1881 abstauben, dann wieder ganz im Hintergrunde der Zimmer verschwinden. Unten bei der geöffneten
3560 1839 5655 1970 Ladenthür hämmerte der Schuster... Alle waren fleißig, waren bei der Arbeit.
3713 1951 5992 2059 Karl Weldein trat vom Fenster zurück, zündete sich eineans-Cigarre- an und legte sich der
3551 2027 5999 2145 Länge nach aufs Bett. Er war reich, er war glücklich. Er ruhte vielleicht eine Stunde lang,
3554 2097 6021 2203 die Zigarre lag neben dem Bette ausgebrannt auf dem Boden, als er erwachte. Mit einem
3554 2183 6012 2270 dumpfen Gefühl im Kopfe erhob sich... Es war ihm etwas Wichtiges eingefallen. Wo
3548 2257 5999 2378 war sein Geld? — Er hatte irgend etwas damit gethan. Aber was? Ach ja, freilich.. wie
3560 2343 6028 2454 er von jenem Thore aus durch die Straßen taumelte, da war es ihm ja plötzlich durch den
3567 2438 6002 2550 Sinn gefahren, daß er das Geld nicht mit sich nach Hause nehmen konnte.. es war zu
3560 2505 5999 2646 viel!... Da war ihm nun der tolle Gedanke gekommen, seinen Reichtum zu verstecken..
3707 2598 6005 2700 In der Nacht war es ihm so ganz natürlich erschienen — in jenen Augenblicken,
3554 2642 6021 2795 da ihm der Kopf von dem glühenden Weine wirbelte und heiß war — daß er das Geld
3554 2780 6008 2885 vor der Frau,vor den Nachbarn, vor allen Menschen überhaupt verstecken müßte!... Er
3567 2869 6024 2955 hatte eine seltsame Empfindung von Angst, beinahe von Schuld gehabt, als er in der
3567 2936 6005 3079 Nacht durch die Straßen schwankte, das ihm jetzt fast sonderbarer vorkam, als sein ganzes
3560 3022 3940 3136 Abenteuer...
3726 3044 6050 3216 .. Aber was that es weiter? — Am Ende hätte auch wahrhaftig seine Frau das
3567 3165 6005 3296 Geld vorzeitig gefunden.. und da... hätte es dann im Kasten liegen und einrosten können..
3554 3293 5999 3392 Nun, es war jetzt geschehen.. er hatte seinen Reichtum versteckt — und er halte einfach nichts
3560 3344 6018 3468 anderes zu thun, als ihn wieder zu holen. Freilich nicht jetzt... erst in der Nacht. In der Nachtt
3560 3446 6005 3580 mußte er hingehen.. hingehen... hingehen... Er griff sich an die Stirn... Wohin gehn?
3567 3529 6034 3640 ... Nun ja.. von dem Gebäude des Klubs aus durch jene lange Straße... und dann
3554 3631 6024 3720 ... ja, wohin dann.. ja, links... und dann... Ja, wolin? Wohin war er gegangen?..
3541 3688 6018 3793 Links links links... links... Und Weldein suchte in seinem Gedächtnisse. Er fuhr sich mit
3541 3777 6012 3876 beiden Händen durchs Haar. Er Stampfte auf den Boden. Er murmelte... Wohin.. r
3560 3866 6012 3978 schrie... Wohin? Er ging mit gesenktem Haupte im Zimmer hin und her, im Kreise. Er
3576 3956 5795 4080 fing an, in singendem Tone vor sich hinzusagen: Wohin.. wohin... woh in?
3720 4035 6018 4163 Nun stand er wieder beim offenen Fenster. Wagen rasselten vorbei. Er schlug die
3554 4134 5980 4262 Flügel wieder zu. — Wagenrasseln. Das hatte er auch heute nachts gehört, kurz vorher..
3560 4239 5922 4345 „Nun, nur Ruhe.“ sagte er sich. „Also... die Wagen rasselten in der Straße... gut
3554 4294 6005 4434 und dann ging ich links." Er stand still da; die Stirn am Fensterkreuz und grübelte. Er
3554 4383 6005 4510 erinnerte sich genau an die dunkle lange Straße.. „ dann kam eine Kreuzung — er war zur
3554 4475 5288 4616 linken Hand weitergegangen — und von da an... wohin..?
