3816 4536
857 235 3666 481 Kunst an anderen themen; doch keines wollte
860 400 3683 650 ihm so recht gelingen.. Wie verzweifelt fast
871 544 2890 772 er manchmal vor seine Palette
3037 632 3603 762 wenn
832 671 3571 871 er ein Bild der Liebe, der Seligkeit hin
836 815 3624 1018 Zaubern wollte. Lächerliche Fratzen starrten
871 973 3546 1204 ihm entgegen.. nicht Engelsangesichter...
864 1092 3669 1299 Er müßte sich endlich fügen, ein unsagbarer
850 1264 3641 1478 Zwang waltete über ihm.. „Bin ich wahr¬
860 1362 3550 1622 sinnig, fragte er sich manchmal. „Oder
860 1506 3571 1682 kommt es daher, weil ich selbst jenem
892 1643 3631 1798 Laster verfallen scheine... Und er ver¬
864 1794 3585 1963 suchte, seiner selbst Herr zu werden... er
874 1938 3662 2086 wollte dem Wein, den Karten entrinnen.
930 2030 3627 2272 Es war nicht möglich. Ja sobald er einige
909 2184 3638 2374 Tage sich aus dem Kreise der Freunde zu¬
867 2328 3659 2546 rückgezogen, wo das Spiel und der Trunk
846 2447 3613 2662 winckte, war er wie gebrochen und to
906 2616 3560 2855 desmatt. Es fehlte ihm jedweder Trieb
850 2728 3588 2963 zum Schaffen? Und dann eilte er wieder
857 2883 3522 3122 an den Spieltisch, zu der Flasche... Und
836 3069 3571 3248 wenn er dann am helllichten Morgen
829 3174 3466 3371 wie damals, da er seinen Vater auf
874 3336 3564 3494 dem Boden liegend gefunden, nach Hause
874 3469 3367 3704 kam. Da war er wieder der große
