3752 4568
867 282 3590 543 schliefen. Über diese Wiese schwankte Weld ein
870 468 3569 726 weiter. Das Gegweig bewegte sich leicht,
839 609 3329 815 ganz leise säuselte es in den Blättern
863 702 2607 939 „ Es rauscht, es rauscht..
2675 767 3597 983 lallte Waldein.
870 853 3477 1100 Dann sank er hin auf die den
863 994 3483 1224 heißten Rasen und ein Dumpfer Schlu¬
829 1200 3521 1372 mer befiel ihn. Nach kurzer Zeit schon
880 1245 3532 1506 setzte er sich auf und starrte vor sich
842 1420 3508 1616 hin. Sein Kopf war aber freier und
829 1554 3518 1798 er begann von neuem nachzufinnen
856 1664 3618 1895 Es ist wohl Mittag vorbei.. und gestern
860 1816 3559 1994 war ich ein armer Schlucker. Es kommt
856 1912 3621 2180 darauf an - nun ja, natürlich, durch Kommtes an
856 2070 3473 2331 daß ich ruhig genug werde, um mich
849 2194 3542 2469 an alles zu erinnern. Ansinn! Eren
836 2349 3545 2600 nern muß ich mich am Ende.. Jetzt ist’s
842 2503 3497 2768 zu heiß.. man kann nicht nachdenken
849 2655 3521 2844 wenn einem die Mittagssonne auf den
839 2799 3521 3023 Schädel brennt. Also Ruhe.. Weldein
839 2923 3298 3112 und warten, bis es kühler wird."
1186 3071 3422 3301 Er stand auf und spazierte mit
853 3205 3532 3456 gemüthlichen gemächlichen Gange durch
867 3322 3432 3538 die Alleen des Parkes. Manchmal war
853 3466 3363 3738 es ihm, als ob er sich auf die Erde
