6552 5112
3795 1686 6103 1822 Früh morgens, in den Schlummer herein, hörte weldein die Stimme seiner Frau.
3644 1773 6097 1877 Sie stand, zum Fortgehen angekleidet, neben seinem Bette und sagte: „Guten Morgen, Karl,
3638 1834 6112 1960 ich muß in die Arbeit.“ Sie nähte außer dem Hause. Weldein zog die Decke bis über das
3656 1939 6087 2050 Kinn, er erinnerte sich dunkel, daß er sich angekleidet ins Bett geworfen hatte. „Guten Morgen,"
3650 2007 6100 2167 erwiderte er. Sie sah ihn an, mitleidig, resignirt. „Der Kleine ist schon in der Schule und
3656 2114 4241 2243 was machst denn du?"
3816 2173 4958 2308 „Hab heute keine Arbeit. Laß mich schlafen.
3822 2265 6097 2391 Sie ging. Alles das war ihr nichts Neues. Bei der Thüre wandte sie sich um. „Vergiß
3638 2364 6112 2468 nicht, heute ist der Zins zu zahlen. Das Geld liegt abgezählt in der Lade." Und sie sah wieder
3656 2444 6115 2554 ihren Mann an, schien sich eines andern zu besinnen. Sie schritt zu dem Wäschkasten, öffnete
3653 2508 5530 2644 die Lade und nahm Geld heraus... „Ich will es lieber selber zahlen.
3816 2604 4665 2724 „Gut, zahl es selber," lachte er.
3816 2674 6115 2785 Sie ging mit einem letzten traurigen Blicke. Und Karl Veldein lag da, allein, halb
3650 2751 6112 2887 wachend, mit offenen Augen. Das Zimmer sah ärmlich, aber wohlgehalten aus. Durch die
3668 2847 6109 2985 zwei Blanken Fenster blitzten die Morgenstrahlen der Frühlingsfonne. Die Wanduhr schlug in
3650 2942 4364 3071 einförmigem Tiek-Tack
3828 3019 6121 3118 Plötzlich sprang Weldein ans dem Bette. Er stand da in Frack und mit weißer Kravate;
3662 3081 6103 3222 das Hemd zerknittert, die Schuhe bestaubt, dre kurzgeschnittenen Haare wirr, die Augen rot-
3668 3170 6115 3302 gerändert. Er trat zu dem einfachen Wandspiegel, der über der Kommode hing. Er betrachtete
3659 3271 6112 3373 sich und lächelte. „Guten Morgen, Herr Weldein," sagte er, „guten morgen.“ Dann tänzelte er
3668 3333 6109 3459 im Zimmer umher und begann ein Lied zu pfeifen. Dann setzte er sich auf den Bettrand, schlug
3662 3431 6121 3558 die Beine übereinander und dachte nach... Er mußte sich allmählich besinnen. Daß es kein
3662 3518 6124 3631 Traum gewesen, das stand nun fest; wie wäre er sonst in diesem Anzug ins Bett gekommen?
3675 3601 4595 3711 Es war also Leben und Wahrheit.
3828 3684 6127 3798 Und er sah sich wieder in jenem Wirtshaus, wo das Abenteuer begonnen hatte. Er
3675 3739 6124 3878 sah sich mit jenen ärmlich gekleideten Leuten an einem Tische sitzen und Karten spielen, wie er
3659 3828 6121 3976 es so oft gethan. Er empfand sogar wieder den Geruch der qualmenden Lampe, die wie immer
3668 3927 6130 4038 auf dem Tische stand, und die rundliche Gestalt des Wirtes erschien vor ihm, die in der
3681 4004 6127 4130 Thüre gelehnt war, als jene Fremden hereintraten. — Gestern abends war es geschehen..!
3678 4115 4287 4219 War es denn möglich?
3841 4152 6137 4287 — Er hatte sein Geld verloren, alles, aller! Und die Fremden, die an dem Spiel
3675 4272 6140 4382 ein heiteres und neugieriges Gefallen fanden, hatten ihm Geld gegeben, damit er weiter
3690 4358 5746 4481 spielen könnte und — nun begann das Glück, das unerhörte, rätselhafte Glücke.
6072 4515 6340 4826 180
292 4862 505 5004 G.C.P.
