3816 4536
914 375 3649 594 es ihm, als es in's Schloß fiel. Hinter ihm
900 478 3529 728 alle Hoffnung, alles Glück! Langsam stie¬
921 639 3550 897 er die Treppe hinauf.. zurück in’s alte
907 790 1323 1048 Elend.
1354 1192 3673 1402 Und die Jahre zogen dahin. Karl
942 1368 3505 1605 Waldam strich die Zimmerdecken und
938 1502 3618 1694 Wände an betrank sich zuweilen und
911 1643 3570 1862 spielte nicht mehr. Er, der reiche Mann
931 1828 3577 2014 um lumpige Groschen! Und manchmal,
911 1900 3546 2144 wenn ihm der Brauntwein zu Kopfe
917 2045 3502 2289 gestiegen war, da durchzuweißes ihn
928 2234 3519 2440 als hätte er's gefunden. Und mit
907 2326 3567 2515 einem Male wieder alles dunkel.
897 2495 3660 2711 Manchmal kam es wie ein gewaltiges
893 2608 3615 2838 Staunen über ihn, daß er nicht damals
869 2766 3546 2969 verpreifelt war. Aber als nur die
887 2880 3591 3134 ersten Tage überwunden waren, ging
893 3051 3536 3209 es schon besser. Anfangs machte er
890 3196 3361 3405 allabendlich den Weg jener Nacht
893 3350 3646 3519 nüwer ruhiger aber und an manchmal
1113 3467 1323 3625 und
1127 3474 3615 3728 und mit dem Gedanken". Ein recht schönen
962 3471 1131 3684 m
