3784 4536
3523 201 3664 375 71.
855 382 3590 576 weiß, was es ist, sagte er vor sich hin.
901 527 3505 689 Weiß, was mir fehlt. Es würde das la¬
1876 618 2202 717 wanin
806 643 3647 823 benswollste Bild, das ich je geschaffen, wenn
866 802 3558 979 ich mich selber hinsetzen könnte unter die
876 891 3611 1131 Leute und untempfinden, was sie empfinden
671 901 883 1120 thuls
880 1021 3643 1201 Ich stehe zu sehr außerhalb der Sache. Es muß
845 1152 3629 1431 mich mitreißen; ein Theil von diesem Wahr¬
852 1297 2887 1520 sinn muß in mich übergehen.
1074 1438 3548 1661 Und weiter skizzirte er. Nach einer
827 1555 3604 1781 Stunde wurde er müde. „Ich will ein wenig
792 1707 3615 1862 ruhen, dachte er.. mich nicht zu Bette legen
1035 1795 3576 2018 ich will nun darüber sinnen.. Und
813 1922 3590 2184 er streckte sich auf das Sopha.. Er schloß die
841 2050 3558 2286 Augen und das Bild entwickelte sich vor
845 2205 3601 2477 ihm. Da ist der Saal in all’ seinen stolzen
862 2325 3481 2601 Einfachheit. Die vier großen Spiegel mit
830 2470 3562 2696 den goldenen Rahmen... Eigenthümliche Re¬
830 2654 3558 2866 flexe, die von einem zum andern fallen.
837 2746 3608 2958 Ein großer Herr mit blinden Schnurrbart
855 2876 3590 3117 in der Thüre stehend, eine Gantnia im
876 2990 2392 3279 Knopfloch. Eine Gruppe
1449 3149 1876 3293 mina it
3053 3067 3611 3301 theilnams.
816 3134 3558 3452 loser, auf großen jenster stehend, plaudernd
869 3336 3580 3527 Cigaretten rauchend.. Und dann die Spieler
841 3470 3580 3718 um den Tisch. Der Herr mit dem schwarzen
