6488 5064
524 476 2918 639 in die, wo man ihn schon kannte.. Lieber in irgend ein Wirtshaus, um irgendeine Kleinigkeit
483 607 2925 722 zu essen. Es trinkt sich besser dabei.. So.. hier. Und er ging in ein kleines Wirtshaus
483 713 2925 802 ließ sich eine Speise auftragen und trank Wein dazu. Er aß langsam; er wartete von Bissen
502 773 2947 885 zu Bissen. Ueber der Eingangsthür war eine Uhr.. sie war wohl stehen geblieben.. Nein.
483 866 2925 968 nein die Zeiger rückten nur so langsam. Draußen hörte er eine Turmuhr schlagen. Er zählte
470 943 2944 1052 .. neun.. zehn.. ejlf... D.. enf Uhr! und da ist es eben dreiviertel vorüber.. Dieser
489 1020 2966 1131 Wirt! Natürlich. Damit man länger sitzt und mehr verzehrt. Er ließ sich eine Zeitung geben.
489 1103 2931 1215 las sie vom Anfang bis zu Ende durch, mit brennenden Augen, mit dem festen Willen, nur
489 1189 2918 1304 an das zu denken, was er las, aber er faßte kein Wort auf.. Er zahlte und ging. Die Uhr
486 1272 2931 1390 zeigte ein viertel nach eilf — es war also halb zwölf.. Einsam, tot die Straße. Langsam
422 1355 2928 1467 begab er sich nach dem Klubhaus.. Da war es — da lag es vor ihm; das Thor weit
483 1448 2909 1560 offen, die Fenster erleuchtet, glänzend inmitten der von matten flackernden Laternenlichtern
483 1531 2918 1620 erhellten Straße.. Das Herz klopfte ihm, als er, auf der gegenüberliegenden Seite stehend,
476 1605 2918 1688 das Gebäude betrachtete. Es kam ihm wie etwas Riesiges vor, wie eine steinerne Macht. Es
489 1684 2915 1793 schaute ihn an, wie er es anschaute.. Die strahlenden Fenster waren hundert glühende Augen.
470 1774 2928 1892 die ihn verschlangen. Und der Augenblick trat ihm wieder ins Gedächtnis.. Der große
467 1860 2918 1966 Augenblick, in dem er die Bank sprengte und ein Gleichberechtigter war unter all den vornehmen
479 1921 2918 2026 Herren, die mit ihm am selben Tische saßen.. Da oben, ja.. Das waren die Fenster.
470 2020 2148 2119 Und jetzt fort.. noch einmal, noch énmal das Geld gewinnen!
646 2100 2905 2228 Er ging bedächtig.. er bog um die Ecke.. die lange lange Straße.. weiter, noch weiter
460 2228 2902 2320 links.. er versuchte an nichts zu denken.. so.. gut. Da muß es gewesen sein.
422 2269 2912 2352 und jetzt wieder eine andere Straße.. gut.. hier war es.. denn hier zog es ihn weiter
476 2349 2925 2468 .. so.. und nun.. ja. dort.. es rauschte..es rauscht.. wahrhaftig.. was ist
476 2436 2912 2538 das.. ah, der Fluß.. war es hier vielleicht.. gewiß.. nein.. ja! Da stand er.. Vor
476 2522 2925 2624 ihm, leise schäumend, glitzernd von den Laternen, die an seinen Ufern stehen, der Strom, der
470 2605 2912 2710 die Stadt durchschneidet. Und drüben wieder Häuserreihen.. und darüber der wolkenbedeckte
447 2698 2912 2794 Nachthimmel, von dem unaufhörlich der warme Regen niedertropfte. Seltsam, mischte sich das
460 2774 2934 2867 Geräusch der fallenden Tropfen mit dem schläfrigen Brausen der Wellen. Also da?... Und
467 2854 2915 2937 er schritt dem Ufer entlang; links.. dann kehrte er um.. rechts.. und dann hielt er inne
447 2944 2893 3020 an einem mächtigen steinernen Löwen, der ein Standbild am Ende einer Brücke vorstellte.
467 3020 2202 3129 Er betrat die Brücke, über die eben ein schwerer Wagen rollte
604 3097 2905 3203 Das Geräusch verlor sich. Stille ringsum, nur der Regen und die Wogen da unten.
447 3180 2877 3302 Und am Geländer lehnend schaute er hinab; ratlos, bebend.. „Was hat mich hieher ge-
447 3279 2899 3353 führt.. Mußte ich nicht hieher? Und jetzt?“ Immer blickte er hinab.. es schwindelte ihn.
447 3353 2899 3458 Plötzlich ein schauerlicher Gedanke, daß er zusammenzuckte. „Vielleicht.. hab ich's ins Wasser
447 3439 2905 3545 geworfen!" Und er begann wie ein Kind zu wimmern. „Ins Wasser geworfen.. weil ich
447 3529 2921 3596 betrunken war.... Betrnnken hab ich mich! Und warum denn? Da oben! und warum hab¬
451 3602 2899 3714 ich’s denn verstecken wollen? Vor meiner Frau? Vor dem Kind? Hätten sie mir's denn
454 3685 2896 3775 gestohlen? War ick denn verrückt! Was hab ich denn gethan?.. Was hauch denn gethan?..
454 3762 3024 3906 Ich weiß doch, daß mich das Trinken verwirrt macht.. Da drinnen, da unten das Geld :/7,
444 3845 2189 3960 Spring nach, Weldein, du Dummkopf, du Trunkenhold, du Schuft!"
601 3928 2893 4062 Und er hielt sich am Geländer fest, während er schrie und raste.. „Verstecken! ich hab¬
428 4008 2893 4110 es verstecken müssen.. Im Strom.. Auf dem Grund?.. Nein! Ich kann es nicht hinein¬
435 4098 2899 4213 geworfen haben! So närrisch ist der ärgste Narr nicht!.. Aber wo ist es?.. Wo? Wo?
441 4181 732 4280 Wo?..
569 4193 2893 4379 Der Regen ließ nach.. am Himmel zeigten sich dunkelblaue Streifen und einige Sterne
435 4328 2899 4433 blickten nieder. In tiefem Schlummer lag die nächtliche Stadt; ab und zu ein Ton aus
419 4433 2925 4583 der Ferne, der kaum zu deuten war; einmal ein verklingender Gesang von heimkehrendem
3625 499 6105 655 Zechern. dann wieder alles ruhig ; und unter ihm, von ihm weg, den verhüllten Bergen
3637 636 6095 742 zuströmend, die gleichmäßig rauschenden Wogen.. Lange, sehr lange lehnte er noch da; die
3631 713 6108 834 Augen waren ihm wieder trocken; er selbst war ruhig geworden... Und wied er ein Hauch
3631 805 6092 908 von Leben.. Von der anderen Seite der Brücke kam es.. Karren, von feisten Gäulen
3625 876 6089 994 gezogen, zuerst einer, dann zwei oder drei zu gleicher Zeit; die Bauern kamen vom Land zu
3625 981 6102 1080 Markte... Eine nahe Turmuhr schlug.. eins.. zwei.. Und wieder tiefer, großer Frieden.
3631 1055 6095 1176 Weldein verließ die Brücke und das Rauschen verklang allmählich hinter ihm... Als er es gar
3631 1144 6105 1231 nicht mehr hören konnte, wollte er wieder dahin zurück... Aber er schüttelte den Kopf und
3625 1227 6102 1314 ging seines Weges weiter.. gedankenlos vorwärts.. Er fah auf die Pflastersteine zu seinen
3625 1291 6076 1400 Füßen.. er begann seine Schritte zu zählen.. Er zählte immer weiter, kam bis hundert —
3625 1352 6098 1473 dreihundert — sechshundert. Dann hörte er auf. Es kam wieder über ihn; er mußte wieber
3631 1442 6124 1569 daran denken.. „Und kann man denn so weiter leben?“ fragte er sich. „Und was ist's jetzt
3625 1534 6089 1636 mit mir? Bin ich reich? Vin ich arm? Werde ich es finden? Muß ich’s nicht einmal finden?
3625 1620 6102 1739 Natürlich, ich muß ja.. Es wird die Stunde kommen, wo ich's wieder weiß. Wenn ich im
3625 1691 5843 1812 Bett liege.. oder morgen.. in einigen Tagen.. wenn ich wieder ruhig bin..“
3791 1784 6089 1892 Und vorwärts.. der heimischen Vorstadt zu. Ein grauer Morgenschimmer im Ost..
3631 1854 6095 1969 Bald erwacht alles wieder zum neuen Tage, zur neuem Arbeit. „Und ich?“ dachte Weldein.
3644 1940 6124 2068 „Auch ich wieder zur Arbeit —? Ich, der Millionär?.. Wieder auf die Leiter steigen und
3625 2033 6105 2141 anstreichen?.. Und heute früh noch hat mir die ganze Welt gehört?.." Da vor ihm lag
3625 2116 6089 2225 das Haus, in dem er wohnte.. Er erschrak, da er es mit einemmal sah.. dort oben sein
3644 2209 6137 2314 Fenster offen, nur die Vorhänge heruntergelassen, die sich leicht bewegten. — Und Wel dein
3631 2301 6108 2391 lehnte sich eine Weile ans Hausthor, dann nahm er seinen Schlüssel und sperrte die Thüre auf.
3631 2375 6089 2515 Schauerlich klang es ihm, als sie ins Schloß fiel. Hinter ihm alle Hoffnung, alles Glück!
3631 2445 5245 2602 Langsam stieg er die Treppe hinauf.. zurück ins alte Elend.
3788 2659 6105 2816 Und die Jahre zogen dahin. Karl Weldein strich die Zimmerdecken und Wände an,
3637 2797 6089 2899 betrank sich zuweilen und spielte nicht mehr. Er, der reiche Mann, um lumpige Groschen!
3644 2867 6124 2995 Und manchmal, wenn ihm der Branntwein zu Kopfe gestiegen war, da durchzuckte es ihn,
3625 2973 6111 3065 als hätte er's gefunden. Und mit einem Male alles wieder dunkel. Manchmal kam es wie
3644 3043 6095 3139 ein gewaltiges Staunen über ihn, daß er damals nicht verzweifelt war. Aber als nur die
3644 3116 6118 3219 ersten Tage überwunden waren, ging es schon besser. Anfangs machte er allabendlich den
3647 3193 6105 3324 Weg jener Nacht.. immer ruhiger aber, und manchmal nur mit dem Gedanken : Ein recht
3647 3276 6108 3394 schöner Spaziergang. Andere Abende jedoch und ganze Tage und Nächte kamen, wo ihm
3637 3372 6111 3481 der Wahnsinn nahe schien. Dann... der Schnaps! Auf ein paar Augenblicke Hoffnung,
3637 3458 6111 3573 ein Schein des Glücks. Zuweilen, wenn er mit dem großen Pinsel in der Hand
3644 3535 6095 3641 auf der Leiter stand und die Farben auf die Zimmerdecke hinwarf, wünschte er sich
3637 3625 6114 3733 herunterzufallen, damit endlich einmal dieses dumme Leben zu Ende sei! War denn das ein
3637 3714 6105 3816 Leben! Die kränkliche Frau zu Hause, die mit ihrer Näharbeit gar wenig verdiente und
3644 3781 6108 3903 dabei immer blasser und mogerer wurde. Der Bub mit den geflickten Kleidern, der wild
3631 3890 6111 3976 aus der Schule gestürmt kam und immer Hunger hatte. Und dann das kärgliche Mittag¬
3637 3976 6089 4085 mahl in der ärmlichen Stube, ohne daß was Rechtes dabei gesprochen wurde. Im Wirts¬
3644 4037 6095 4149 haus die Kameraden, die alle doch nur an sich selber dachten. Und draußen in der Welt
3644 4130 6111 4257 das viele Glück und all das Schöne, an dem er vorüber mußte — er, der reiche Mann!
3653 4222 6111 4337 ... Und all den Kummer mußte er in sich verschließen. Wenn er's in die Welt hinein¬
3631 4280 6102 4398 gerufen hätte: „Ich bin sehr reich... unendlich reich... ich weiß nur nicht, wo ich mein
3644 4392 6108 4519 Geld habe!“ — wie hätte man da gelacht! Gelacht? Ins Narrenhaus hättte man ihn
3644 4462 3880 4583 gesteckt!
