3816 4488
898 271 3600 557 nen Augen auf dem Bett ausgestreckt. Sein
888 458 3649 687 Gesicht war hochgeröthet. Er erkannte sei
845 609 3628 831 nen Sohn nicht. Dieser rief ihn an: „Vater
863 757 3660 926 Vater. Die Nachbarin, eine Gute, alte Frau
859 881 3660 1078 wollte den jungen Mann beruhigen. "Jetzt
856 1014 3604 1191 ist er schon ruhiger, meinte sie. So, so.
881 1191 3593 1353 sagte Franz.. Beide standen eine Weile
863 1300 3505 1490 am Bett, rathlos den alten betrachtend.
979 1402 3589 1701 »Da ist der Herr Doktor, sagt die Nach¬
838 1532 1279 1712 barin.
993 1645 3618 1892 „ Oh, endlich!“ rief Franz aus, und trat
852 1811 3677 2032 dem eintretenden Arzt, einem noch jungen
874 1930 3618 2184 Mann, den er selbst zuweilen zu Rath gego¬
888 2117 3635 2300 gen hatte, entgegen. „Nun was gibts keine,
881 2272 3547 2480 fragte der Ärgt. „ Ihr Herr Vater, wie ich
891 2350 1314 2582 höre.
1046 2434 3607 2723 "Ja wohl, Herr Doktor, mein Vater und
870 2645 3653 2871 per Frau gewendet. „Ich danke Ihnen sehr.
870 2836 3611 3054 Sie werden vielleicht später wieder so gut
884 2913 2459 3156 sein. - Die Frau ging.
1131 3026 3596 3286 der Arzt war zum Bett getreten und
888 3174 3660 3431 betrachtete den alten Waldein prüfend und
923 3375 3586 3554 ernst. Er legte den Hut und Stow bei
