3128 4008
376 227 1476 475 „ Ich weiß nicht.
440 344 3037 589 Machen Sie mir keine Narrheiten. Verstehen
192 546 3044 766 Sie! Keine Starrheiten. Es ist ja weiter nichts ver¬
188 688 607 827 loren.
372 788 1561 990 „Nein, gar nichts.
383 901 2937 1171 „Gewonnenes Geld! Ja, wenn’s erworben.
220 1089 2529 1242 sauer erarbeitet gewesen wäre.
447 1160 2983 1423 Der junge Künstler antwortete nichts ging
192 1298 2934 1557 rasch vorwärts, seinen Weg durch die lange
227 1437 3015 1618 Gasse nehmend.. wie damals sein Vater. Mit
245 1543 3019 1713 Mühe nur vermochte es der Graf, an seine
220 1689 3030 1898 Seite zu bleiben. Er wiederholte: „Wohin laufe
188 1774 3008 1987 Sie denn eigentlich? - Kommen Sie doch mit mir.
188 1923 1710 2136 noch ein Glas trinken.
1799 1962 3022 2164 Sie sind sehr liebens.
188 2068 3026 2309 würdig, Herr Graf; aber wenn Sie mir folgen¬
195 2231 3033 2409 wollen. ich muß an eine ganz besondere
238 2334 1699 2554 Stelle.. ich muß dahin.
387 2469 997 2661 „ Wohin?
401 2583 2991 2781 „Wohin? Dorthin wo mein Vater an je¬
202 2753 2700 2969 nem Abend das Geld vergraben hatte.
390 2856 1823 3076 „Also doch vergraben!
394 3008 2526 3186 „ Ja... und er vergoß die Stelle.
376 3122 1125 3310 " Vergaß?
365 3193 3008 3484 „ Ja - vergaß sie. – Zwanzig Jahre lebte er
302 3359 3040 3601 so hin, als ein reicher Mann, der nur nicht
