3720 4520
891 263 2309 551 Sehr angenehmer Herr..
842 491 3403 688 Und wieder heute seine Karte gewonnen
839 593 3544 825 „Sie lassen den Gewinn wieder stehen“, frag
793 730 3502 979 te der angenehme Herr, als Waldamkei¬
800 905 1937 1126 ne Hand rührte.
874 1067 2765 1270 " Gewiß, erwiderte dieser.
867 1158 3449 1421 „ Und dann, fuhr Herr von Winkburg
814 1319 3547 1530 lachend fort,.. „ es hat noch keiner gewon¬
779 1481 3495 1709 nen, dem Graf Treuen in die Karten ge¬
818 1635 1551 1814 schaut hat.
912 1775 1407 1986 " So? "
905 1835 3411 2102 „ Ja... keiner.. Sie werden schon sehen.
2663 1993 2789 2098 6th
779 2000 3400 2225 Zum dritten Mal hatte der Amerikaner
2263 2126 2789 2291 Welvin,
712 2168 1375 2375 gewonnen.
874 2277 3505 2463 „ hie, hin, meinte der Nachbar, „ nun wür¬
681 2414 3502 2653 de ich an Ihrer Stelle einen Theil Ihres Ein¬
716 2565 1951 2814 hatzes zurückziehen.
909 2667 3523 2905 „Ich nicht, sagte Waldein mit so unüber¬
723 2846 3456 3014 trefflicher Ruhe, daß Treuen auf's höchste
702 2968 2372 3214 causirt, lachen mußte.
898 3137 3403 3347 „Stun wir werden sehen, ob Sie Recht
768 3298 1270 3509 behalten.
1011 3330 3484 3674 Weldnis Karte gewann zum vierten Male
