3800 4504
3563 200 3657 349 72
892 315 3543 594 Vollbart.    Doch nein  sie dürften nicht
895 487 3591 729 zu erkennen sein.  Nur Und irgend ein..
878 615 3563 847 Schimmer von jeden.... Bei jedem findet
878 788 3556 1002 die Leidenschaft des Spiels irgend einen
895 892 3605 1134 Ausdruck, der gerade ihm eigenthümlich
868 1027 3505 1275 ist. Fast alle scheinen ruhig, doch er, der
2126 1161 2668 1296 andere
878 1172 3619 1434 Künstler sieht, was vielen verborgen. Am
871 1303 3574 1569 die Lippe des einen, um die Augenwexel
881 1459 3567 1656 des anderen.. auf der Stirne eines der
878 1621 3615 1821 selben dritte gerührt er den Abglang desselben Feuers.
1141 1725 3567 2001 Und Franz Waldein lag mit geschlosse
888 1877 3536 2094 nen Augen da, fühlend, wie er dem wah¬
888 1994 3664 2247 ren näher kam. Ein Geräusch von schweren
892 2136 3560 2361 Schritten schreckte ihn auf. Jemand war he¬
899 2312 3646 2495 reingetreten. Der Maler schlug die Augen
881 2468 3646 2661 auf... Wer ist da? Ein unbekannter Bursche
923 2578 2634 2779 Weldein erhob sich rasch.
1103 2703 3563 2914 Der Bursch sprach hastig, den Hut in der
899 2831 3501 3100 Hand. „Ich bitte.. Herr Waldein, Ihr Herr
906 2986 3518 3197 Vater ist... ich bin vom Haus... er ist
937 3124 3615 3363 krank worden. Sie möchten hinkommen.
919 3294 3574 3449 „Krank? wie?.. Was ist denn geschehen.
982 3415 3608 3660 In der Nacht, wie der Herr Vater nach Hause
1932 3712 2094 3968 Monsieur
