3688 4600
2065 194 2685 423 zu nleienden
2963 349 3365 553 vand auf
839 366 2125 634 Eine übel riehende
670 511 3429 789 dem Tisch, neben derselben lag ziemlich viel
631 673 3295 881 kleine Münge. Man spielte Harzard. Mit
631 793 3369 1078 ihrem Arbeitslohn geben sie Bank und mag
634 941 3319 1177 ten ihre Einsätze; man sah es ihnen an¬
634 1110 3425 1321 daß sie um ein Vermögen spielten. Der
641 1283 3407 1480 Wirth lehnte in einer Exe, der Thüre ge¬
620 1417 3330 1677 genüber, ganz theilnams los. Als er in
641 1536 3351 1811 zwei eleganten Herren bemerkte, gab
662 1688 3464 1966 er den Spielern mit den Augen einen
662 1818 3422 2072 Wink... Die Leute drehten sich flüchtig
631 2037 3425 2213 um und derjenige, der oben die Karten
620 2135 3446 2393 in der Hand hielt, theilte in einer Weise
631 2255 3429 2537 ab, als wenn es irgend eines der ge¬
624 2396 3453 2731 wöhnlichen harmlosen Spiele gälte. Die zwei
620 2558 3411 2882 jungen Männer aber traten herzu und
638 2703 3376 3023 der eine, welcher eben von dem Wahn
634 2942 3397 3171 sinn der Karten gesprochen hatte, sagte:
839 3059 3337 3274 „Keine Angst, meine Lieben, spielt
655 3245 3386 3471 immerhin weiter, wir sind nicht von
694 3425 1610 3675 der Polizei."
