3784 4536
3501 142 3643 378 63
880 302 3657 579 tigte ihn et Gebenke seines Alters schwerlich
919 461 3328 738 und tief. Da vor sich sah er eine
856 634 3508 860 dem auch nichts besseres beschieden war.
842 745 3633 967 Und das, womit beide hätten glücklich werden
856 853 3549 1068 können, wo war es... Wie ein Traum
860 1012 3549 1262 von ihm manchmal jene Nacht durch den
856 1189 1317 1345 Sinn...
995 1269 3511 1518 Und dann unterbrach der junge sein
846 1432 3494 1646 Sinne und erzählte, was er malte...
873 1549 3546 1792 Jetzt.. eine Spielergesellschaft in einem
873 1685 3511 1882 verrufenen Hause.. ein paar Weiber
2704 1816 2908 1931 stehe,
3023 1820 3536 2042 Hampay.
877 1827 2995 2062 die zwischen den Spieltischen, die
839 1938 3445 2184 nergläser in der Hand,
870 2142 3640 2322 das war bald vollendet. Dann ein kleines
884 2236 3543 2447 Bild.. Am Kamin... Er und sie... Sie
891 2406 3577 2627 spielen Bezigne; über die Karten weg lä¬
832 2544 3612 2759 chelten sie sich an... Ein anderes, das halb
860 2700 3525 2849 vollendet in der Ecke stand.. aus dem
860 2825 3549 3012 Mittelalter.. Landsknechte, die Würfel
863 2946 3553 3206 spielten. Es wollte nicht gerathen, es war
863 3088 3532 3310 nicht modern genug... Der Alte hörte
860 3213 3598 3480 zu... und dabei begann die Nacht herein¬
877 3387 3615 3615 zudämmern. Und auch der junge Maler
