3768 4648
3402 126 3543 288 31.
744 274 3462 551 alles wie sonst; bei einigen Fenstern
751 456 3423 723 noch die Vorhänge herabgelassen; bei
786 593 3539 828 anderen sah man Frauen im Morgen
796 716 3346 979 kleid putzen und abstauben, dann
814 859 3423 1073 wieder ganz im Hintergründe der
807 972 3479 1224 Zimmer verschwinden. Anton bei der
2378 1094 2953 1214 hammerte
758 1133 3522 1392 geöffneten Ladenthür der Schu¬
786 1263 3493 1522 ster. Alle waren fleißig, waren bei
761 1442 1627 1610 der Arbeit.
1112 1508 3539 1743 Karl Waldein trat vom Fenster zu:
754 1691 3560 1926 rüst, zündete sich eine Zigarre an und
782 1799 3430 1999 legte sich der Länge nach auf's Bett
782 1926 3420 2168 Er war reich, er war glücklich. So
737 2052 3423 2318 ruhte Er vielleicht eine Stunde lang
810 2255 3515 2466 Die Cizarre lag neben dem Bette aus¬
758 2371 3581 2529 gebrannt auf dem Boden, als er wieder
761 2490 3567 2764 aufwachte. Waldein erhob sich mit einem
821 2645 3546 2894 dumpfen Gefühl im Topf... Es war ihm
796 2802 3385 3037 irgend etwas wichtiges eingefallen
835 2929 3606 3202 Er hatte ja sein Geld versteckt; mußte
814 3090 3508 3315 es ja wieder holen. Freilich nicht jetzt
831 3251 3578 3469 erst in der Nacht. In der Nach mußte
796 3350 3539 3665 er hingehen. Hingehen.. hingehen.. Er
