3912 4472
3579 127 3751 275 86.
993 223 3596 570 rechten seinen Reichthum unter dem Ar¬
958 450 2305 680 beits Rittel schützend.
1216 460 3720 818 Ein Gefühl von unendlichen Frieden über
965 639 3655 917 kam ihn allmälig. Nun war alles gut.
962 759 3665 1034 Und sein Bild so gut wie vollendet. Ruhe
962 890 3641 1147 Reichthum.. alle Wanne der Erde! Und
969 1058 3531 1302 der alte Mann, der sterben mußte?
1010 1130 3706 1415 Der junge Waldein begann rasch zu gehen.
1178 1285 3686 1505 wer weiß, ob der Anblick des wie¬
979 1415 3627 1731 dergefundenen Geldes den Alten nicht
962 1508 3710 1838 wieder gesund machen würde. Was hatte
1003 1642 3648 1992 ihn dem krank gemacht? Die Armuth,
1024 1783 3655 2109 die Hoffnungslosigkeit, das Elend. Also
1044 1882 3710 2260 hin.. rasch hin, um ihm das Glück und
1037 2034 3638 2350 die Gewißheit guter Tage zu bringen.
639 2167 893 2360 F.T.F.P.
1092 2181 3751 2487 Als er in das kleine Vorgünmer trat,
1030 2288 3792 2593 war alles ruhig. Nur keine Übereilung
1096 2401 3772 2734 Er wechselte den Rock, hängt den Arbeits¬
1079 2573 3717 2872 kittel wieder an den alten Platz. Das
1103 2700 3789 3064 Tuch mit dem Geld schob er unters Hemd
1092 2820 3734 3143 Mein in’s Zimmer. Die Wärterin stand
3383 2971 3655 3119 als
1113 3047 3215 3253 da, über den Kranken gebeugt.
1065 3122 3699 3442 sie den Sohn eintreten hörte, wandte sie
1110 3274 3672 3596 sich um, rückte ihm mit den Augen, rasch
1484 3329 1766 3459 und
1116 3438 2398 3727 herbei zu kommen.
2758 3493 2896 3631 e
1250 3569 2738 3803 „ Was ist's? Was gibt’s
1189 3655 3572 3995 Unter, riefer, ich bring er! ich hab' es
