3736 4632
1772 536 1960 714 III.
1065 748 3395 1059 früh Morgens hörte Waldein noch im
772 943 3463 1168 Traume die Stimme seiner Frau an sein
762 1062 3401 1318 Ohr dringen. Sie stand zum Fortgehen
779 1209 3374 1465 angekleidet, neben seinem Bette und
792 1335 3435 1571 sagte: „Guten Morgen Karl, ich muß
779 1492 3466 1667 in die Arbeit. Sie nähte außer dem
803 1656 3476 1851 Hause. Wälden zog die Decke bis über das
782 1752 3470 1953 keine, er erinnerte sich dunkel, daß er
768 1868 3521 2155 sich angekleidet ins Bett geworfen hatte.
837 2059 3015 2305 „Guten Morgen, erwiderte er.
813 2151 3494 2438 Sie sah ihn an, mitleidig, resignirt. „Der
796 2322 3388 2571 Kleine ist schon in der Schule,.. und was
775 2493 2011 2705 mächst denn du?
1028 2565 3449 2858 " hab" heute keine Arbeit. Laß mich
803 2780 1325 3019 schlafen.
1113 2821 3562 3087 Sie ging. Alles das war ihr nichts neues
867 3029 3517 3254 Bei der Thüre drehte sie sich um. „Ver¬
796 3155 3398 3412 giß nicht, heute ist der Zins zu zahlen
847 3319 3429 3545 Das Geld liegt abgezählt in der Lade.
840 3439 3384 3688 Und sie sah ihren Mann an, schien sich
