3704 4536
930 282 2415 533 verlassene Straße und
3046 436 3168 631 sept
1920 450 2530 680 tive faßen
805 470 1676 676 theife. In einem
2628 603 3046 795 spielten
784 613 2502 850 u zweien oder dreien und
735 718 3335 958 In weiter die jungen Leute vorwärtsschr
690 833 3217 1070 ten, desto engere und übler aussehen
756 958 3398 1244 Gäßchen durchwanderten sie, bis sie endlich
676 1115 3269 1310 in einer Sawgasse zusammen, wo ihr G
1732 1248 2290 1359 Krieben
676 1303 3262 1516 spräch jählings unterbrach. Jetzt müsse
687 1415 3318 1596 wie doch wohl zurück, sagte der eine;
687 1558 3373 1763 ist spät genug, und ich brauche lange Zei¬
673 1704 3478 1969 um mich von meinem „gestrigen Verlust
683 1847 2234 2084 am Spieltisch zu erholen.
958 1969 3419 2175 „Wo sind wir nur?“ fragte der ältere
732 2115 2823 2356 In einer ganz anderen Welt!
930 2244 3339 2502 „Ach, eine andere Welt“ sagte der jm
871 2391 2670 2600 Es ist doch überall dieselbe.
1014 2541 3335 2791 Es wäre recht langweilig, wenn die
742 2683 1544 2945 Recht hättest“.
965 2785 3370 3042 „Und ich habe Recht“, meinte der jung
749 2941 3353 3189 „dieselben Menschen dieselben Leidenschaften
763 3088 3349 3363 dasselbe Glück, das selbe Unglüne, diese
774 3290 1262 3457 Welt....
1073 3394 2039 3652 glaubst Du
