6504 5032
1713 412 1941 577 22 —
746 583 3039 733 „Hier war es.... Hier grub ich es aus. Und Sehen Sie... Sehen
593 702 920 839 Sie doch?“
758 708 2914 889 „Nun was? Ich sehe, daß die Steine feucht sind von dem aufspritzenden Wasser."
758 861 3036 1017 „Wie? Da sehen Sie hin!" Und er hatte sich auf ein Knie niedergelassen, mit der
596 958 1392 1098 Hand auf die Steine greifend.
758 1030 1632 1170 „Nun, was soll' ich denn sehen?"
755 1129 1498 1279 „Da liegt ja wieder Geld?"
774 1226 992 1332 „Wie?“
758 1245 1810 1407 „O, welche Menge! Welche Summen!“
771 1382 1535 1501 „Aber was fällt Ihnen ein!"
771 1457 3054 1582 „Oh...“ und er wühlte mit den Nägeln im Sand zwischen den Steinen... „ich
587 1554 1133 1672 bin ja wieder reich."
786 1610 1650 1741 „Weldein! Seien Sie nicht toll!“
783 1704 3036 1866 „Ei, welch ein Glück — weich ein Glück,“ und er steckte sich Sand und kleine Steine in
602 1800 895 1916 die Tasche.
758 1813 3048 1997 „Aber... Weldein! Sie sind nicht bei sich! Fassen Sie sich doch! Bedenken Sie, daß
596 1959 3048 2072 Sie auf der Welt noch etwas zu thun haben! Sammeln Sie Ihre Gedanken! Ein großes
590 2050 3061 2150 Werk wartet Ihrer! Ihr Bild." Aber der Maler hörte nicht auf ihn. Er wühlte und schob sich
590 2134 3054 2250 die Steine in die Tasche. Der Graf faßte ihn an den Schultern und rief: „Genug! Kommen
605 2193 3117 2328 Sie! Kommen Sie!" Langsam erhob sich Weldein. „O, ich komme... Führen Sie mich zurück. 9
605 2318 952 2434 Herr Graf!“
768 2387 1042 2515 „Wohin?“
771 2446 2268 2590 „Nun, zurück in den Klub! Nun kann ich wieder spielen!"
758 2502 3048 2661 Natlos stand der andere da. War's denn möglich! Hatte ihn der Verlust wahnsinnig
599 2633 3048 2767 gemacht? Sie waren beide wieder emporgestiegen und standen neben der Brücke. Der Graf faßte
596 2733 3030 2861 die Hand des jungen Künstlers und sagte: „Beruhigen Sie sich." „Es ist spät... wir müssen
602 2833 1479 2964 rasch zurück," entgegnete Weldein.
777 2930 1080 3036 „Aber —!“
758 3001 3042 3142 Mit einem Ruck hatte sich Weldein losgemacht und stürzte davon durch die menschenleeren
608 3098 3048 3207 Gassen, in rasender Eile. Der Graf folgte ihm unter lauten Rufen. Nach einigen Minuten
602 3204 3064 3307 war der junge Mann so weit, daß ihn sein Verfolger nicht mehr einholen konnte. Wohin war
612 3245 3036 3382 der Wahnsinnige nur gerannt? Am Ende wirklich zum Klub hin... Und wieder beschleunigte der
596 3354 3076 3469 Graf seine Schritte. „Es wird vorübergegangen sein," dachte er auf dem Wege. »Die plötzliche
608 3385 3098 3535 Aufregung ist wohl begreiflich. Aber wo ist er nur hin? Und werde ich ihn wirklich noch finden!
590 3507 3073 3641 Wenn er sich selbst... Nein!“ Und er eilte. Bald war er in die Nähe des Klubgebäudes
596 3616 1878 3732 gelangt. Da kam ihm der andere schon entgegen.
771 3691 1766 3800 „Da sind Sie ja, Weldein... Nun?"
758 3744 2764 3912 „O, Herr Graf, Herrn Graf!“ Und der Ton seiner Stimme klang weinerlich.
771 3878 2337 3966 „Was ist Ihnen denn? Sie sind wieder ruhig. Nicht wahr!“
764 3903 3054 4078 „O, Herr Graf! Sehn Sie." Und er leerte den Sand und die Steine aus seiner Tasche.
771 4034 1644 4159 „Nun?" fragte der andere erregt.
783 4106 1909 4231 „Sehen Sie denn nicht! Steine... Sand!“
771 4200 3045 4306 „Ja... Sie wissen es jetzt! Nicht wahr! Wie froh bin ich! Ich hatte wahrhaftig Angst!
593 4278 1669 4427 um Sie!... Nun ist es ja wieder gut."
771 4359 2652 4483 „O, Herr Graf!“ und wieder jammerte er — „mein Geld, mein Gelde“
771 4440 2065 4596 „Nun ja — schlimm. freilich — es ist verloren!“
777 4546 1089 4689 „Verloren!“
3675 440 4883 605 „Aber Sie haben anderes, Besseres als Geld."
3675 555 4047 665 „Mein Geld!“
3675 636 5944 777 „Aber stille doch." Es kamen Leute vorbei durch die nächtliche Straße und schauten sich um.
3660 724 4892 830 „Ich hab es vergraben! ich haboh es vergraben!“
3675 796 4802 899 „Wie? Was fällt Ihnen denn wieder ein?"
3672 895 4873 989 „Vergraben! Versteckt, und ich weiß nicht wo!"
3660 939 5647 1076 „Verspielt! Weldein... Hören Sie doch, verloren haben Sie es im Klub!“
3647 995 5953 1151 „Oh nein oh nein, ich hab soviel, soviet gewonnen! Und hab es versteckt und weiß nicht
3485 1133 5937 1239 wo. O, mein armes Weibl Mein Kind! Mein Franz!" Der Graf stand erschauernd da...
3498 1201 5978 1326 Ihm war, als köenn sich mit einem Male die Züge des Malers seltsam veränderten, alss wäre
3498 1298 5947 1423 es wirklich der alte Weldein, der da mit trockenen Augen in die Luft starrte und leise wimmerte:
3491 1376 4377 1516 „Mein Sohn, mein armer Sohn!"
4608 1560 4827 1710 (Ende.)
4440 2368 4970 2574 G.C.F.P.
