3912 4424
3526 160 3701 339 90
1013 350 3701 656 ablegten, und begaben sich geradenwegs in
1002 525 1854 765 den Spielsaat.
1180 645 3566 907 „ Und was fehlt Ihnen? “fragt der Graf.
1162 787 2987 1005 „ Sie werden vielleicht lachen.
1180 863 3726 1133 „Nie über eine Künstlerkäme, junger Freund.
932 1031 1963 1257 Beide waren beim
2043 1060 3715 1275 die Thüre des Spielsaals getre¬
1785 1136 2007 1246 dies
925 1180 3602 1402 ten und standen ganz nahe dem grünen Tisch,
914 1304 2648 1541 auf welchem gespielt wurde.
1115 1428 3610 1665 „Nun Herr Graf, setzte der junge Waldein
929 1552 3712 1796 fort, während sein Auge auf die Karten blickte
954 1752 3621 1927 Die Begeisterung zu dem Bilde fehlt mir
918 1839 3664 2018 noch.“ „Nun... Das ist doch nicht sonderbar?
903 2003 2932 2215 Sie werden die glückliche Stunde
3122 1978 3730 2207 schon ein:
1741 2120 1847 2247 1
892 2127 1792 2298 mal finden.
1060 2236 1625 2415 „ Wann!
1049 2251 3675 2575 „ Das kann ich nicht wissen, sagte der Graf
896 2484 1410 2699 lächelnd.
1038 2561 3693 2827 „Über ich weiß es –, stieß der Künstler so
834 2736 3755 2976 heftig hervor, daß ihn der Graf befremdet an¬
860 2881 2448 3103 sah. „Nun“ - fragte er.
1016 2987 3781 3275 „  Ich selbst, ja Herr Graf, ich muß feltst,
903 3158 3777 3442 empfinden, was diese Menschen hier empfinden
1016 3326 1606 3511 „ Wie?“
1016 3471 3435 3701 Verstehen Sie mich recht, Herr Graf
