3912 4424
3666 156 3833 358 92
1077 354 3826 646 Sie hier als der talentvolle Künstler gesehen
1098 535 3781 737 sind, von dem meiß, daß er hier
3475 605 3805 747 tebruch
2332 639 2599 771 from
1084 639 3784 893 für sein Werk xx und Leben sucht.. xxx
1234 831 3819 1060 „Wie? Herr Graf? Ein Wort von Ihnen
1015 956 3777 1216 würde nicht genügen, um mich nur für
1053 1109 3781 1348 einen Abend auch das Gastrecht an die¬
1039 1261 2763 1501 sein Tische zu gewähren.
1223 1414 3739 1647 „ Nun, gewiß könnte man nur das
1008 1553 2697 1814 nicht abschlagen.. aber...
1286 1685 3753 1956 „Was hält sie noch ab?“ Glühenden
1056 1863 3701 2071 Auges verfolgte der Maler untenessen
956 1984 3739 2200 des hinundheftigen der Riesensummen welche
987 2123 2992 2346 auf die Karten besetzt wurden.
1289 2234 3822 2523 „Sie sehen ja selbst mein junger Freund
1480 2394 1953 2519 wird, im
1070 2401 3169 2641 hier Beträge gespielt…
1275 2561 3819 2843 „ Oh herr Graf.. Das wäre kein Grund
1289 2693 3353 2975 „ Kein Grund? Ich glaube doch.“
1275 2846 3819 3134 „ Ich besitze noch eben so viel Geld, als
1060 3013 3795 3249 und er fasste den Grafen scharf in's Auge,
1102 3162 3760 3416 als mein Vater an diesem Tisch genom¬
1053 3308 3770 3572 nen. Der Graf blieb einen Augenblick
1147 3433 3711 3736 sprachlos. Dann trat er einen Schritt
