3912 4472
3499 110 3637 241 85
908 251 3592 536 von Neuem. Und siehe hier... ja... wie
908 402 3651 650 ein Tuchende.. noch ein Stein.. Es rauschte
904 540 3637 818 und hällte wieder... ja... und das? Das!
938 619 3623 890 Es war dunkel unter der Brücke, mit bei
901 753 3664 1066 den Händen griff Franz nach etwas weißen¬
928 921 3599 1186 das delag. Ein Tuch.. Zusammengebun¬
932 1035 3551 1334 den. Auf damit.. Er riss die Worten
918 1155 3520 1444 auseinander.. Gold.. Banknoten.. Ja!
1763 1282 3506 1519 der Schatz! Der Reichthum
945 1378 1629 1581 es war’s
1777 1416 3602 1688 Und Franz steckte das Ganze
980 1512 1660 1736 das Glück
1715 1561 3620 1794 Rittel... mit zitternden Händen
952 1667 1640 1849 unter den
1090 1722 3499 1918 War’s denn möglich? Und wie er
966 1753 3706 2069 unter der Brücke wieder hervortrat, und
1018 1956 3671 2217 Das Licht der freundlichen Nacht ihn um¬
976 2038 3661 2396 glänzte, da hätte er auf die Knie fallen
966 2166 3712 2547 mögen, weinen.. vor Freude.. vor Glück.
990 2282 3654 2674 Er begann zu laufen.. plötzlich hielt er
1014 2444 3637 2736 meine. Er blickte um sich. Niemand in
1018 2578 3630 2870 der Nähele Er, doch, ein paar harmlose
1045 2726 3761 3052 Spaziergänger. Aber schnell gehen mitten
1028 2857 3658 3173 in der Nacht könnte verdacht erregen.
1035 2953 3778 3321 Verdacht? Hat er denn ein Unrecht gethan
1079 3128 3709 3420 Nun.. immerhin.. Und so ging er denn
1086 3276 3668 3585 in bedächtigem Schritt weiter, die linke
1121 3382 3699 3726 fand gemächlich in der Hofentasche, mit der
