3768 4648
3422 149 3557 320 29
693 313 3547 593 tängelte er im Zimmer umher und begann
686 490 3490 718 ein Lied zu pfeifen. Dann setzte er sich
725 633 3508 828 auf den Bettwand schlug die beine über
1958 729 3508 935 Dachdem mit sich selbst zu
718 753 2079 960 einander und bege
725 835 3458 1119 sprechen. „Was werden wir nun thun
761 995 3479 1215 herr Woldein. „Vor allem werden wir
750 1134 3479 1358 uns diesen Anzug vom Leibe schaffen
711 1265 3390 1475 und unser Alltags gewand anziehen.
775 1404 3515 1617 Die heutige Nacht bleibt unser Geheim¬
771 1528 3433 1720 niß.. denn diese Nacht ist nur der
1475 1677 3575 1883 In einigen Tagen verschwin¬
789 1692 1347 1901 Anfang
796 1798 3436 2019 den wir aus der Stadt.. ja wohl. wir
814 1972 3532 2122 verschwinden aus der Stadt. Wie lassen
764 2061 3522 2253 einen Brief zurück. Madame Waldein
796 2210 3550 2441 mag ohne Sorge sein, wie werden
842 2353 3525 2594 ihr schreiben, wohin sie uns nachzukom¬
807 2477 3454 2697 men habe. Unterdessen befinden wir
835 2662 3479 2847 uns -- im Süden - - und sprengen
3309 2783 3468 2843 in
835 2783 3493 2967 eine Bank.. Ja wohl, die Bank
835 2886 3472 3110 Monte Carlo. Dann lassen wir uns
1318 3056 1823 3202 w mir nieder
817 3053 3451 3273 irgend, wo wir nicht der An¬
832 3209 3433 3465 streicher Waldein sind, sondern irgend
821 3362 3586 3604 ein reicher Privatmann, der von seinen
2104 3486 3568 3682 Er versand in Sinnen
853 3493 2058 3756 Renten lebt.
