3832 4536
853 338 3603 564 seinen Hut vom Kopf, ließ den Regen über
884 505 3627 700 seine Haare rieseln. Die Abendluft kühl
877 661 3272 818 te ihm die Stirne? Langsam schritt
867 818 3610 999 weiter.. so ruhig hatte er sich seit dem
849 881 3446 1128 Morgen nicht gefühlt. „Nun an die
860 1003 3662 1246 Arbeit, sagte er sich, ich nur wirst du's
856 1152 3460 1413 finden... Und zum hundertsten Mal
836 1330 3384 1504 widerholte er sich... " links - und es
836 1389 3600 1650 rauschte und hallte wieder... Er schüt
863 1580 3530 1772 telte den Kopf.“. Das ist nicht alles
926 1755 3502 1974 Das ist zu wenig.. Er schaute vor
846 1849 3586 2127 sich hin? und plötzlich plitt ein Schein
867 2009 3620 2231 von Hoffnung über sein Gesicht.. Vom
923 2162 3537 2416 Gebäude des Club’s aus bin ich hin
926 2319 3453 2527 gegangen.. warten wir noch eine
909 2433 3520 2632 Weile und dann machen wir's eben¬
923 2552 3540 2837 so wie gestern. Ja ja, so muß es gehen
923 2708 3600 2976 und nun ruhig:- ruhig. Und wieder
909 2876 3572 3126 spapierte er sie und her; nahm seine
919 3022 3565 3276 kurze Pfeife aus dem Sack, stopfte sie
923 3199 3446 3433 und Zündete sie an.. Die Zeit wird
957 3290 3683 3589 schon vergehen.. Und Waldein durchkreuzt
