3752 4504
940 295 3488 554 Der Graf trat mit Waldein zum Spieltisch
832 442 3488 642 „ Guten Abend“ meine herren... Nur Ei¬
1923 561 2168 663 tant
786 635 3603 804 nige erwiderten den Gruß, andere äckten
586 705 2393 937 und leicht mit dem Kopfe.
2435 709 3509 923 Ich erlaube mir
811 839 3512 1084 den Herren meinen Freund, Herrn von
842 958 3579 1214 Wildman aus San Francisco vorzustet¬
814 1116 3547 1358 len.. ein Deutscher von Geburt, unser
818 1256 3537 1491 Landsmann. „Sehr erfreut, sagten ei¬
789 1382 3603 1551 nige, die meisten antworteten nicht
811 1516 3558 1702 Eben stand auf einer Karte ein Satz, der
793 1646 3512 1846 das Sein oder Nichtsein der Bank entscheiden
793 1796 3589 2018 müßte. Die Bank gewann... der unglück¬
811 1937 3582 2165 liche Spieler stand auf, lächeler, als wäre
804 2046 3621 2270 nichts geschehen... Der Bankhalter auf den
814 2189 3618 2418 freien Platz deutend, sagte zu dem Grafe
832 2382 3589 2625 Treuen gewendet.. „Will“ vielleicht herr.
804 2474 1161 2684 Herr
947 2618 2888 2863 " Wildmann" sagte der Graf.
954 2747 3435 3028 „ Herr Wildmann aus San Francisko
853 2909 3505 3154 er gab die Karten aus.... sein Glück
677 3049 1379 3207 versuchen.
1098 3105 3393 3418 Was ist das für für ein Spiel? Frug
940 3218 1035 3323 "
737 3274 1253 3446 Weldäin.
958 3425 1603 3575 “Bouarat”
1919 3403 3540 3709 Mackao.. erläuterte
768 3502 1344 3758 der Graf.
