6472 5048
543 549 2961 719 sah die Skizze aufmerksam an.. „So..“ Er wurde ernst.. ein Gefühl von Vaterstol
537 683 3104 830 erwachte in ihm.. „Du, das ist schön, sehr schön.. So was.. Franz..“ er hielt inne. „
709 760 1421 875 „Was meinst Du, Vater?"
715 843 2446 949 „So was hab ich nie getroffen.. auch in besseren Zeiten nicht!“
715 936 2565 1028 Und beide, Vater und Sohn, ließen ihre Blicke auf der Skizze weilen.
715 1012 2983 1127 Nach einer Weile hob der Vater das Bild vom Tisch auf und, es dem Sohne reichend,
537 1086 2625 1198 sagte er: „Du, das aber trag hin.. jedenfalls. Trag's hin in die Akademie.“
715 1281 2970 1447 Ein paar Jahre darauf hing ein kleines Bild des jungen Weldein in der Ausstellung.
530 1412 2977 1520 Man begann von seinem eigenartigen und bedeutenden Talent zu sprechen. Eines befremdete
549 1507 2989 1622 jedoch an ihm: es schien, als könnte er nur Spieler und Trinker malen. Es war wie
549 1594 2973 1702 ein Verhängnis. Er versuchte wohl seine Kunst an anderen Themen; doch keines wollte
549 1667 2973 1776 ihm so recht gelingen. Wie verzweifelt saß er manchmal vor seiner Staffelei, wenn er
549 1753 2999 1862 sein Bild der Liebe, der Seligkeit hinzaubern wollte... lächerliche Fratzen starrten ihm
549 1846 2980 1945 entgegen, nicht Engelsangesichter. Er mußte sich endlich fügen, ein unsagbarer Zwang
530 1939 2970 2025 waltete über ihm. „Bin ich wahnsinnig“, fragte er sich manchmal, „oder kommt es
530 1999 2980 2105 daher, weil ich selbst jenem Laster verfallen scheine?".. Und er versuchte seiner selbft Herr
530 2076 2980 2185 zu werden, er wollte dem Wein, den Karten entrinnen. Es war nicht möglich... ja,
543 2188 2986 2280 sobald er einige Tage sich aus dem Kreise der Freunde zurückgezogen, wo das Spiel und
530 2252 3002 2347 der Trunk winkte, war er wie gebrochen und todesmatt. Es fehlte ihm jedweder Trieb zum
549 2354 2977 2440 Schaffen. Und dann eilte er wieder an den Spieltisch, zu der Flasche... Und wenn
537 2427 2977 2523 er dann am helllichten Morgen, wie damals, da er seinen Vater auf dem Boden liegend
530 2513 2986 2603 gefunden, nach Hause kam, da war er wieder der große Künstler, der die wahre Lust und das
537 2577 2970 2683 wahre Können empfindet. Er mußte sich drein ergeben. Sein Vater war ein alter, kranker
537 2654 2970 2759 Mann geworden. Er blieb in seiner alten Wohnung; während der Sohn sich in derselben
530 2750 2993 2862 Vorstadt ein kleines, lichtes Zimmer im vierten Stock, nahe dem Himmel und dem Licht,
549 2846 2973 2945 gemietet hatte. Zuweilen besuchte ihn der alte Weldein, und müde vom Treppensteigen
549 2925 2973 3028 setzte er sich zum Fenster hin, blieb still da sitzen, während Franz malte oder auf dem
530 2999 3012 3117 Sopha lag und rauchte. Manchmal sprachen sie und klagten.... Der Alte verdiente nur
543 3092 2967 3197 wenig, und bei dem Jungen ging es mit dem Ruhme und dem Reichtum auch nicht rasch
530 3165 1105 3286 genug vorwärts
709 3229 2973 3344 Einigemale sagte der Vater: „Daß Du nur solche Dinge malen kannst, daran bin
537 3334 2964 3465 ich Schuld. Mein ganzes Blut ist vergiftet, ja, vergifket.“ Der Sohn erwiderte nichts und
530 3424 888 3526 malte weiter.
687 3446 2967 3593 Und in der Stille des Gemaches, wenn Weldein so stundenlang dasaß, überwältigte
524 3583 2964 3682 ihn der Gedanke seines Alters schmerzlich und tief. Da vor sich sah er einen, dem auch nichts
524 3670 3018 3791 Besseres beschieden war... Und das, womit beide hätten glücklich werden können, wo war
521 3743 2338 3855 es? Wie ein Traum zog ihm manchmal jene Nacht durch den Sinn.
693 3804 2977 3932 Und dann unterbrach der Junge sein Sinnen und erzählte, was er malte... Jetzt..
521 3916 2970 4018 eine Spielergesellschaft in einem verrufenen Hause... ein paar Weiher, die zwischen den
524 4002 2986 4101 Spieltischen stehen, die Champagnergläser in der Hand. Das war bald vollendet. Dann ein
524 4082 2964 4193 kleines Bild.. Am Kamin.. Er und sie.. Sie spielen Bézigue; über die Karten weg
524 4165 2970 4264 lächeln sie sich an... Ein anderes, das halbvollendet in der Ecke stand.. aus dem
530 4248 2977 4340 Mittelalter.. Landsknechte, die Würfel spielen.. Es wollte nicht geraten, es war nicht
524 4334 2970 4436 modern genug.. Der Alte hörte zu, und dabei begann die Nacht hereinzudämmern.
521 4423 2977 4551 Und auch der junge Maler stellte sich zum Fenster, das er weit öffnete, um die Abendluft
521 4494 1178 4631 hereinströmen zu lassen.
3676 355 5972 543 Es war ein Sommerabend, schwül und traurig. Verhallend drang der Lärm der
3504 466 5953 620 Straße herauf; gleichmäßig rollte das dumme Leben weiter. Stets dasselbe eintönige Geräusch.
3504 578 5956 722 Was immer sie da unten treiben, immer dasselbe schwerfällige Summen dringt herauf
3513 667 5972 776 Und die letzten Sonnenstrahlen glitten sachte die Dachzinnen hinauf, um da oben allmählich zu
3523 747 5969 875 verglänzen, Schatten breiteten sich aus, zerflatterte Wolken erschienen am Himmel, lässig hin¬
3539 824 5976 965 geworfen; weiße Streifen zeichneten sich ab... Lange währte die Dämmerung. Der alte
3513 907 5663 1038 Weldein blickte zum Himmel, wo wieder einer seiner öden Tage zur Neige ging.
3679 955 5982 1127 Oester als früher kam ihm jetzt der Gedanke: Wird es bald vorbei sein? Und er
3529 1064 5343 1233 fühlte manche Zeichen des Alters, das ihm vor der Zeit genaht war.
3692 1143 5985 1290 Sie hatten nun eine Weile in den Abend hinausgestarrt, der Vater unterbrach das
3532 1271 3861 1402 Schweigen.
3692 1306 4465 1482 „Hast Du eine neue Idee?“
3714 1437 4088 1552 „Eine neue?“
3711 1504 4701 1626 „Ja, für ein großes Bild, mein ich.“
3705 1594 4398 1702 „In den Umrissen — ja.
3724 1661 4733 1801 „So? Und was soll's denn werden?“
3721 1750 4471 1872 „Ich will den Klub malen."
3721 1852 4101 1961 „Den Klub?“
3705 1897 4778 2047 „Ja, den Spielsaal des adeligen Klub.“
3721 1971 5337 2140 Der alte Weldein stand plötzlich auf. „Das wolltest Du?..“
3718 2086 4628 2220 „Hältst Du es für zu schwer?..
3730 2079 5084 2280 „O nein! Aber woher nimmst Du die Gestalten?"
3730 2255 4743 2367 „Nun, ganz einfach aus dem Klub —
3721 2331 4589 2469 „Du warst doch niemals dort?"
3721 2421 4369 2539 „Oh ja, schon zweimal."
3746 2475 5263 2606 „Dort? Im Spielsaal?.. Wie war dies möglich?
3740 2520 6011 2715 „Ein Mitglied führte mich ein. Es ist derselbe Herr, der mein letztes Bild gekauft hat..“
3743 2667 4353 2795 „Die schwarze Kugel?“
3737 2648 6020 2878 „Ja.. Er kam neulich in der Ausstellung selbst auf mich zu und sagte, er interessire
3580 2785 6017 2948 sich für mein Talent.. dann war er hier oben und betrachtete sich meine Skizzen. Bei
3574 2881 6033 3024 dieser Gelegenheit bat ich ihn um die Gefälligkeit, mir Eintritt in den Klub zu ver¬
3580 2957 5883 3143 schaffen, um dort für mein neues großes Gemälde Beobachtungen sammeln zu können.“
3804 3072 5257 3191 — So.. Wie wurde er denn auf Dich aufmerksam?“
3753 3178 5222 3283 „Nun offenbar durch mein Bild in der Ausstellung.
3759 3251 4401 3385 „Wie heißt der Mann?“
3753 3341 4273 3452 „Graf Spaun."..
3727 3344 6052 3516 Weldein zuckte zusammen und ließ sich wieder auf den Sessel fallen. Da es volle
3574 3488 5602 3631 Nacht geworden, entging dem Sohne die Bewegung im Antlitz des Vaters.
3753 3574 4513 3705 „Spaun... sagst Du“..
3772 3599 6039 3778 „Ja, ein Mann nah den Fünfzigen, sehr kunstverständig und nicht ohne Phantasie."
3765 3740 5346 3864 „Phantasie jedenfalls.. hat er nach mir gefragt?...
3759 3832 5164 3947 „Nach Dir, Vater?“ widerholte der Sohn lächelnd.
3762 3900 4826 4043 „Nun, ich meine, nach Deiner Familie.“
3772 3928 5902 4126 „Ja, so beiläufig. Ob die Eltern noch leben, ob ich aus reichem Hause sei..“
3781 4078 4551 4184 „Und Du hast geantwortet?“
3765 4114 5560 4286 „Wie merkwürdig Du mich frägst! Ich habe die Wahrheit gesagt."
3775 4238 4832 4379 „Er war wohl sehr erstaunt, der Graf.“
3762 4334 4474 4506 „Erstaunt?— Warum?“
