3736 4600
3404 110 3547 284 33.
881 281 3440 522 Er stand da Minutenlang, todtenblaß, den
697 409 3540 622 Schweiß auf der Stirn. Es war, um toll zu wer¬
693 601 3376 803 den! Er nahm seinen Hut, der auf dem
707 693 3479 910 Tische lag und setzte ihn auf. Er stürzte die
721 810 3376 1073 Thür hinaus, die Treppe hinunter, und fort
689 977 1628 1208 fort - dorthin.
1038 1350 3540 1603 Da lag sie vor ihm die lange, lange Straße
693 1500 3550 1720 im hellen Sonnenschein des Morgens, und er eilte
736 1638 3540 1823 den Häusern entlang weiter. Da kam die Kreu¬
721 1756 3515 1951 zung endlich – und da... links war er gegan¬
718 1883 3525 2075 gen. Eine breite schöne Straße! Er könnte
771 2015 3387 2196 sie nicht. Er erinnerte sich nicht, Nachts
828 2146 3554 2306 hier gewesen zu sein. Nun freilich, es war
750 2282 3557 2466 ja ganz dunkel gewesen. Ja dunkel, aber es
757 2445 3550 2655 war doch irgendwo! Nicht nur das... er hatte
768 2580 3454 2747 sich gebückt. Er wußte es ganz deutlich.
761 2701 3500 2911 aber wann hatte er sich gebückt? Wie weit
739 2843 3564 3063 war er gegangen? Minutenlang? Eine Stun¬
782 2960 3479 3159 de lang? Nun... Ruhe, Ruhe. sagte er sich
721 3095 3508 3291 wieder, in dem er stehen blieb. Er stand da
757 3234 3543 3472 und ließ das Leben der Stadt um sich flu¬
782 3376 3532 3621 then... Sommerlich angethan spazierten sie
796 3522 3493 3749 daher, Jung und cres, alle freuten sich des
