3736 4648
3414 134 3541 313 30
2057 262 3479 548 Er warf den Frank ab,
785 324 1853 575 „ Gut, sehr gut.
720 434 3417 744 that ihn sammt dem übrigen Zubehör
734 582 3435 841 seiner eleganten Person von gestern
1468 734 1936 844 prundel
2033 706 3376 947 Mährend er neun
727 813 1878 958 in ein xxx
2346 830 2963 937 anklangliche
792 858 3352 1089 seine Teilette vortselyte und beendigte,
1437 975 2904 1113 Er legen sich wie anzukleute
975 1034 1302 1144 durfte
806 1037 3569 1257 sprach er weiter mit sich. „Ain Anstreiche
785 1154 3390 1361 kunst! Nun wird man endlich nach
785 1264 3493 1519 seinem Belieben leben können und wo
741 1423 3504 1671 in irgend einem Winkel dieser schönen
758 1540 3469 1750 Erde wahin, ein großes Bild malen
768 1685 3541 1878 und es wird sich erweisen, ob man wirk¬
796 1816 3538 2074 lich solch ein Stümper ist, wie es die Mit¬
820 1991 2856 2212 welt bis nun geglaubt hat.
847 2105 3521 2374 Er war ganz angekleidet und stand im
847 2250 3352 2522 Arbeitsgewand vor dem Spiegel. Er
823 2391 3469 2594 lachte wieder... „Guten Morgen, Herr
830 2536 3510 2732 Weldrin rief er laut, jubelnd beinahe.
847 2666 3414 2939 Er trat zum fenster, schaute auf die
810 2808 3259 3063 Straße. Ein sonniger Frühlingstag
844 2949 3541 3204 Er öffnete beide Flügel. Sind müste
937 3066 3486 3311 der Morgen um seine Stirn. Er that einen
847 3221 3469 3445 tiefen Athemzug mit einem stolzen
823 3383 3466 3566 erobernden Blicke schautz er in die
899 3469 3414 3724 Höhe.. drüben im Nachbarhause war
