3240 4200
2752 99 2949 296 87.
418 133 2715 421 Und er stürzte zum Bette hinan lag die Krank¬
1675 255 2966 510 aberer lag bewußt.
238 330 1614 544 Er war noch nicht todt.
1131 418 1838 554 kei gendem
241 418 2939 686 los da; der Äthein von Rauchend! Walter
843 486 1111 581 am
231 544 2966 815 Schweiß auf der Stirne. Gewiß, es ging zu
350 747 2908 1053 "Vater!" rief Franz. Reine Antwort!
211 785 584 989 Ende.
265 924 2929 1189 Die Wärterin machte eine Hoffnungslose
262 1145 975 1366 Gebäude.
394 1104 2579 1430 u holen Sie den Arzt!“ befahl Frau
316 1332 1559 1556 Die Wärterin ging.
418 1390 2997 1685 Vergeblich bemühte sich franz, den alten
285 1468 2973 1824 zu erwecken... er rief ihn an, er schrie
319 1617 2908 1960 er fuhr ihm durch das wirre haar. Er
323 1733 2918 2089 hauchte ihn an.. Er rieb ihm die kalten
326 1852 3044 2202 Arme und beim mit seinen warmen Hän¬
333 2049 2990 2304 den.. Einmal glaubte er zu bemerken,
353 2171 3024 2412 daß sich die Auserliche öffnen wollten Nichts¬
347 2283 2959 2565 nichts.... Der Athem wurde schwächer.
364 2375 3020 2684 „Vater!. Das Geld ich hab“ es! hier!
347 2507 3017 2891 hörst du.. Das Geld!
1036 2616 3071 2922 der Arzt ein. Er schritt rasch
540 2779 1101 2898 gegen Morgen
343 2793 3054 3153 auf das Bett zu kaum vernehmlich grü¬
343 2844 829 3003 blick
792 2929 904 3003 to
387 2939 3037 3292 ßend. Er gröfft nach dem Puls. Nicht
1495 3149 2181 3374 sagte er.
408 3231 1485 3455 mehr fühlbar..
489 3255 3109 3564 „Das bedeutet? fragte Franz engstvoll
486 3530 1424 3734 „ Schlimmes...
496 3571 2348 3856 Frau, fürte hinaus und schickte den
887 3629 1067 3717 vil
431 3683 3041 3972 Keine Veregung, kein Antwort, die Zeit gewin¬
496 3894 1454 4040 thlos sehr Tragen die¬
