3816 4520
938 322 3413 579 ich’s nicht einmal finden –? Statürlich, ich
884 471 3332 698 muß ja.. Es wird die Stunde komme
894 623 3559 857 wo ich’s wieder weiß. Wenn ich in Bett
935 745 3528 1040 liege oder morgen.. in einigen Ta¬
884 904 3468 1182 gen.. wenn ich wieder ruhig bin...
1077 1040 3515 1300 Und vorwärts. der heimischen Vor¬
989 1229 3630 1405 stadt zu. Ein grauer Morgenschimmer
884 1334 3579 1592 im Ost. Bald erwacht alles wieder
894 1507 3532 1724 zum neuen Tage, zur neuem Arbeit
941 1622 3664 1876 Und ich“.. dachte Welderin? Auch ich wieder
901 1791 3542 2018 zur Arbeit –? Ich, der Millionär
908 1947 3562 2147 Wieder auf die Leiter steigen und an
904 2052 3620 2306 streichen?.. Und heute früh noch hat mir
911 2228 3610 2458 die ganze Welt gehört?... da vor ihm
945 2347 3498 2530 lag das Haus, in dem er wohnte..
955 2499 3532 2695 Er erschränk, da er es mit einem
989 2624 3552 2824 Mal sah... Dort oben sein Fenster
1029 2760 3633 3017 offen, nur die Vorfänge herunterge¬
921 2902 3559 3126 lassen, die sich leicht bewegten. – Und
962 3085 3661 3329 Wäldein lehnte sich eine Weile aus Haus¬
962 3234 3603 3478 thor, dann nahm er seinen Schlüssel und
1006 3359 3664 3674 sperrte die Thüre auf. Schauerlich klang
