3848 4584
2091 373 3516 627 von der anderen Seite
920 387 2067 652 auch von Leben.
920 579 3548 767 der Brücke kam es.. Karren, von feiste
917 742 3544 930 Gaulen gezogen, zuerst einer, dann zwei
892 850 3694 1066 oder drei fuhren zu gleicher Zeit. Die Baum¬
864 983 3586 1188 kamen vom Land zum Markte... Eine
857 1112 3509 1317 nahe Thurmuhr schlug.. eins.. zwei..
917 1265 3541 1432 Und wieder tiefer, großer Frieden. We
896 1422 3593 1572 din verließ die Brücke und das Rauschen
875 1558 3558 1718 verklang allmälig hinter ihm. Als
868 1680 3485 1885 er es gar nicht mehr hören konnte
871 1781 3450 2028 wollte er wieder dahin zurück.
927 1906 3544 2150 Aber er schüttelte den Kopf und ging
917 2070 3586 2307 seines Weges weiter.  Gedankenlos vor
871 2192 3565 2422 wärts... Er sah auf die Pflastersteine
882 2304 3558 2548 zu seinen Füßen.. er begann seine
892 2436 3649 2673 Schritte zu zählen.. Er zählte immer wei¬
857 2589 3488 2851 ter, kam bis hundert – dreihundert
889 2718 3482 2987 sechshundert. Dann hörte er auf. Es
850 2896 3645 3130 kam wieder über ihn; er mußte weder
885 3042 3537 3248 daran denken.. Und kann man den
917 3192 3555 3443 so weiter leben? „ fragte er sich. „Und
885 3318 3607 3516 was ist’s jetzt mit mir?. Bin ich reich
906 3450 3638 3746 Bin ich arm? Werde ich es finden? Muß
