3832 4520
911 288 3509 476 der Welt das viele Glück und all’ das
853 442 3499 668 schöne, an dem er vorüber mußte – er
935 596 3554 801 der reiche Mann... „Und Überall“ der Kun¬
887 740 3530 945 mer mußte ermich verschließen. Wenn
887 876 3615 1102 er in die Welt hineingerufen hätte:
900 1020 3547 1277 Ich bin sehr reich.. unendlich reich...
887 1150 3540 1411 ich weiß nur nicht, wo ich mein Geld
928 1287 3448 1572 habe. - Wie hätte man da gelacht
904 1496 3615 1684 Gelacht. In's Narrenhaus hätte man
928 1589 1825 1832 ihn gesteckt!
1198 1739 3557 2017 Eines Tages las er in der Zeitung
900 1914 3492 2164 den Tod des Freiherrn von Reutern
897 2099 3482 2267 angekündigt. Das war ein Trost für
863 2249 3550 2458 ge. Ja man stirbt schließlich doch. Es
880 2332 3592 2602 kam ihm vor, als wenn er auf diese
835 2513 3455 2787 angenehme Lösung ganz vergessen
866 2640 3622 2869 hätte. Nun gab es nur einen mehr, der
839 2790 3557 3061 die Geschichte jenes Abends kannte, den
890 2948 3513 3235 Graftestreuen. Waldein haßte ihn. Ein
846 3174 3448 3348 mal bestürzt ihn der folgende Gedanke
842 3283 3448 3540 Wie wenn Graf Treuen plötzlich ver¬
887 3417 3479 3636 armt, sich an ihn erinnerte und zu
