3800 4520
3552 172 3672 364 50
945 378 3645 670 Spaziergang. Andere Abende aber und gan¬
1329 577 3586 783 Tage und Nächte kamen, wo ihm
907 649 1158 818 ze
914 694 3607 945 noch immer der Wahnsinn nahe schien
927 866 3572 1065 dann. Der Schnaps! Auf ein Paar Au¬
914 986 3620 1250 genblicke Hoffnung, ein Schein des Glücks
914 1158 3627 1391 Zuweilen, wenn er mit dem großen Pin¬
941 1278 3490 1501 sel in der Hand (mit) die Farben auf die
917 1436 3596 1666 Zimmer denke hinauf auch auf der Leiter
927 1563 3638 1803 stand, wünschte er sich solcherunterzufallen
2009 1707 2391 1810 binnen
917 1690 3645 1944 damit endlich damit das dumme Leben
917 1893 3651 2088 zu Ende sei "War denn das ein Leben:
917 1979 3541 2202 Die kränkliche Frau zu Hause, die mit
893 2140 3559 2380 ihrer Näherbeit gar wenig verdiente
876 2260 3593 2487 und dabei immer blasser und mogerer
883 2411 3511 2638 wurde. Der Bub mit den geflirrten
927 2545 3507 2745 Kleidern, der wild aus der Schule ge¬
890 2717 3627 2913 stürmt kam und immer Hunger hatte
872 2830 3569 3067 Und dann das kärgliche Mittagmal
831 2985 3596 3205 in der ärmlichen Stube, ohne daß was
866 3153 3517 3370 rechtes dabei gesprochen wurde. Im Wirts
876 3267 3528 3538 haus die Kameraden, die alle doch nur
876 3476 1360 3669 an sich
1439 3442 3524 3638 selber dachten. Und draußen in
