3752 4552
760 288 2935 569 einen kleinen Einsatz und gewinnen.
771 513 2943 723 „Oder vertieren, sagte Waldim¬
775 569 3590 861 Oder verlieren,.. nun dann machen Sie einen
685 730 2508 977 zweiten Einsatz, und gewinnen.
2542 850 2651 992 "
812 887 2535 1063 „Oder verlieren wieder
2325 996 2591 1101 décembre avec son éviter de
816 925 3500 1209 „Stund wenn Sie verlieren, so gehen Sie ruhig
704 1108 3530 1325 Ihrer Wege und der Versuch ist zu Ende. Ich neh¬
693 1310 3482 1449 me aber den Fall an; Sie haben gleich von
726 1374 3568 1599 Anfang An Glück, so verlange ich nur, daß Sie
723 1509 3583 1718 Ihre Einsätze in entsprechendem Ausmaß ver¬
708 1677 3497 1861 größern und nicht früher aufstehen, bevor
715 1763 2594 1988 Sie die Bank gesprengt haben.
865 1902 3523 2078 „ Röstlich, sagte Herr von Reutern, „ sind
494 2025 3504 2254 die Sie einverstanden, Herr Waldein", „Inst. de Graf
869 2183 3527 2407 „ Ob ich es bin... Gewiß, Herr Graf.
738 2340 2587 2553 Aber Ihre adligen Freunde
872 2430 3508 2677 „Der Mann hat Recht, meinte der Freiherr
756 2598 2984 2812 „ man wird in den Spaß übel nehmen.
884 2725 3579 2939 „Das wird man nicht,“ sagte der Graf, „denn
704 2853 3616 3055 mein Amerikaner befindet sich nur auf der durch¬
685 3025 3557 3193 reise hier, verläßt morgen früh die Stadt.“
1048 3119 3474 3332 Ich fürchte jedoch, sagte der Freiherr mit
872 3220 988 3339 „
726 3227 3459 3508 einem sauersüßen Lächeln, daß der von der
745 3422 1546 3631 Gesellschaft
