3832 4520
684 335 1629 578 gekommen ist.
788 431 1989 649 „Nun, was denn?
784 524 3383 781 Geschrien und gesungen hat er die ganze
699 677 3244 920 Nacht und jetzt liegt er im Fieber.
2018 763 3501 1012 schon der Arzt dort.“
820 856 1597 1077 „ Im Einbe
1369 898 2153 1080 im Haus hat man
831 948 3476 1148 „Nein, er hat gesagt, ich soll zuerst Sie
2795 1094 3390 1294 entschädigt
724 1119 1216 1344 holen.
895 1266 3540 1440 „Also rasch. Sie wurden schon bezahlt wer¬
759 1373 3594 1601 den, holen Sie einen Doktor... ich gehe vor¬
709 1508 3187 1736 aus zu meinem Vater. Kommen Sie
1016 1633 3572 1861 Und beide eilten zusammen hinunter
781 1768 3365 1979 Auf der Treppe sagte jrang Weldein:
970 1872 3590 2096 „Im Hause nebenau wohnt ein Doktor
777 2053 3134 2267 Sie bringen ihn mit, verstehen Sie
1098 2175 1768 2385 „ Ja wohl.
1023 2260 3561 2535 Und der junge Künstler lief, dem Hause
2652 2403 3069 2496 Bann
820 2410 3590 2659 seines Vaters zu, das nur wenige hundert
816 2528 3536 2827 Schritte entfernt war.. Nach wenigen Mi¬
813 2659 3572 2905 nuten stand er an dem Bette des Kranken¬
827 2816 3693 3073 Eine Nachbarin öffnete ihm die Thür, sie hatte
884 2938 3665 3180 unterdessen bei dem alten Waldein gemacht
948 3109 2920 3362 „ Ich war so frei,... sagte sie.
1059 3241 2638 3447 Danke“, sagte der Sohn.
970 3326 3636 3611 Der alte lag stöhnend, mit halb geschloße,
