3736 4552
3432 124 3531 247 18
824 325 3468 615 Dann öffnete er den Wagenschlag, ließ den
746 506 3418 756 Anstreicher zuerst einstrigen und rief dem
767 654 3008 891 Kutscher zu: „Palais Treue.“...
954 795 2528 1018 Der Wagen fuhr davon.
1965 1181 2149 1418 II.
1174 1410 3425 1661 Am den breiten grünen Tisch im
735 1562 3422 1806 adligen Club saßen die Spieler
728 1746 3500 1916 und weißen Crenate. Keiner ließ sich stö¬
707 1849 3454 2089 ren, als Graf Treuen eine Stunde vor
707 1973 3471 2248 Mitternacht in Begleitung eines fremden
732 2185 3531 2372 Herren eintrat. Der Freiherr von Reitern
725 2255 3482 2467 der heute nicht spielte, war bei der Thüre
721 2425 3528 2658 gestanden und hatte für die neu Ankommen¬
725 2577 3040 2789 den ein verständnißvolles Cächeln.
1114 2725 3514 2902 Karl Waldein sah, in dem Gesellschafts¬
859 2761 1103 2934 Truck
735 2874 3546 3075 anzug, den ihm der Graf geliehen, gar nicht
735 2962 3514 3224 so übel aus. Ein Friseur hatte das nötheren
700 3143 3542 3362 dige gethan, um den Mann vollkommen ge¬
753 3270 3457 3500 hellschaftsfähig zu machen. Eine halbe Flasche
753 3401 3553 3691 Champagner hatte ihm Überlegenheit und Un¬
760 3563 1927 3828 befangenheit gemacht
2114 3584 2538 3821 eingeben
