3768 4584
3417 103 3544 302 36
865 282 3533 587 fühle, wie mir die Erinnerung zurückkommt
937 484 3430 721 „ Linke.. ja links! Da bin ich.. und
817 652 3571 858 ich ging. - ging irgendwo hin, wo es rausch
845 759 3331 982 te und widerhallte.. Nur lustig...
3104 903 3211 1061 "
855 889 3049 1140 Du wirst schon finden "Weldrin".
1102 1040 3502 1236 Er war an das Ende der Straße ge¬
879 1171 3544 1422 langt und befand sich am Eingang eines
896 1325 3386 1559 großen Parkes; ein leichter Wind zu
913 1459 2026 1700 durch durch die Blätter.
958 1614 3454 1796 „Siehst du, Waldein“. Es rauscht schon
1250 1786 3444 1940 Er tammelte vorwärts,.. über
910 1865 3578 2077 einen breiten Kiesweg, zu dessen Seiten
917 1985 3619 2218 hohe Bäume im herrlichen Blätterschmuck
907 2167 3595 2345 prängten. Auf den grünen Bänken sa¬
893 2259 3619 2462 ßen Kindsmagde und junge Mütter; alte
937 2397 3341 2613 Herren Studenten schritten vorbei
917 2514 3588 2771 Kinder spielten mit Reifen und Steinen
910 2665 3616 2840 Weldin nahm einen Seitenweg; er kam
893 2781 3420 3032 bald auf einen freien Wiesenplan
893 2902 3537 3169 auf den die Sonne glühte. Der Rasen
893 3084 3547 3314 war nicht eingezäumt; im Abend¬
924 3224 3609 3465 schatten pflegten hier die Kinder zu spielen
917 3320 3575 3623 jetzt lagen da einige junge Burschen, die
