<?xml version="1.0" encoding="UTF-8" standalone="yes"?>
<PcGts xmlns="http://schema.primaresearch.org/PAGE/gts/pagecontent/2013-07-15" xmlns:xsi="http://www.w3.org/2001/XMLSchema-instance" xsi:schemaLocation="http://schema.primaresearch.org/PAGE/gts/pagecontent/2013-07-15 http://schema.primaresearch.org/PAGE/gts/pagecontent/2013-07-15/pagecontent.xsd">
    <Metadata>
        <Creator>prov=READ-COOP:name=TrHtr:version=2.1.0:model_id=51170:date=14_08_2023_14:25</Creator>
        <Created>2023-05-10T14:21:15.114+02:00</Created>
        <LastChange>2023-08-14T14:25:46.876+02:00</LastChange>
        <TranskribusMetadata docId="1428615" pageId="55418832" pageNr="36" tsid="132807959" status="IN_PROGRESS" userId="64420" imgUrl="https://files.transkribus.eu/Get?id=HJJTEYDDXEHGEYEEDYUFDLYK&amp;fileType=view" xmlUrl="https://files.transkribus.eu/Get?id=ZPAPVGUCLGZJNVPCOUBJKIDI" imageId="44692936"/>
    </Metadata>
    <Page imageFilename="1428615_0036.jpg" imageWidth="3704" imageHeight="4504">
        <ReadingOrder>
            <OrderedGroup id="ro_1711787008011" caption="Regions reading order">
                <RegionRefIndexed index="0" regionRef="tr_3"/>
                <RegionRefIndexed index="1" regionRef="tr_1"/>
                <RegionRefIndexed index="2" regionRef="tr_2"/>
            </OrderedGroup>
        </ReadingOrder>
        <TextRegion id="tr_3" custom="readingOrder {index:0;}">
            <Coords points="3313,182 3459,182 3459,245 3313,245"/>
            <TextLine id="tr_3_tl_1" custom="readingOrder {index:0;}">
                <Coords points="3295,240 3312,240 3369,264 3393,289 3404,292 3418,282 3429,292 3450,292 3446,155 3404,152 3386,159 3369,144 3348,141 3319,169 3291,166"/>
                <Baseline points="3313,235 3357,232 3402,232 3447,235 3459,235"/>
                <TextEquiv>
                    <Unicode>23.</Unicode>
                </TextEquiv>
            </TextLine>
        </TextRegion>
        <TextRegion id="tr_1" custom="readingOrder {index:1;}">
            <Coords points="683,409 3522,409 3522,2451 683,2451"/>
            <TextLine id="tr_1_tl_1" custom="readingOrder {index:0;}">
                <Coords points="719,606 1438,522 1917,592 2724,469 3274,557 3277,409 3122,366 2164,437 726,366"/>
                <Baseline points="743,531 776,525 820,522 865,522 910,519 955,522 999,522 1044,519 1089,522 1134,519 1178,516 1223,516 1268,513 1313,510 1358,510 1402,507 1447,510 1492,507 1537,507 1581,507 1626,507 1671,504 1716,501 1761,504 1805,501 1850,498 1895,501 1940,495 1984,492 2029,492 2074,492 2119,489 2163,489 2208,486 2253,483 2298,483 2343,483 2387,483 2432,483 2477,480 2522,477 2566,474 2611,474 2656,477 2701,474 2745,474 2790,474 2835,474 2880,474 2925,471 2969,468 3014,462 3059,462 3104,459 3148,459 3193,459 3238,459 3283,459"/>
                <TextEquiv>
                    <Unicode>hatte, sagte er: „Jetzt wollen wir doch</Unicode>
                </TextEquiv>
            </TextLine>
            <TextLine id="tr_1_tl_2" custom="readingOrder {index:1;}">
                <Coords points="673,694 1226,758 1906,645 2911,673 2911,588 2569,486 2308,571 1670,610 1557,532 1170,610 1011,536 677,620"/>
                <Baseline points="695,665 722,665 767,662 811,659 856,659 901,656 946,656 990,653 1035,650 1080,650 1125,650 1170,647 1214,644 1259,644 1304,647 1349,644 1393,644 1438,647 1483,644 1528,647 1572,647 1617,650 1662,647 1707,647 1752,647 1796,647 1841,644 1886,644 1931,644 1975,644 2020,641 2065,638 2110,638 2154,635 2199,635 2244,635 2289,632 2334,632 2378,629 2423,626 2468,626 2513,623 2557,620 2602,620 2647,620 2692,620 2737,620 2781,623 2826,620 2871,623 2916,626"/>
                <TextEquiv>
                    <Unicode>wieder zu Herrn Weldein schauen.</Unicode>
                </TextEquiv>
            </TextLine>
            <TextLine id="tr_1_tl_3" custom="readingOrder {index:2;}">
                <Coords points="832,849 1882,877 2142,786 2389,874 2946,775 3055,863 3429,768 3432,638 3175,719 2477,634 1621,684 1156,782 839,687"/>
                <Baseline points="856,811 889,811 934,814 979,814 1023,811 1068,811 1113,805 1158,805 1202,805 1247,802 1292,799 1337,799 1381,796 1426,796 1471,796 1516,796 1561,796 1605,796 1650,796 1695,793 1740,790 1784,787 1829,784 1874,782 1919,779 1963,776 2008,776 2053,776 2098,773 2143,773 2187,770 2232,770 2277,770 2322,767 2366,764 2411,764 2456,761 2501,761 2545,761 2590,758 2635,758 2680,758 2725,758 2769,758 2814,758 2859,761 2904,758 2948,758 2993,758 3038,755 3083,758 3128,755 3172,752 3217,752 3262,749 3307,746 3351,746 3396,743 3441,740"/>
                <TextEquiv>
                    <Unicode>Sie wandten sich dem Spielsaale zu. Als</Unicode>
                </TextEquiv>
            </TextLine>
            <TextLine id="tr_1_tl_4" custom="readingOrder {index:3;}">
                <Coords points="719,1022 3411,927 3436,765 3080,867 1970,779 1670,867 726,825"/>
                <Baseline points="740,961 758,961 802,961 847,958 892,958 937,955 981,952 1026,952 1071,952 1116,949 1161,946 1205,946 1250,943 1295,940 1340,937 1384,937 1429,937 1474,934 1519,934 1564,934 1608,928 1653,925 1698,922 1743,922 1787,919 1832,919 1877,919 1922,919 1966,916 2011,913 2056,913 2101,913 2146,913 2190,913 2235,913 2280,913 2325,913 2369,913 2414,913 2459,910 2504,907 2548,907 2593,904 2638,904 2683,904 2728,904 2772,901 2817,898 2862,898 2907,901 2951,901 2996,898 3041,895 3086,895 3131,895 3175,892 3220,892 3265,889 3310,886 3354,886 3399,886 3444,889"/>
                <TextEquiv>
                    <Unicode>sie eintraten, that Waldein eben einen xx¬</Unicode>
                </TextEquiv>
            </TextLine>
            <TextLine id="tr_1_tl_5" custom="readingOrder {index:4;}">
                <Coords points="712,1184 1991,1061 2710,1180 3157,1032 3439,1124 3446,927 715,1040"/>
                <Baseline points="731,1092 761,1092 805,1098 850,1098 895,1095 940,1095 984,1092 1029,1089 1074,1083 1119,1083 1164,1083 1208,1077 1253,1080 1298,1080 1343,1077 1387,1077 1432,1074 1477,1071 1522,1071 1566,1068 1611,1065 1656,1062 1701,1062 1746,1062 1790,1059 1835,1059 1880,1056 1925,1056 1969,1056 2014,1050 2059,1050 2104,1047 2149,1047 2193,1044 2238,1044 2283,1044 2328,1044 2372,1044 2417,1044 2462,1044 2507,1047 2551,1047 2596,1047 2641,1044 2686,1044 2731,1044 2775,1044 2820,1041 2865,1044 2910,1044 2954,1035 2999,1035 3044,1032 3089,1029 3133,1026 3178,1020 3223,1017 3268,1020 3313,1020 3357,1020 3402,1020 3447,1020"/>
                <TextEquiv>
                    <Unicode>fen Zug aus einem Wasserplasse, in wel¬</Unicode>
                </TextEquiv>
            </TextLine>
            <TextLine id="tr_1_tl_6" custom="readingOrder {index:5;}">
                <Coords points="715,1325 973,1233 1480,1321 1839,1223 3274,1240 3379,1223 3383,1103 3168,1043 2322,1163 2118,1075 1205,1085 1018,1195 719,1184"/>
                <Baseline points="737,1226 752,1226 796,1226 841,1229 886,1229 931,1229 976,1226 1020,1223 1065,1223 1110,1223 1155,1214 1199,1208 1244,1211 1289,1217 1334,1217 1378,1217 1423,1217 1468,1211 1513,1211 1558,1214 1602,1211 1647,1211 1692,1211 1737,1211 1781,1211 1826,1211 1871,1208 1916,1205 1960,1202 2005,1202 2050,1199 2095,1199 2140,1199 2184,1199 2229,1199 2274,1199 2319,1199 2363,1199 2408,1196 2453,1196 2498,1193 2543,1199 2587,1196 2632,1190 2677,1187 2722,1184 2766,1178 2811,1175 2856,1173 2901,1173 2945,1170 2990,1170 3035,1167 3080,1164 3125,1161 3169,1164 3214,1164 3259,1164 3304,1164 3348,1167 3393,1167"/>
                <TextEquiv>
                    <Unicode>chem Champagner schäumte. Neben ihm</Unicode>
                </TextEquiv>
            </TextLine>
            <TextLine id="tr_1_tl_7" custom="readingOrder {index:6;}">
                <Coords points="708,1392 3235,1364 3492,1328 3496,1209 1483,1325 930,1244 712,1328"/>
                <Baseline points="728,1364 770,1361 814,1361 859,1358 904,1355 949,1355 993,1355 1038,1352 1083,1352 1128,1355 1173,1352 1217,1352 1262,1352 1307,1352 1352,1352 1396,1352 1441,1349 1486,1352 1531,1352 1575,1355 1620,1352 1665,1355 1710,1352 1755,1352 1799,1346 1844,1346 1889,1346 1934,1343 1978,1337 2023,1337 2068,1334 2113,1334 2157,1334 2202,1328 2247,1328 2292,1331 2337,1331 2381,1328 2426,1325 2471,1325 2516,1325 2560,1325 2605,1322 2650,1319 2695,1313 2740,1310 2784,1307 2829,1307 2874,1304 2919,1304 2963,1304 3008,1304 3053,1301 3098,1301 3142,1304 3187,1307 3232,1304 3277,1304 3322,1304 3366,1301 3411,1301 3456,1301 3501,1298"/>
                <TextEquiv>
                    <Unicode>auf einem Sessel in einem Eiskübel stand</Unicode>
                </TextEquiv>
            </TextLine>
            <TextLine id="tr_1_tl_8" custom="readingOrder {index:7;}">
                <Coords points="659,1554 3330,1487 3432,1343 662,1434"/>
                <Baseline points="683,1504 710,1498 755,1495 799,1495 844,1492 889,1492 934,1492 979,1492 1023,1489 1068,1483 1113,1486 1158,1486 1202,1486 1247,1483 1292,1483 1337,1480 1381,1483 1426,1483 1471,1483 1516,1480 1561,1483 1605,1477 1650,1477 1695,1477 1740,1477 1784,1474 1829,1474 1874,1471 1919,1468 1963,1465 2008,1465 2053,1465 2098,1462 2143,1462 2187,1459 2232,1459 2277,1459 2322,1456 2366,1453 2411,1450 2456,1450 2501,1450 2545,1450 2590,1453 2635,1450 2680,1450 2725,1444 2769,1441 2814,1441 2859,1438 2904,1435 2948,1435 2993,1429 3038,1429 3083,1429 3128,1432 3172,1432 3217,1435 3262,1435 3307,1435 3351,1438 3396,1438 3441,1435"/>
                <TextEquiv>
                    <Unicode>eine Flasche. Eben brachte ein Clubdiener</Unicode>
                </TextEquiv>
            </TextLine>
            <TextLine id="tr_1_tl_9" custom="readingOrder {index:8;}">
                <Coords points="1751,1681 1959,1593 2280,1586 2477,1670 2812,1600 2935,1688 3052,1593 3457,1603 3457,1522 3080,1434 2963,1498 2562,1473 2266,1557 1755,1483"/>
                <Baseline points="1772,1590 1808,1593 1853,1590 1898,1590 1943,1590 1987,1590 2032,1590 2077,1590 2122,1590 2166,1587 2211,1590 2256,1587 2301,1581 2346,1584 2390,1581 2435,1578 2480,1578 2525,1578 2569,1575 2614,1575 2659,1575 2704,1575 2748,1575 2793,1575 2838,1575 2883,1572 2928,1572 2972,1572 3017,1572 3062,1572 3107,1572 3151,1572 3196,1575 3241,1575 3286,1575 3330,1575 3375,1575 3420,1575 3465,1569"/>
                <TextEquiv>
                    <Unicode>herein. Während Herr von</Unicode>
                </TextEquiv>
            </TextLine>
            <TextLine id="tr_1_tl_10" custom="readingOrder {index:9;}">
                <Coords points="694,1667 1455,1617 1617,1660 1720,1624 1723,1582 1371,1540 1068,1593 807,1505 698,1526"/>
                <Baseline points="713,1626 746,1626 790,1626 835,1626 880,1626 925,1623 970,1620 1014,1623 1059,1620 1104,1620 1149,1620 1193,1617 1238,1614 1283,1614 1328,1611 1372,1611 1417,1608 1462,1608 1507,1605 1552,1605 1596,1605 1641,1602 1686,1605 1731,1602"/>
                <TextEquiv>
                    <Unicode>eine neue</Unicode>
                </TextEquiv>
            </TextLine>
            <TextLine id="tr_1_tl_11" custom="readingOrder {index:10;}">
                <Coords points="701,1794 2216,1734 2417,1829 2569,1730 3259,1815 3446,1737 3365,1624 3083,1593 2918,1681 2689,1607 1977,1713 705,1660"/>
                <Baseline points="719,1766 722,1769 767,1772 811,1769 856,1766 901,1766 946,1763 990,1763 1035,1761 1080,1761 1125,1758 1170,1755 1214,1752 1259,1749 1304,1746 1349,1749 1393,1749 1438,1746 1483,1746 1528,1746 1572,1743 1617,1743 1662,1740 1707,1740 1752,1740 1796,1740 1841,1740 1886,1737 1931,1737 1975,1734 2020,1731 2065,1731 2110,1728 2154,1728 2199,1725 2244,1725 2289,1725 2334,1722 2378,1719 2423,1713 2468,1716 2513,1716 2557,1716 2602,1716 2647,1716 2692,1716 2737,1713 2781,1716 2826,1716 2871,1716 2916,1713 2960,1713 3005,1707 3050,1704 3095,1704 3139,1701 3184,1701 3229,1704 3274,1704 3319,1707 3363,1710 3408,1707 3453,1713"/>
                <TextEquiv>
                    <Unicode>Reutern wieder in einer gewissen Entfer¬</Unicode>
                </TextEquiv>
            </TextLine>
            <TextLine id="tr_1_tl_12" custom="readingOrder {index:11;}">
                <Coords points="715,1920 1032,1998 1223,1878 3464,1882 3464,1737 3200,1815 2516,1734 2421,1825 719,1801"/>
                <Baseline points="734,1898 743,1898 787,1892 832,1889 877,1889 922,1886 967,1883 1011,1883 1056,1880 1101,1877 1146,1877 1190,1877 1235,1877 1280,1880 1325,1880 1370,1880 1414,1880 1459,1880 1504,1880 1549,1880 1593,1877 1638,1877 1683,1877 1728,1874 1772,1874 1817,1871 1862,1868 1907,1862 1952,1862 1996,1859 2041,1856 2086,1856 2131,1856 2175,1856 2220,1856 2265,1856 2310,1853 2354,1850 2399,1850 2444,1850 2489,1850 2534,1850 2578,1853 2623,1853 2668,1850 2713,1850 2757,1847 2802,1850 2847,1850 2892,1847 2937,1847 2981,1844 3026,1844 3071,1844 3116,1841 3160,1844 3205,1841 3250,1841 3295,1841 3339,1841 3384,1844 3429,1844 3474,1847"/>
                <TextEquiv>
                    <Unicode>nung stehen blieb, trat der Graf zu sei¬</Unicode>
                </TextEquiv>
            </TextLine>
            <TextLine id="tr_1_tl_13" custom="readingOrder {index:12;}">
                <Coords points="722,2065 1593,2107 2139,1994 2371,2093 2495,2016 2766,2072 3443,2005 3446,1896 1226,1882 1085,1987 722,1991"/>
                <Baseline points="743,2038 767,2038 811,2032 856,2032 901,2029 946,2026 990,2026 1035,2023 1080,2017 1125,2014 1170,2014 1214,2014 1259,2011 1304,2011 1349,2014 1393,2011 1438,2011 1483,2011 1528,2011 1572,2008 1617,2008 1662,2005 1707,2005 1752,2002 1796,1999 1841,1999 1886,1996 1931,1996 1975,1993 2020,1990 2065,1993 2110,1996 2154,1993 2199,1996 2244,1999 2289,1999 2334,1999 2378,1999 2423,1996 2468,1999 2513,1999 2557,1999 2602,1996 2647,1996 2692,1993 2737,1993 2781,1990 2826,1990 2871,1987 2916,1987 2960,1984 3005,1987 3050,1984 3095,1981 3139,1981 3184,1981 3229,1981 3274,1981 3319,1981 3363,1978 3408,1981 3453,1975"/>
                <TextEquiv>
                    <Unicode>nem Schützling und gewährte zu seinem</Unicode>
                </TextEquiv>
            </TextLine>
            <TextLine id="tr_1_tl_14" custom="readingOrder {index:13;}">
                <Coords points="684,2262 1032,2167 2445,2139 2657,2227 3513,2146 3513,2030 3189,2005 2671,2093 687,2075"/>
                <Baseline points="704,2163 746,2166 790,2163 835,2163 880,2163 925,2160 970,2160 1014,2157 1059,2157 1104,2154 1149,2154 1193,2154 1238,2154 1283,2154 1328,2152 1372,2152 1417,2149 1462,2154 1507,2154 1552,2154 1596,2149 1641,2149 1686,2149 1731,2149 1775,2146 1820,2149 1865,2149 1910,2146 1955,2143 1999,2143 2044,2143 2089,2143 2134,2140 2178,2140 2223,2143 2268,2140 2313,2137 2357,2137 2402,2137 2447,2137 2492,2137 2537,2134 2581,2134 2626,2128 2671,2128 2716,2128 2760,2128 2805,2125 2850,2125 2895,2125 2939,2125 2984,2122 3029,2119 3074,2116 3119,2116 3163,2113 3208,2113 3253,2110 3298,2113 3342,2113 3387,2113 3432,2116 3477,2116 3522,2116"/>
                <TextEquiv>
                    <Unicode>Erstaunen, daß Waldein eine große Summe</Unicode>
                </TextEquiv>
            </TextLine>
            <TextLine id="tr_1_tl_15" custom="readingOrder {index:14;}">
                <Coords points="705,2336 1600,2283 2058,2375 3087,2262 3362,2357 3383,2195 1787,2157 1631,2245 1286,2171 705,2252"/>
                <Baseline points="725,2316 752,2310 796,2307 841,2304 886,2301 931,2298 976,2298 1020,2301 1065,2295 1110,2295 1155,2292 1199,2289 1244,2286 1289,2286 1334,2286 1378,2286 1423,2286 1468,2286 1513,2286 1558,2283 1602,2283 1647,2280 1692,2277 1737,2277 1781,2280 1826,2277 1871,2277 1916,2274 1960,2277 2005,2280 2050,2283 2095,2280 2140,2283 2184,2286 2229,2283 2274,2283 2319,2283 2363,2280 2408,2280 2453,2277 2498,2280 2543,2280 2587,2277 2632,2280 2677,2280 2722,2277 2766,2277 2811,2274 2856,2271 2901,2271 2945,2271 2990,2268 3035,2265 3080,2262 3125,2259 3169,2256 3214,2256 3259,2253 3304,2250 3348,2247 3393,2250"/>
                <TextEquiv>
                    <Unicode>in Banknoten und Goldstücken vor sich</Unicode>
                </TextEquiv>
            </TextLine>
            <TextLine id="tr_1_tl_16" custom="readingOrder {index:15;}">
                <Coords points="747,2474 3429,2453 3474,2308 1589,2403 1339,2312 1226,2396 747,2343"/>
                <Baseline points="767,2441 796,2435 841,2432 886,2432 931,2429 976,2429 1020,2429 1065,2432 1110,2429 1155,2429 1199,2426 1244,2426 1289,2423 1334,2426 1378,2426 1423,2426 1468,2426 1513,2426 1558,2429 1602,2426 1647,2426 1692,2423 1737,2426 1781,2429 1826,2429 1871,2432 1916,2429 1960,2429 2005,2426 2050,2426 2095,2426 2140,2426 2184,2426 2229,2423 2274,2423 2319,2423 2363,2417 2408,2414 2453,2411 2498,2411 2543,2411 2587,2411 2632,2411 2677,2414 2722,2414 2766,2417 2811,2417 2856,2417 2901,2414 2945,2414 2990,2411 3035,2411 3080,2408 3125,2408 3169,2408 3214,2405 3259,2405 3304,2405 3348,2405 3393,2405 3438,2405 3483,2405"/>
                <TextEquiv>
                    <Unicode>liegen hatte. Herr von Winkburg wandte</Unicode>
                </TextEquiv>
            </TextLine>
        </TextRegion>
        <TextRegion id="tr_2" custom="readingOrder {index:2;}">
            <Coords points="749,2495 3498,2495 3498,3729 749,3729"/>
            <TextLine id="tr_2_tl_1" custom="readingOrder {index:0;}">
                <Coords points="758,2611 1392,2569 1737,2657 2470,2555 2770,2657 3404,2562 3404,2456 3203,2421 1251,2541 758,2453"/>
                <Baseline points="776,2575 817,2572 862,2572 907,2572 952,2566 996,2569 1041,2569 1086,2569 1131,2569 1175,2569 1220,2569 1265,2566 1310,2566 1355,2566 1399,2566 1444,2563 1489,2563 1534,2560 1578,2560 1623,2560 1668,2563 1713,2566 1758,2566 1802,2569 1847,2572 1892,2572 1937,2572 1981,2569 2026,2569 2071,2566 2116,2569 2160,2569 2205,2566 2250,2560 2295,2560 2340,2557 2384,2554 2429,2548 2474,2545 2519,2545 2563,2545 2608,2545 2653,2545 2698,2548 2742,2548 2787,2548 2832,2545 2877,2545 2922,2548 2966,2548 3011,2551 3056,2551 3101,2551 3145,2548 3190,2548 3235,2548 3280,2548 3325,2548 3369,2548 3414,2554"/>
                <TextEquiv>
                    <Unicode>sich um und sagte: „Du - dein Francis</Unicode>
                </TextEquiv>
            </TextLine>
            <TextLine id="tr_2_tl_2" custom="readingOrder {index:1;}">
                <Coords points="736,2756 1184,2724 1276,2766 1498,2699 1832,2759 1917,2703 2033,2766 2107,2703 2290,2727 2294,2569 1959,2583 1751,2664 1624,2618 1522,2675 1269,2586 1096,2653 870,2583 736,2636"/>
                <Baseline points="755,2701 773,2701 817,2704 862,2707 907,2707 952,2707 996,2707 1041,2704 1086,2704 1131,2704 1175,2704 1220,2701 1265,2698 1310,2701 1355,2701 1399,2701 1444,2698 1489,2698 1534,2701 1578,2701 1623,2701 1668,2704 1713,2704 1758,2704 1802,2701 1847,2701 1892,2701 1937,2701 1981,2701 2026,2701 2071,2704 2116,2701 2160,2701 2205,2698 2250,2698 2298,2697"/>
                <TextEquiv>
                    <Unicode>kaner hat ein Glück!</Unicode>
                </TextEquiv>
            </TextLine>
            <TextLine id="tr_2_tl_3" custom="readingOrder {index:2;}">
                <Coords points="990,2907 2333,2837 2858,2925 3094,2826 3418,2904 3418,2713 2823,2632 1861,2819 990,2738"/>
                <Baseline points="1011,2832 1050,2835 1095,2835 1140,2838 1184,2838 1229,2838 1274,2841 1319,2844 1364,2844 1408,2847 1453,2847 1498,2847 1543,2847 1587,2847 1632,2847 1677,2847 1722,2847 1766,2844 1811,2844 1856,2841 1901,2838 1946,2838 1990,2838 2035,2838 2080,2838 2125,2838 2169,2838 2214,2835 2259,2832 2304,2832 2349,2829 2393,2829 2438,2826 2483,2826 2528,2829 2572,2826 2617,2826 2662,2829 2707,2823 2751,2823 2796,2826 2841,2826 2886,2823 2931,2823 2975,2823 3020,2823 3065,2823 3110,2823 3154,2823 3199,2823 3244,2823 3289,2823 3333,2820 3378,2820 3423,2817"/>
                <TextEquiv>
                    <Unicode>Auch Waldein wandte den Kopf und</Unicode>
                </TextEquiv>
            </TextLine>
            <TextLine id="tr_2_tl_4" custom="readingOrder {index:3;}">
                <Coords points="729,3087 1762,2971 1970,3073 2435,2967 2868,3076 3474,3048 3474,2897 3228,2865 3020,2935 1935,2840 1163,2953 729,2851"/>
                <Baseline points="749,2975 793,2972 838,2978 883,2984 928,2987 973,2987 1017,2990 1062,2990 1107,2990 1152,2990 1196,2990 1241,2987 1286,2987 1331,2984 1375,2981 1420,2981 1465,2981 1510,2978 1555,2978 1599,2978 1644,2972 1689,2972 1734,2969 1778,2969 1823,2972 1868,2972 1913,2972 1958,2975 2002,2975 2047,2975 2092,2975 2137,2975 2181,2972 2226,2972 2271,2969 2316,2963 2360,2966 2405,2966 2450,2966 2495,2966 2540,2966 2584,2966 2629,2969 2674,2969 2719,2969 2763,2969 2808,2969 2853,2969 2898,2969 2942,2969 2987,2975 3032,2978 3077,2981 3122,2981 3166,2981 3211,2981 3256,2984 3301,2984 3345,2981 3390,2981 3435,2984 3480,2987 3483,2984"/>
                <TextEquiv>
                    <Unicode>gewahrte den Grafen. Seine Augen glüh¬</Unicode>
                </TextEquiv>
            </TextLine>
            <TextLine id="tr_2_tl_5" custom="readingOrder {index:4;}">
                <Coords points="761,3235 1381,3122 1769,3217 2396,3119 2731,3168 2837,3150 2840,2988 1910,3083 1755,2971 1054,3101 895,3030 761,3073"/>
                <Baseline points="779,3139 782,3136 826,3136 871,3136 916,3136 961,3133 1005,3131 1050,3131 1095,3131 1140,3131 1184,3131 1229,3133 1274,3128 1319,3128 1364,3125 1408,3122 1453,3122 1498,3122 1543,3122 1587,3119 1632,3119 1677,3119 1722,3119 1766,3116 1811,3116 1856,3113 1901,3116 1946,3116 1990,3116 2035,3116 2080,3116 2125,3113 2169,3116 2214,3113 2259,3110 2304,3110 2349,3110 2393,3113 2438,3110 2483,3113 2528,3116 2572,3116 2617,3116 2662,3119 2707,3122 2751,3125 2796,3125 2841,3128"/>
                <TextEquiv>
                    <Unicode>ten, sein Antlitz war bloß...</Unicode>
                </TextEquiv>
            </TextLine>
            <TextLine id="tr_2_tl_6" custom="readingOrder {index:5;}">
                <Coords points="951,3281 1723,3302 1850,3383 2417,3270 3080,3390 3369,3316 3319,3210 2431,3115 1772,3217 1540,3122 1276,3214 948,3189"/>
                <Baseline points="970,3271 1014,3277 1059,3274 1104,3274 1149,3274 1193,3274 1238,3274 1283,3274 1328,3274 1372,3271 1417,3271 1462,3268 1507,3271 1552,3271 1596,3268 1641,3268 1686,3268 1731,3265 1775,3262 1820,3259 1865,3262 1910,3262 1955,3262 1999,3262 2044,3262 2089,3262 2134,3262 2178,3265 2223,3262 2268,3259 2313,3262 2357,3262 2402,3262 2447,3265 2492,3268 2537,3268 2581,3271 2626,3274 2671,3271 2716,3277 2760,3277 2805,3280 2850,3280 2895,3280 2939,3283 2984,3286 3029,3289 3074,3289 3119,3292 3163,3292 3208,3292 3253,3292 3298,3292 3342,3292 3378,3292"/>
                <TextEquiv>
                    <Unicode>„ Sie haben Glück, Herr Wildmann</Unicode>
                </TextEquiv>
            </TextLine>
            <TextLine id="tr_2_tl_7" custom="readingOrder {index:6;}">
                <Coords points="768,3520 877,3489 1036,3531 1138,3453 1276,3425 1420,3478 1554,3418 1639,3457 1815,3450 1815,3369 1744,3369 1653,3298 1529,3369 1413,3319 1276,3386 1195,3341 1057,3379 948,3309 772,3323"/>
                <Baseline points="790,3426 793,3426 838,3429 883,3429 928,3432 973,3432 1017,3432 1062,3432 1107,3432 1152,3432 1196,3429 1241,3426 1286,3423 1331,3423 1375,3420 1420,3417 1465,3417 1510,3417 1555,3417 1599,3417 1644,3417 1689,3417 1734,3414 1778,3414 1823,3411"/>
                <TextEquiv>
                    <Unicode>fragte Treuen¬</Unicode>
                </TextEquiv>
            </TextLine>
            <TextLine id="tr_2_tl_8" custom="readingOrder {index:7;}">
                <Coords points="1040,3608 1920,3559 2047,3651 2255,3573 2403,3651 2992,3552 3453,3626 3457,3341 3207,3432 2678,3351 2350,3439 2234,3365 1899,3471 1276,3425 1040,3510"/>
                <Baseline points="1059,3566 1089,3569 1134,3566 1178,3566 1223,3563 1268,3563 1313,3563 1358,3560 1402,3560 1447,3557 1492,3557 1537,3560 1581,3560 1626,3560 1671,3560 1716,3560 1761,3560 1805,3557 1850,3560 1895,3557 1940,3554 1984,3554 2029,3551 2074,3551 2119,3551 2163,3551 2208,3554 2253,3554 2298,3557 2343,3557 2387,3563 2432,3563 2477,3557 2522,3557 2566,3557 2611,3557 2656,3557 2701,3551 2745,3548 2790,3548 2835,3548 2880,3548 2925,3545 2969,3545 3014,3545 3059,3545 3104,3548 3148,3548 3193,3551 3238,3551 3283,3545 3328,3548 3372,3548 3417,3548 3462,3545"/>
                <TextEquiv>
                    <Unicode>Raat Wel dein lachte. „Ja, Glück“, lallte</Unicode>
                </TextEquiv>
            </TextLine>
            <TextLine id="tr_2_tl_9" custom="readingOrder {index:8;}">
                <Coords points="796,3735 3464,3809 3489,3591 796,3651"/>
                <Baseline points="817,3719 856,3713 901,3713 946,3716 990,3716 1035,3719 1080,3716 1125,3716 1170,3713 1214,3713 1259,3710 1304,3707 1349,3707 1393,3707 1438,3707 1483,3710 1528,3710 1572,3704 1617,3701 1662,3698 1707,3701 1752,3698 1796,3698 1841,3692 1886,3692 1931,3692 1975,3692 2020,3692 2065,3695 2110,3692 2154,3692 2199,3695 2244,3692 2289,3695 2334,3692 2378,3695 2423,3695 2468,3695 2513,3695 2557,3695 2602,3695 2647,3692 2692,3692 2737,3692 2781,3692 2826,3692 2871,3692 2916,3689 2960,3689 3005,3689 3050,3686 3095,3686 3139,3689 3184,3686 3229,3689 3274,3689 3319,3689 3363,3689 3408,3692 3453,3692 3498,3692"/>
                <TextEquiv>
                    <Unicode>er. Er lachte heißer heiser. Er war betrunkt</Unicode>
                </TextEquiv>
            </TextLine>
        </TextRegion>
    </Page>
</PcGts>
