3912 4424
1157 316 3743 600 den Kopf über seine wahnsinnigen Sätze
1203 537 3812 751 Sein Unglück war unfassbar. Nur einen
1186 626 3825 876 Augenblick schien es, als wollte sich die
1206 784 3766 1031 Sache wenden. Doch nein. Das alte
1173 929 3733 1189 Anglück fing gleich wieder an. Und
1186 1081 3822 1295 er lächelte immerfort, zum Schluß lacht
1176 1282 3737 1437 er sogar halt auf! Und jetzt stand
1186 1397 3829 1621 er auf. Es war zu Ende. „Guten Abend
1193 1509 3825 1769 meine herren, sagte er. Man machte
1196 1694 3819 1937 ihm Platz, wie einem Menschen, vor dessen
1186 1839 3806 2102 Anglück man Achtung haben muß. Er
1206 1990 3802 2231 schritt dem Ausgang zu.. Man schaute
1193 2112 3793 2376 ihm nach. Der Graf folgte ihm. Einer
1216 2270 3822 2484 sagte zu ihm: „Ihr Freund hat viel An¬
1173 2428 3763 2672 glück gehabt. Der Graf wandte sich
1173 2590 2086 2814 ärgerlich xxx
1868 2583 3809 2807 weg. Waldein eilte die Stim¬
1173 2768 3809 2982 ge hinunter die Straße entlang. An
1213 2880 3486 3114 der Ecke holte ihn der Graf ein.
1282 3005 2913 3216 „ Waldem. „Weldein!“
1285 3173 2995 3414 „ Ah - Sie, Herr Graf!“
2847 3302 2949 3450 "
1292 3354 2755 3605 „ Wohin eilen Sie...
