2888 4104
451 356 2715 573 jetzt jedoch etwas langsamer gehn
466 481 2784 685 sein Athem nicht der beste war... Wo
433 591 2692 810 war der Wahnsinnige nur perannt.
451 688 2742 923 Ende wirklich zum Club hin.. Und
1395 825 1736 961 er Genf
430 828 2792 1083 beschleunigt xx seine Schritte. „Es wie
415 961 2748 1223 übergegangen sein, dachte er auf
460 1131 2745 1368 Wege. „Die plötzliche Aufregung ist
457 1264 2801 1493 begreiflich. Aber wo ist er nur hin¬
395 1421 2784 1638 werde ich ihn wirklich noch finden:
2059 1564 2789 1706 Und er
436 1570 2024 1772 er sich selbst.. Nein?
439 1674 2798 1878 bald war er in die Nähe des Clubg
2365 1775 2674 1890 andere
436 1780 2804 2065 gelangt". Da kam xxx ihm schon entge¬
481 1956 2724 2160 „Da sind Sie ja, Waldein"... Nun.
469 2086 2775 2321 „ Oh, Herr Graf.. Herr Graf! Und
451 2237 2810 2404 Ton seiner Stimme klang weinerli¬
626 2383 2736 2588 „Was ist Ihnen dann? Sie sie
427 2543 1748 2730 ruhig. Nicht wahr!
579 2656 2700 2843 „Oh Herr Graf! Sehe Sie! Und
410 2786 2754 3009 leerte den Sand und die Steine aus
415 2941 834 3160 Tasche.
594 2973 2721 3276 „Nun“ fragte der Graf erregt.
602 3220 2798 3404 „Sehen Sie denn nicht! Steine!“
605 3321 2786 3540 „ Ja. Sie wissen es jetzt, nicht w
433 3445 2792 3706 Wie froh bin ich! Ich hätte wahrhaf
