3784 4552
3515 168 3662 350 62.
913 252 3470 567 Künstler, der die wahre Lust und des wahres
916 476 3609 696 Können empfindet. Er mußte sich ergeben
902 616 3627 759 Sein Vater war ein alter, Kranker Mann
867 748 3620 983 geworden. Er blieb in seiner alten Wohnung
853 885 3564 1119 während der Sohn sich in derselben vor
860 1042 3518 1200 stadt ein kleines lichtes Zimmer im
839 1193 3634 1333 vierten Stock nahr dem Himmel und dem
860 1291 3574 1497 Licht, miethete. Zuweilen besuchte ihn der
867 1469 3564 1682 alte Waldein, und müde vom Treppen
864 1626 3560 1826 steigen setzt er sich zum Fenster hin, und
874 1710 3634 1966 blieb still da sitzen, rährend Franz mal¬
874 1889 3571 2105 te oder auf dem Sopha lag und rauchte
853 2008 3386 2256 Manchmal sprachen sie und klagten.
878 2175 3641 2382 Der Alte verdiente nur wenig und bei
836 2291 3648 2536 dem Jungen ging es mit dem Ruhme und
2581 2413 3060 2536 rasch genug
867 2455 3459 2672 dem Reichthum auch nicht vorwärts.
878 2567 3536 2805 Einige Male sagte der Vater: "Daß du
839 2760 3553 2917 nur solche Dinge malen kannst, deren
836 2868 3588 3127 bin ich Schuld. Mein ganzes Blut ist ver¬
839 3022 3585 3263 giftet von so, orischlich. Der Sohn erwie¬
860 3158 2952 3424 derte nichts und malte weiter.
1018 3330 3536 3525 Und in der Stille des Gemaches, wenn
804 3532 3511 3707 Wäldein so stundenlang daß, überwäl¬
