<?xml version="1.0" encoding="UTF-8" standalone="yes"?>
<PcGts xmlns="http://schema.primaresearch.org/PAGE/gts/pagecontent/2013-07-15" xmlns:xsi="http://www.w3.org/2001/XMLSchema-instance" xsi:schemaLocation="http://schema.primaresearch.org/PAGE/gts/pagecontent/2013-07-15 http://schema.primaresearch.org/PAGE/gts/pagecontent/2013-07-15/pagecontent.xsd">
    <Metadata>
        <Creator>prov=READ-COOP:name=TrHtr:version=2.1.0:model_id=51170:date=14_08_2023_14:25</Creator>
        <Created>2023-05-10T14:21:13.346+02:00</Created>
        <LastChange>2023-08-14T14:25:43.422+02:00</LastChange>
        <TranskribusMetadata docId="1428615" pageId="55418785" pageNr="24" tsid="132807939" status="IN_PROGRESS" userId="64420" imgUrl="https://files.transkribus.eu/Get?id=YXTHVBRHDLXSYZGORVEWHKRS&amp;fileType=view" xmlUrl="https://files.transkribus.eu/Get?id=OFYRSZRWTFLAMZWMXCOWTBJH" imageId="44692889"/>
    </Metadata>
    <Page imageFilename="1428615_0024.jpg" imageWidth="3736" imageHeight="4600">
        <ReadingOrder>
            <OrderedGroup id="ro_1711786995218" caption="Regions reading order">
                <RegionRefIndexed index="0" regionRef="tr_1"/>
            </OrderedGroup>
        </ReadingOrder>
        <TextRegion id="tr_1" custom="readingOrder {index:0;}">
            <Coords points="698,179 3558,179 3558,3580 698,3580"/>
            <TextLine id="tr_1_tl_1" custom="readingOrder {index:0;}">
                <Coords points="3291,321 3326,324 3333,317 3365,331 3390,331 3397,324 3422,328 3426,146 3405,142 3394,153 3348,157 3337,146 3326,150 3312,135 3294,135"/>
                <Baseline points="3310,229 3355,232 3400,229 3432,229"/>
                <TextEquiv>
                    <Unicode>11.</Unicode>
                </TextEquiv>
            </TextLine>
            <TextLine id="tr_1_tl_2" custom="readingOrder {index:1;}">
                <Coords points="773,613 2479,495 3490,556 3497,356 1521,456 1389,385 1093,509 780,424"/>
                <Baseline points="794,555 814,555 859,552 904,552 949,549 994,549 1038,549 1083,546 1128,546 1173,546 1217,543 1262,540 1307,534 1352,534 1397,534 1441,528 1486,528 1531,525 1576,525 1620,522 1665,522 1710,522 1755,519 1800,519 1844,516 1889,513 1934,513 1979,510 2023,507 2068,504 2113,501 2158,495 2202,492 2247,489 2292,486 2337,483 2382,480 2426,480 2471,480 2516,480 2561,480 2605,480 2650,480 2695,480 2740,480 2785,480 2829,480 2874,474 2919,474 2964,471 3008,468 3053,465 3098,468 3143,465 3188,465 3232,462 3277,462 3322,462 3367,462 3411,462 3456,459 3501,459"/>
                <TextEquiv>
                    <Unicode>immerhin besonderes Abenteuer zu äußern,</Unicode>
                </TextEquiv>
            </TextLine>
            <TextLine id="tr_1_tl_3" custom="readingOrder {index:2;}">
                <Coords points="730,773 1357,680 1934,769 2699,641 3437,684 3444,552 2721,495 2308,613 1941,524 734,645"/>
                <Baseline points="752,716 764,716 808,707 853,704 898,701 943,695 988,695 1032,692 1077,692 1122,692 1167,686 1211,686 1256,686 1301,683 1346,683 1391,680 1435,680 1480,680 1525,677 1570,674 1614,674 1659,674 1704,671 1749,671 1794,671 1838,665 1883,662 1928,659 1973,656 2017,653 2062,650 2107,647 2152,647 2197,647 2241,644 2286,641 2331,638 2376,638 2420,638 2465,638 2510,635 2555,635 2600,632 2644,632 2689,632 2734,632 2779,629 2823,626 2868,626 2913,623 2958,620 3002,614 3047,614 3092,611 3137,611 3182,611 3226,611 3271,614 3316,614 3361,617 3405,617 3450,623"/>
                <TextEquiv>
                    <Unicode>mickte er seinen Spielgenossen zu, die verdros¬</Unicode>
                </TextEquiv>
            </TextLine>
            <TextLine id="tr_1_tl_4" custom="readingOrder {index:3;}">
                <Coords points="769,926 1920,830 2037,929 2343,833 3348,805 3348,730 3148,655 1884,791 1724,719 773,769"/>
                <Baseline points="794,856 805,853 850,853 895,853 940,850 985,850 1029,847 1074,841 1119,844 1164,841 1208,841 1253,841 1298,838 1343,838 1388,841 1432,838 1477,838 1522,832 1567,832 1611,835 1656,832 1701,829 1746,829 1791,829 1835,826 1880,826 1925,823 1970,820 2014,814 2059,814 2104,814 2149,811 2194,811 2238,808 2283,805 2328,802 2373,802 2417,800 2462,797 2507,794 2552,791 2597,788 2641,785 2686,785 2731,785 2776,785 2820,782 2865,782 2910,779 2955,776 3000,773 3044,773 3089,770 3134,770 3179,770 3223,773 3268,773 3313,779 3355,794"/>
                <TextEquiv>
                    <Unicode>sen genug, seinen Gruß nicht erwiderten</Unicode>
                </TextEquiv>
            </TextLine>
            <TextLine id="tr_1_tl_5" custom="readingOrder {index:4;}">
                <Coords points="780,1047 1848,972 2112,1054 2557,940 2753,1022 2938,926 3180,1011 3472,972 3479,819 783,972"/>
                <Baseline points="802,1000 844,997 889,994 934,991 979,991 1023,991 1068,985 1113,985 1158,985 1202,982 1247,982 1292,982 1337,982 1382,982 1426,979 1471,979 1516,976 1561,970 1605,970 1650,970 1695,970 1740,967 1785,964 1829,967 1874,964 1919,961 1964,961 2008,958 2053,958 2098,952 2143,952 2188,949 2232,946 2277,946 2322,943 2367,940 2411,934 2456,931 2501,928 2546,925 2591,925 2635,922 2680,922 2725,919 2770,919 2814,919 2859,916 2904,916 2949,916 2994,913 3038,910 3083,913 3128,910 3173,910 3217,907 3262,904 3307,910 3352,910 3397,910 3441,913 3486,913"/>
                <TextEquiv>
                    <Unicode>und indem er den zwei Adeligen den Vor¬</Unicode>
                </TextEquiv>
            </TextLine>
            <TextLine id="tr_1_tl_6" custom="readingOrder {index:5;}">
                <Coords points="776,1175 2030,1108 2204,1179 2390,1086 3031,1115 3105,1036 2671,958 2112,1054 1603,976 780,1047"/>
                <Baseline points="797,1146 826,1149 871,1143 916,1143 961,1140 1005,1137 1050,1137 1095,1131 1140,1134 1185,1131 1229,1128 1274,1128 1319,1128 1364,1125 1408,1125 1453,1122 1498,1122 1543,1119 1588,1116 1632,1113 1677,1110 1722,1110 1767,1107 1811,1107 1856,1107 1901,1110 1946,1110 1991,1107 2035,1107 2080,1104 2125,1104 2170,1101 2214,1098 2259,1095 2304,1092 2349,1086 2394,1086 2438,1086 2483,1080 2528,1080 2573,1077 2617,1077 2662,1074 2707,1071 2752,1068 2797,1068 2841,1065 2886,1065 2931,1065 2976,1062 3020,1065 3065,1062 3110,1065"/>
                <TextEquiv>
                    <Unicode>tritt ließ, trat er auf die Straße...</Unicode>
                </TextEquiv>
            </TextLine>
            <TextLine id="tr_1_tl_7" custom="readingOrder {index:6;}">
                <Coords points="780,1300 2005,1250 2429,1343 2885,1214 3276,1296 3494,1236 3497,1104 1798,1132 1464,1236 783,1168"/>
                <Baseline points="800,1292 814,1292 859,1286 904,1283 949,1283 994,1280 1038,1280 1083,1277 1128,1277 1173,1274 1217,1271 1262,1271 1307,1271 1352,1274 1397,1271 1441,1271 1486,1271 1531,1271 1576,1268 1620,1262 1665,1259 1710,1253 1755,1250 1800,1247 1844,1247 1889,1244 1934,1247 1979,1247 2023,1244 2068,1241 2113,1238 2158,1235 2202,1232 2247,1226 2292,1223 2337,1223 2382,1220 2426,1220 2471,1217 2516,1217 2561,1214 2605,1214 2650,1214 2695,1211 2740,1208 2785,1208 2829,1208 2874,1205 2919,1205 2964,1205 3008,1205 3053,1208 3098,1205 3143,1205 3188,1205 3232,1205 3277,1205 3322,1205 3367,1205 3411,1202 3456,1202 3501,1208"/>
                <TextEquiv>
                    <Unicode>Die anderen, der Wirth nicht minder, sahen</Unicode>
                </TextEquiv>
            </TextLine>
            <TextLine id="tr_1_tl_8" custom="readingOrder {index:7;}">
                <Coords points="791,1453 1770,1467 2244,1371 3458,1439 3465,1268 2671,1225 2333,1346 1823,1254 1489,1371 794,1303"/>
                <Baseline points="811,1420 826,1420 871,1420 916,1417 961,1417 1005,1417 1050,1417 1095,1414 1140,1411 1185,1411 1229,1408 1274,1405 1319,1405 1364,1405 1408,1405 1453,1402 1498,1402 1543,1400 1588,1397 1632,1391 1677,1391 1722,1388 1767,1382 1811,1379 1856,1379 1901,1379 1946,1379 1991,1379 2035,1376 2080,1376 2125,1373 2170,1370 2214,1370 2259,1367 2304,1367 2349,1370 2394,1367 2438,1367 2483,1370 2528,1367 2573,1367 2617,1364 2662,1361 2707,1358 2752,1358 2797,1358 2841,1355 2886,1352 2931,1352 2976,1352 3020,1352 3065,1352 3110,1349 3155,1352 3200,1349 3244,1346 3289,1349 3334,1349 3379,1349 3423,1352 3468,1364"/>
                <TextEquiv>
                    <Unicode>den dreien befremdet und ärgerlich nach</Unicode>
                </TextEquiv>
            </TextLine>
            <TextLine id="tr_1_tl_9" custom="readingOrder {index:8;}">
                <Coords points="919,1595 1172,1663 1538,1546 2240,1642 2482,1542 2753,1652 2902,1549 3059,1638 3155,1553 3511,1567 3426,1424 2457,1492 1702,1410 1481,1503 922,1435"/>
                <Baseline points="943,1570 970,1570 1014,1570 1059,1561 1104,1561 1149,1561 1194,1558 1238,1558 1283,1555 1328,1552 1373,1552 1417,1549 1462,1546 1507,1543 1552,1543 1597,1540 1641,1543 1686,1543 1731,1540 1776,1534 1820,1531 1865,1534 1910,1534 1955,1534 2000,1534 2044,1531 2089,1531 2134,1531 2179,1531 2223,1531 2268,1525 2313,1525 2358,1525 2402,1525 2447,1525 2492,1525 2537,1522 2582,1522 2626,1519 2671,1519 2716,1519 2761,1519 2805,1519 2850,1516 2895,1513 2940,1513 2985,1516 3029,1516 3074,1513 3119,1513 3164,1513 3208,1513 3253,1510 3298,1510 3343,1510 3388,1510 3432,1513 3477,1516 3522,1516"/>
                <TextEquiv>
                    <Unicode>„Es ist an der Zeit“, sagte der Schwarzbärtige,</Unicode>
                </TextEquiv>
            </TextLine>
            <TextLine id="tr_1_tl_10" custom="readingOrder {index:9;}">
                <Coords points="880,1738 1222,1795 1624,1706 1980,1795 2767,1663 3301,1734 3551,1702 3554,1578 883,1645"/>
                <Baseline points="898,1719 916,1719 961,1722 1005,1722 1050,1722 1095,1719 1140,1719 1185,1719 1229,1719 1274,1716 1319,1713 1364,1710 1408,1710 1453,1707 1498,1701 1543,1698 1588,1695 1632,1692 1677,1689 1722,1689 1767,1686 1811,1686 1856,1683 1901,1680 1946,1677 1991,1674 2035,1674 2080,1674 2125,1674 2170,1674 2214,1671 2259,1671 2304,1668 2349,1668 2394,1671 2438,1671 2483,1671 2528,1671 2573,1671 2617,1668 2662,1668 2707,1665 2752,1662 2797,1662 2841,1662 2886,1659 2931,1659 2976,1659 3020,1656 3065,1653 3110,1653 3155,1653 3200,1650 3244,1650 3289,1650 3334,1650 3379,1653 3423,1653 3468,1656 3513,1659 3558,1662"/>
                <TextEquiv>
                    <Unicode>als er mit den zwei Herren draußen stand</Unicode>
                </TextEquiv>
            </TextLine>
            <TextLine id="tr_1_tl_11" custom="readingOrder {index:10;}">
                <Coords points="848,1902 1428,1841 1588,1948 2279,1823 2781,1895 2895,1809 3259,1877 3415,1834 3419,1709 851,1791"/>
                <Baseline points="868,1865 871,1862 916,1856 961,1856 1005,1856 1050,1853 1095,1853 1140,1853 1185,1853 1229,1853 1274,1853 1319,1850 1364,1850 1408,1844 1453,1841 1498,1844 1543,1841 1588,1841 1632,1841 1677,1841 1722,1841 1767,1841 1811,1841 1856,1841 1901,1841 1946,1838 1991,1832 2035,1829 2080,1823 2125,1820 2170,1817 2214,1814 2259,1814 2304,1811 2349,1811 2394,1805 2438,1808 2483,1811 2528,1808 2573,1808 2617,1805 2662,1802 2707,1802 2752,1800 2797,1800 2841,1797 2886,1797 2931,1797 2976,1794 3020,1791 3065,1788 3110,1785 3155,1782 3200,1779 3244,1779 3289,1782 3334,1782 3379,1782 3423,1782"/>
                <TextEquiv>
                    <Unicode>das Sie erfahren, wenn Sie eigentlich zu</Unicode>
                </TextEquiv>
            </TextLine>
            <TextLine id="tr_1_tl_12" custom="readingOrder {index:11;}">
                <Coords points="833,2094 1214,1987 2411,2044 2902,1930 3476,2012 3526,1884 2913,1809 2785,1898 2279,1823 1759,1948 840,1902"/>
                <Baseline points="856,1997 892,1991 937,1991 982,1991 1026,1991 1071,1991 1116,1991 1161,1988 1205,1985 1250,1988 1295,1988 1340,1985 1385,1985 1429,1985 1474,1982 1519,1982 1564,1982 1608,1982 1653,1982 1698,1979 1743,1976 1788,1976 1832,1973 1877,1970 1922,1970 1967,1967 2011,1964 2056,1964 2101,1961 2146,1958 2191,1955 2235,1952 2280,1952 2325,1949 2370,1946 2414,1946 2459,1946 2504,1946 2549,1946 2594,1943 2638,1943 2683,1943 2728,1940 2773,1934 2817,1931 2862,1928 2907,1928 2952,1925 2997,1922 3041,1925 3086,1922 3131,1919 3176,1922 3220,1922 3265,1919 3310,1919 3355,1922 3400,1922 3444,1925 3489,1925 3534,1919"/>
                <TextEquiv>
                    <Unicode>hilfe gekommen sind. Ich heiße Karl Welderin,</Unicode>
                </TextEquiv>
            </TextLine>
            <TextLine id="tr_1_tl_13" custom="readingOrder {index:12;}">
                <Coords points="2874,2026 2895,2026 2906,2016 2920,2019 2942,1998 2977,1998 2977,1930 2956,1930 2899,1973 2874,1973"/>
                <Baseline points="2892,1997 2937,1997 2982,1997 2985,1997"/>
                <TextEquiv>
                    <Unicode>re</Unicode>
                </TextEquiv>
            </TextLine>
            <TextLine id="tr_1_tl_14" custom="readingOrder {index:13;}">
                <Coords points="677,2183 1318,2140 1400,2219 2703,2076 3059,2158 3202,2069 3344,2179 3533,2137 3536,2019 1211,1991 873,2083 680,1991"/>
                <Baseline points="698,2140 725,2140 770,2137 814,2134 859,2134 904,2137 949,2137 994,2134 1038,2131 1083,2131 1128,2128 1173,2131 1217,2134 1262,2131 1307,2131 1352,2131 1397,2131 1441,2131 1486,2131 1531,2128 1576,2128 1620,2125 1665,2122 1710,2116 1755,2119 1800,2116 1844,2113 1889,2110 1934,2107 1979,2104 2023,2104 2068,2104 2113,2101 2158,2098 2202,2098 2247,2092 2292,2092 2337,2089 2382,2086 2426,2086 2471,2083 2516,2080 2561,2080 2605,2077 2650,2074 2695,2074 2740,2071 2785,2068 2829,2071 2874,2071 2919,2068 2964,2068 3008,2065 3053,2065 3098,2065 3143,2068 3188,2065 3232,2065 3277,2068 3322,2068 3367,2068 3411,2068 3456,2071 3501,2071 3546,2071"/>
                <TextEquiv>
                    <Unicode>bin verheirathet. Vater von eines</Unicode>
                </TextEquiv>
            </TextLine>
            <TextLine id="tr_1_tl_15" custom="readingOrder {index:14;}">
                <Coords points="862,2354 2261,2240 3397,2315 3551,2258 3554,2137 865,2190"/>
                <Baseline points="881,2264 916,2268 961,2271 1005,2271 1050,2271 1095,2271 1140,2271 1185,2274 1229,2277 1274,2277 1319,2277 1364,2277 1408,2277 1453,2271 1498,2271 1543,2268 1588,2262 1632,2259 1677,2256 1722,2256 1767,2250 1811,2244 1856,2244 1901,2244 1946,2241 1991,2241 2035,2238 2080,2238 2125,2235 2170,2235 2214,2232 2259,2229 2304,2229 2349,2229 2394,2226 2438,2223 2483,2220 2528,2217 2573,2217 2617,2217 2662,2217 2707,2214 2752,2217 2797,2214 2841,2214 2886,2214 2931,2217 2976,2214 3020,2214 3065,2214 3110,2214 3155,2211 3200,2211 3244,2211 3289,2211 3334,2208 3379,2208 3423,2208 3468,2205 3513,2205 3558,2205"/>
                <TextEquiv>
                    <Unicode>Jungen, war einmal Maler und bin jetzt</Unicode>
                </TextEquiv>
            </TextLine>
            <TextLine id="tr_1_tl_16" custom="readingOrder {index:15;}">
                <Coords points="851,2475 3437,2411 3508,2304 855,2368"/>
                <Baseline points="871,2426 916,2423 961,2423 1005,2423 1050,2423 1095,2420 1140,2420 1185,2420 1229,2420 1274,2417 1319,2417 1364,2417 1408,2414 1453,2417 1498,2414 1543,2408 1588,2405 1632,2405 1677,2402 1722,2400 1767,2400 1811,2397 1856,2391 1901,2388 1946,2385 1991,2385 2035,2382 2080,2382 2125,2379 2170,2376 2214,2376 2259,2376 2304,2376 2349,2373 2394,2373 2438,2373 2483,2370 2528,2370 2573,2367 2617,2367 2662,2370 2707,2373 2752,2373 2797,2370 2841,2370 2886,2370 2931,2367 2976,2367 3020,2367 3065,2367 3110,2367 3155,2367 3200,2364 3244,2361 3289,2361 3334,2358 3379,2355 3423,2352 3468,2352 3513,2352"/>
                <TextEquiv>
                    <Unicode>Anstreicher... Und nun... wieviel be¬</Unicode>
                </TextEquiv>
            </TextLine>
            <TextLine id="tr_1_tl_17" custom="readingOrder {index:16;}">
                <Coords points="855,2657 2023,2518 2518,2614 2853,2550 3230,2671 3526,2589 3529,2397 858,2475"/>
                <Baseline points="874,2567 892,2567 937,2573 982,2570 1026,2570 1071,2567 1116,2567 1161,2561 1205,2558 1250,2555 1295,2555 1340,2549 1385,2549 1429,2543 1474,2543 1519,2543 1564,2540 1608,2537 1653,2531 1698,2528 1743,2528 1788,2525 1832,2525 1877,2522 1922,2519 1967,2519 2011,2516 2056,2513 2101,2510 2146,2510 2191,2507 2235,2507 2280,2507 2325,2507 2370,2510 2414,2510 2459,2510 2504,2507 2549,2507 2594,2504 2638,2501 2683,2504 2728,2504 2773,2504 2817,2504 2862,2507 2907,2504 2952,2507 2997,2504 3041,2504 3086,2501 3131,2501 3176,2501 3220,2498 3265,2495 3310,2492 3355,2489 3400,2492 3444,2489 3489,2489 3534,2483"/>
                <TextEquiv>
                    <Unicode>fand sich in der Börse, welche Sie mir zur</Unicode>
                </TextEquiv>
            </TextLine>
            <TextLine id="tr_1_tl_18" custom="readingOrder {index:17;}">
                <Coords points="819,2799 1239,2824 1432,2696 1578,2764 1980,2707 2094,2771 2543,2710 2546,2610 2315,2536 2115,2632 1806,2564 1385,2664 1004,2603 826,2682"/>
                <Baseline points="841,2716 850,2716 895,2716 940,2716 985,2713 1029,2713 1074,2710 1119,2710 1164,2707 1208,2704 1253,2701 1298,2695 1343,2695 1388,2692 1432,2689 1477,2686 1522,2683 1567,2686 1611,2677 1656,2677 1701,2674 1746,2674 1791,2674 1835,2674 1880,2671 1925,2668 1970,2668 2014,2668 2059,2665 2104,2662 2149,2662 2194,2659 2238,2662 2283,2659 2328,2659 2373,2662 2417,2662 2462,2659 2507,2656 2552,2653"/>
                <TextEquiv>
                    <Unicode>Verfügung gestellt haben –</Unicode>
                </TextEquiv>
            </TextLine>
            <TextLine id="tr_1_tl_19" custom="readingOrder {index:18;}">
                <Coords points="1086,2895 1300,2959 2678,2813 3177,2885 3540,2838 3543,2639 2920,2781 2557,2692 1670,2792 1474,2696 1207,2828 1086,2788"/>
                <Baseline points="1104,2850 1128,2853 1173,2853 1217,2853 1262,2850 1307,2850 1352,2847 1397,2844 1441,2841 1486,2838 1531,2838 1576,2835 1620,2832 1665,2832 1710,2832 1755,2829 1800,2829 1844,2826 1889,2826 1934,2823 1979,2823 2023,2823 2068,2820 2113,2817 2158,2817 2202,2817 2247,2814 2292,2811 2337,2808 2382,2811 2426,2808 2471,2811 2516,2811 2561,2811 2605,2811 2650,2811 2695,2811 2740,2811 2785,2811 2829,2811 2874,2808 2919,2805 2964,2805 3008,2805 3053,2805 3098,2802 3143,2802 3188,2802 3232,2800 3277,2797 3322,2797 3367,2797 3411,2797 3456,2797 3501,2797 3546,2800"/>
                <TextEquiv>
                    <Unicode>„ Gleich wollen wir davon reden; aber</Unicode>
                </TextEquiv>
            </TextLine>
            <TextLine id="tr_1_tl_20" custom="readingOrder {index:19;}">
                <Coords points="873,3048 2012,3063 2742,2952 3305,3009 3369,2849 876,2934"/>
                <Baseline points="895,3005 913,3005 958,3005 1002,3005 1047,3002 1092,3002 1137,3000 1182,2997 1226,2997 1271,2994 1316,2991 1361,2991 1405,2991 1450,2988 1495,2988 1540,2985 1585,2985 1629,2982 1674,2982 1719,2979 1764,2979 1808,2976 1853,2973 1898,2973 1943,2973 1988,2973 2032,2970 2077,2967 2122,2967 2167,2964 2211,2964 2256,2964 2301,2964 2346,2961 2391,2958 2435,2958 2480,2955 2525,2955 2570,2952 2614,2952 2659,2952 2704,2949 2749,2946 2794,2946 2838,2946 2883,2943 2928,2940 2973,2934 3017,2931 3062,2931 3107,2931 3152,2928 3197,2928 3241,2928 3286,2925 3331,2925 3376,2919"/>
                <TextEquiv>
                    <Unicode>eine höflichkeit ist der andern werth</Unicode>
                </TextEquiv>
            </TextLine>
            <TextLine id="tr_1_tl_21" custom="readingOrder {index:20;}">
                <Coords points="2568,3056 2585,3056 2603,3045 2614,3056 2635,3052 2689,3009 2696,3016 2721,3016 2731,3006 2749,3009 2749,2959 2735,2956 2714,2974 2699,2974 2682,2959 2639,2959 2628,2970 2618,2967 2593,2977 2571,2974"/>
                <Baseline points="2591,3002 2623,3005 2668,3002 2713,3002 2758,2997"/>
                <TextEquiv>
                    <Unicode>quel</Unicode>
                </TextEquiv>
            </TextLine>
            <TextLine id="tr_1_tl_22" custom="readingOrder {index:21;}">
                <Coords points="844,3194 1403,3123 1606,3223 1980,3134 2343,3202 3137,3063 3326,3152 3405,2967 848,3088"/>
                <Baseline points="868,3149 904,3146 949,3143 994,3143 1038,3143 1083,3140 1128,3140 1173,3134 1217,3134 1262,3128 1307,3122 1352,3122 1397,3122 1441,3122 1486,3122 1531,3119 1576,3116 1620,3110 1665,3110 1710,3110 1755,3107 1800,3107 1844,3104 1889,3104 1934,3104 1979,3104 2023,3098 2068,3095 2113,3098 2158,3095 2202,3092 2247,3092 2292,3089 2337,3089 2382,3089 2426,3089 2471,3092 2516,3092 2561,3095 2605,3092 2650,3089 2695,3086 2740,3080 2785,3080 2829,3077 2874,3074 2919,3071 2964,3068 3008,3065 3053,3065 3098,3059 3143,3059 3188,3062 3232,3062 3277,3062 3322,3059 3367,3059 3411,3056"/>
                <TextEquiv>
                    <Unicode>meinte der junge Adlige I., ich will mich</Unicode>
                </TextEquiv>
            </TextLine>
            <TextLine id="tr_1_tl_23" custom="readingOrder {index:22;}">
                <Coords points="858,3373 1011,3280 1414,3344 1542,3266 1830,3319 2304,3237 2621,3330 3006,3226 3287,3262 3330,3141 865,3198"/>
                <Baseline points="880,3283 919,3277 964,3277 1008,3274 1053,3274 1098,3271 1143,3271 1188,3268 1232,3259 1277,3259 1322,3256 1367,3256 1411,3253 1456,3253 1501,3256 1546,3253 1591,3253 1635,3253 1680,3250 1725,3250 1770,3250 1814,3247 1859,3247 1904,3247 1949,3247 1994,3244 2038,3241 2083,3241 2128,3241 2173,3241 2217,3241 2262,3238 2307,3235 2352,3232 2397,3232 2441,3232 2486,3226 2531,3229 2576,3229 2620,3229 2665,3229 2710,3229 2755,3223 2800,3223 2844,3223 2889,3217 2934,3214 2979,3211 3023,3208 3068,3208 3113,3208 3158,3208 3202,3208 3247,3208 3292,3208 3337,3208"/>
                <TextEquiv>
                    <Unicode>Ihnen auch vorstellen: - Graf Treuen.</Unicode>
                </TextEquiv>
            </TextLine>
            <TextLine id="tr_1_tl_24" custom="readingOrder {index:23;}">
                <Coords points="3383,3230 3405,3234 3415,3223 3433,3223 3440,3216 3462,3230 3479,3226 3472,3095 3451,3098 3429,3109 3408,3102 3394,3088 3376,3088"/>
                <Baseline points="3402,3208 3447,3211 3489,3214"/>
                <TextEquiv>
                    <Unicode>.</Unicode>
                </TextEquiv>
            </TextLine>
            <TextLine id="tr_1_tl_25" custom="readingOrder {index:24;}">
                <Coords points="865,3501 1225,3419 1535,3497 1741,3405 2090,3494 2553,3383 2867,3465 3501,3408 3504,3301 3059,3241 2714,3348 2247,3259 869,3362"/>
                <Baseline points="889,3414 910,3417 955,3417 1000,3417 1044,3414 1089,3408 1134,3408 1179,3405 1223,3405 1268,3402 1313,3400 1358,3400 1402,3397 1447,3397 1492,3397 1537,3397 1582,3397 1626,3397 1671,3397 1716,3397 1761,3397 1805,3397 1850,3394 1895,3394 1940,3391 1985,3391 2029,3391 2074,3388 2119,3388 2164,3385 2208,3385 2253,3385 2298,3385 2343,3382 2388,3382 2432,3385 2477,3382 2522,3382 2567,3382 2611,3385 2656,3382 2701,3382 2746,3385 2791,3385 2835,3382 2880,3382 2925,3379 2970,3376 3014,3373 3059,3373 3104,3370 3149,3367 3194,3364 3238,3364 3283,3361 3328,3361 3373,3361 3417,3364 3462,3361 3507,3364"/>
                <TextEquiv>
                    <Unicode>hier mein Freund Freiherr von Reutern.</Unicode>
                </TextEquiv>
            </TextLine>
            <TextLine id="tr_1_tl_26" custom="readingOrder {index:25;}">
                <Coords points="1072,3575 1563,3661 2297,3540 2479,3618 3216,3522 3543,3593 3547,3412 2881,3494 2375,3422 2101,3501 1991,3405 1802,3515 1072,3479"/>
                <Baseline points="1092,3570 1134,3567 1179,3561 1223,3555 1268,3561 1313,3561 1358,3558 1402,3561 1447,3561 1492,3558 1537,3558 1582,3555 1626,3555 1671,3552 1716,3552 1761,3552 1805,3549 1850,3546 1895,3540 1940,3537 1985,3540 2029,3540 2074,3537 2119,3537 2164,3537 2208,3537 2253,3534 2298,3531 2343,3528 2388,3531 2432,3528 2477,3531 2522,3531 2567,3531 2611,3534 2656,3534 2701,3534 2746,3534 2791,3531 2835,3531 2880,3531 2925,3531 2970,3528 3014,3522 3059,3519 3104,3516 3149,3513 3194,3507 3238,3507 3283,3504 3328,3504 3373,3504 3417,3504 3462,3507 3507,3510 3552,3510"/>
                <TextEquiv>
                    <Unicode>„ O“, sagte Karl Welsein. „ da dürfte</Unicode>
                </TextEquiv>
            </TextLine>
        </TextRegion>
    </Page>
</PcGts>
