3304 4216
358 238 2822 479 Seite, setzte sich auf das Bett und began
899 407 1020 458 in
355 396 655 507 Spivak
765 403 855 489 P
331 400 2953 627 ihn Untersuchung Angströll stand der Soh
314 524 2933 762 dabei.... Er sah zu, wie der Arzt sein Oh¬
314 651 3040 886 an das die Brust des Kranken legte, horchte
334 789 3040 1034 wie er den Puls griff, die Athemzüge zäh¬
327 937 3043 1168 te. Nach einigen Minuten schien die Ante¬
324 1055 2054 1303 suchung zu Ende zu sein.
455 1217 2392 1444 "Gefährlich?“ fragte der Sohn.
396 1334 2953 1616 Ihr Vater hat eine Lungenentzündung.
427 1478 3033 1716 „Lungenentzündung. Da kann man ja
303 1634 1634 1809 davon kommen.
496 1747 3064 1971 „Gewiß kann man.. aber es scheint.
262 1909 3029 2140 Ihr Vater war ein Liebhaber von geisti¬
262 2009 1254 2257 gen Getränken..
486 2181 3012 2395 „Allerdings“ hat das einen Einfluß?
482 2285 3112 2523 " Leider ja? Herr Waldein. Im übrigen
307 2433 3050 2695 ist noch immer kein Grund zu verjagen
348 2561 2705 2788 Nun... wir werden weiter sehengel.
496 2674 2785 2881 "Also gefährlich". Flüsterte Franz
489 2850 3109 3064 „darf ich noch fragen, ob Sie jemanden
289 2950 2860 3212 haben, der Ihren Vater pflegen wird?
410 3095 1754 3326 „ Phlage? Nun, ich!
400 3219 2250 3436 „ Sie wohnen ja nicht hier!
393 3326 2981 3594 „ Ich werde für die Dauer der Krankheit
