3928 4456
3629 138 3809 242 all
1196 425 3577 636 hier, an dem grünen Tisch und eine
1123 577 3733 833 wennige Aufregung überkam ihm...
1116 684 3698 937 Er zog seine Banknoten hervor und
1116 830 3788 1127 legte sie vor sich hin... Da.. etwas flog
1068 975 3760 1241 vor ihn hin.. eine Karte. Er wollte sie
1130 1165 1662 1344 nehmen
1116 1217 3792 1562 Entschuldigen die „sagt der Geber.. Ihr Uebenmann
1120 1438 3750 1732 - Ach ja, naturlich... es kam noch nicht
1009 1607 3788 1797 an ihn... der Nebenmann verlor. Das
1535 1766 1669 1835 an
1061 1766 3823 1977 war Glück für ihn, für Waldein. Er dur¬
1078 1932 3677 2177 te schon eine größer Summe wegen
1092 2081 3760 2330 denn nun war die Wahrscheinlichkeit des
1092 2247 3688 2482 Gewinnes für ihn, eine weit größere
1113 2388 1974 2568 * So... nun...
1092 2499 3086 2741 Da vor ihn lag seine Karten
1113 2637 3760 2841 Er verlor... Ach der erste Satz! Der
1075 2793 3819 3038 ist bald zurückerobert. Er setzte wieder
1075 2938 3805 3100 und einen etwas höheren betrag, als
1127 3073 3826 3328 das erste Mal. Graf Treuen, der heute
1106 3207 3743 3477 ihm stand, ließ ein unzufriedenes Hrn.
1099 3370 3792 3594 vernehmen.. Die Karte Waldeins verlor
1103 3518 3771 3812 wieder. Ein dritter Satz.. wieder höher
