3848 4552
3477 147 3625 347 84.
923 274 3460 537 Und wie sie wieder bei dem Tranken war
789 425 3614 653 nahm er den weißen Arbeitskittel des Vaters
800 554 3554 786 vom Haken und den Hammer, der dalag, und
2382 670 2611 754 Kochen
807 649 3488 937 verbarg ihn unter demselben. Er dachte in
835 800 3551 1025 diesem Momente an nichts anderes, als an
814 940 3498 1147 den Schatz... kein Gedanke mehr an den
853 1056 3607 1263 Sterbenden selbst. vor ihm tanzte und drehte
2839 1165 3642 1347 tanzenden Gold!
832 1165 2488 1449 sich  Geld, Geld ichler
856 1291 3600 1558 Und er eilte von dannen. Die Straßen
835 1421 3635 1663 waren leer.. er jagte durch sie.. da kam
870 1551 3491 1789 er in jene lange Straße, durch die vor
863 1646 3639 1930 zwanzig Jahren der alte Waldein des gewon¬
1056 1719 1368 1814 Vielen
870 1754 3625 2049 neue Geld getragen.. und bald zur Brücke
884 1923 3519 2144 auf der er einen Tag später gestanden
916 2035 3607 2281 verzweifelt und jammernd, während un¬
884 2154 3561 2428 ter seinen Füßen all’ der Reichthum lag
916 2256 3593 2526 der ihn selig gemacht hätte. Da also. und
888 2379 3611 2695 schon stand er am zweiten Pfeiler, und ober
898 2530 3477 2807 ihm wölbten sich die Bogen der Brücke
902 2646 3667 2975 neben ihm rauschte der Strom hin, den Strahl
2895 2758 3232 2909 weiter,
947 2811 3453 3088 des Mörder auf seinen Wellen (tragend)
961 2912 3632 3214 Und Franz Waldein begann sein Werk.
905 3098 3618 3414 Nach wenigen Minuten waren zwei Lagen
940 3200 3621 3491 von Steinen ausgesprengt... Nichts.. nichts
965 3389 3530 3649 Jetzt wollte ein Wagen oben über die
972 3512 3533 3793 Brücke...Gumpf.. schwer. Franz begann
1558 3730 1733 3986 G.C.P.
