<?xml version="1.0" encoding="UTF-8" standalone="yes"?>
<PcGts xmlns="http://schema.primaresearch.org/PAGE/gts/pagecontent/2013-07-15" xmlns:xsi="http://www.w3.org/2001/XMLSchema-instance" xsi:schemaLocation="http://schema.primaresearch.org/PAGE/gts/pagecontent/2013-07-15 http://schema.primaresearch.org/PAGE/gts/pagecontent/2013-07-15/pagecontent.xsd">
    <Metadata>
        <Creator>prov=READ-COOP:name=TrHtr:version=2.1.0:model_id=51170:date=14_08_2023_14:25</Creator>
        <Created>2023-05-10T14:21:15.254+02:00</Created>
        <LastChange>2023-08-14T14:25:47.146+02:00</LastChange>
        <TranskribusMetadata docId="1428615" pageId="55418835" pageNr="37" tsid="132807960" status="IN_PROGRESS" userId="64420" imgUrl="https://files.transkribus.eu/Get?id=BFWUAHVMZWWCXNRLJBFNHRXJ&amp;fileType=view" xmlUrl="https://files.transkribus.eu/Get?id=FVHAFFUTYIGUALIDKTGGMDYM" imageId="44692939"/>
    </Metadata>
    <Page imageFilename="1428615_0037.jpg" imageWidth="3720" imageHeight="4600">
        <ReadingOrder>
            <OrderedGroup id="ro_1711787008910" caption="Regions reading order">
                <RegionRefIndexed index="0" regionRef="tr_3"/>
                <RegionRefIndexed index="1" regionRef="tr_1"/>
                <RegionRefIndexed index="2" regionRef="tr_2"/>
            </OrderedGroup>
        </ReadingOrder>
        <TextRegion id="tr_3" custom="readingOrder {index:0;}">
            <Coords points="3364,155 3501,155 3501,221 3364,221"/>
            <TextLine id="tr_3_tl_1" custom="readingOrder {index:0;}">
                <Coords points="3344,232 3376,228 3379,235 3386,228 3407,249 3428,228 3453,235 3463,228 3474,239 3491,239 3498,112 3481,112 3446,137 3421,126 3383,158 3376,148 3347,155"/>
                <Baseline points="3364,211 3367,211 3411,211 3456,208 3501,205"/>
                <TextEquiv>
                    <Unicode>24.</Unicode>
                </TextEquiv>
            </TextLine>
        </TextRegion>
        <TextRegion id="tr_1" custom="readingOrder {index:1;}">
            <Coords points="692,403 3516,403 3516,2293 692,2293"/>
            <TextLine id="tr_1_tl_1" custom="readingOrder {index:0;}">
                <Coords points="741,544 1862,488 1985,580 2136,506 2360,580 2856,499 2859,379 2417,309 2002,418 1802,327 1479,429 1282,337 745,404"/>
                <Baseline points="761,501 764,501 808,504 853,504 898,507 943,507 988,504 1032,501 1077,501 1122,501 1167,498 1211,498 1256,495 1301,495 1346,495 1391,492 1435,495 1480,495 1525,495 1570,495 1614,495 1659,489 1704,489 1749,486 1794,483 1838,483 1883,480 1928,480 1973,480 2017,477 2062,474 2107,474 2152,474 2197,468 2241,465 2286,465 2331,465 2376,462 2420,459 2465,459 2510,459 2555,459 2600,459 2644,456 2689,456 2734,453 2779,456 2823,456 2868,465"/>
                <TextEquiv>
                    <Unicode>Die Bank war beinahe gesprengt</Unicode>
                </TextEquiv>
            </TextLine>
            <TextLine id="tr_1_tl_2" custom="readingOrder {index:1;}">
                <Coords points="745,678 2143,699 2308,615 3467,608 3470,516 748,587"/>
                <Baseline points="764,641 791,644 835,644 880,638 925,638 970,635 1014,632 1059,632 1104,632 1149,632 1194,632 1238,632 1283,632 1328,632 1373,632 1417,629 1462,629 1507,626 1552,626 1597,626 1641,626 1686,623 1731,623 1776,620 1820,620 1865,623 1910,620 1955,617 2000,620 2044,620 2089,620 2134,623 2179,620 2223,617 2268,617 2313,614 2358,611 2402,611 2447,608 2492,605 2537,602 2582,602 2626,602 2671,600 2716,597 2761,597 2805,597 2850,597 2895,597 2940,597 2985,594 3029,591 3074,588 3119,585 3164,582 3208,576 3253,573 3298,570 3343,570 3388,570 3432,567 3477,567"/>
                <TextEquiv>
                    <Unicode>„Ich nehme den Rest“, sagte Waldein. „den</Unicode>
                </TextEquiv>
            </TextLine>
            <TextLine id="tr_1_tl_3" custom="readingOrder {index:2;}">
                <Coords points="706,829 1454,861 2041,762 2501,843 2814,738 3397,804 3425,604 710,702"/>
                <Baseline points="725,785 743,788 788,788 832,785 877,782 922,779 967,776 1011,773 1056,779 1101,773 1146,773 1191,770 1235,770 1280,770 1325,770 1370,770 1414,767 1459,767 1504,767 1549,764 1594,767 1638,764 1683,764 1728,764 1773,761 1817,761 1862,758 1907,758 1952,758 1997,758 2041,758 2086,758 2131,755 2176,755 2220,752 2265,752 2310,752 2355,746 2400,743 2444,743 2489,740 2534,737 2579,734 2623,734 2668,734 2713,734 2758,734 2802,734 2847,734 2892,734 2937,734 2982,731 3026,725 3071,719 3116,719 3161,716 3205,716 3250,716 3295,716 3340,716 3385,713 3429,716"/>
                <TextEquiv>
                    <Unicode>Reß widerholte der Bankhalter. Er gab</Unicode>
                </TextEquiv>
            </TextLine>
            <TextLine id="tr_1_tl_4" custom="readingOrder {index:3;}">
                <Coords points="674,962 3210,917 3491,776 2785,752 2403,857 2027,766 1521,864 1015,776 674,861"/>
                <Baseline points="692,931 725,925 770,922 814,922 859,925 904,919 949,919 994,919 1038,913 1083,913 1128,910 1173,910 1217,907 1262,904 1307,904 1352,904 1397,901 1441,898 1486,898 1531,898 1576,898 1620,898 1665,898 1710,898 1755,895 1800,895 1844,892 1889,895 1934,895 1979,889 2023,889 2068,889 2113,886 2158,886 2202,883 2247,883 2292,883 2337,883 2382,883 2426,883 2471,880 2516,880 2561,877 2605,874 2650,871 2695,868 2740,871 2785,868 2829,865 2874,865 2919,862 2964,865 3008,862 3053,859 3098,856 3143,856 3188,853 3232,853 3277,847 3322,850 3367,850 3411,850 3456,850 3501,850"/>
                <TextEquiv>
                    <Unicode>die Karten aus. Nach einer Sekunde von</Unicode>
                </TextEquiv>
            </TextLine>
            <TextLine id="tr_1_tl_5" custom="readingOrder {index:4;}">
                <Coords points="692,1082 1394,1071 1507,1163 1749,1033 2445,1099 3484,1001 3488,917 695,980"/>
                <Baseline points="716,1050 761,1056 805,1056 850,1059 895,1059 940,1059 985,1056 1029,1053 1074,1050 1119,1050 1164,1050 1208,1047 1253,1044 1298,1044 1343,1038 1388,1038 1432,1038 1477,1035 1522,1032 1567,1032 1611,1032 1656,1032 1701,1029 1746,1026 1791,1026 1835,1029 1880,1026 1925,1026 1970,1026 2014,1026 2059,1023 2104,1023 2149,1020 2194,1017 2238,1014 2283,1014 2328,1011 2373,1011 2417,1008 2462,1008 2507,1008 2552,1008 2597,1008 2641,1005 2686,1005 2731,1005 2776,1002 2820,1000 2865,1000 2910,1000 2955,997 3000,991 3044,991 3089,991 3134,991 3179,988 3223,988 3268,988 3313,985 3358,985 3402,982 3447,982 3492,982"/>
                <TextEquiv>
                    <Unicode>derte die letzte Banknote herüber zu dem</Unicode>
                </TextEquiv>
            </TextLine>
            <TextLine id="tr_1_tl_6" custom="readingOrder {index:5;}">
                <Coords points="695,1272 1542,1170 3467,1219 3495,1061 699,1131"/>
                <Baseline points="716,1179 728,1179 773,1179 817,1185 862,1185 907,1185 952,1185 997,1182 1041,1179 1086,1179 1131,1179 1176,1179 1220,1179 1265,1179 1310,1179 1355,1176 1400,1173 1444,1170 1489,1170 1534,1170 1579,1167 1623,1167 1668,1167 1713,1167 1758,1167 1802,1167 1847,1167 1892,1167 1937,1167 1982,1167 2026,1167 2071,1164 2116,1164 2161,1161 2205,1158 2250,1161 2295,1158 2340,1155 2385,1155 2429,1152 2474,1152 2519,1155 2564,1152 2608,1152 2653,1152 2698,1149 2743,1149 2788,1146 2832,1146 2877,1146 2922,1143 2967,1143 3011,1140 3056,1140 3101,1140 3146,1137 3191,1134 3235,1134 3280,1134 3325,1137 3370,1134 3414,1134 3459,1134 3504,1128"/>
                <TextEquiv>
                    <Unicode>glücklichen Spieler. Der Bankhalter stand</Unicode>
                </TextEquiv>
            </TextLine>
            <TextLine id="tr_1_tl_7" custom="readingOrder {index:6;}">
                <Coords points="695,1352 1384,1423 2009,1303 2568,1391 3505,1317 3505,1208 695,1272"/>
                <Baseline points="716,1322 740,1322 785,1325 829,1325 874,1325 919,1325 964,1322 1008,1328 1053,1328 1098,1328 1143,1328 1188,1334 1232,1331 1277,1322 1322,1316 1367,1313 1411,1313 1456,1310 1501,1307 1546,1307 1591,1307 1635,1304 1680,1307 1725,1304 1770,1304 1814,1304 1859,1304 1904,1304 1949,1301 1994,1301 2038,1301 2083,1304 2128,1301 2173,1301 2217,1301 2262,1298 2307,1298 2352,1298 2397,1298 2441,1298 2486,1301 2531,1301 2576,1301 2620,1301 2665,1301 2710,1298 2755,1298 2800,1298 2844,1298 2889,1295 2934,1295 2979,1298 3023,1298 3068,1295 3113,1295 3158,1298 3202,1298 3247,1292 3292,1292 3337,1286 3382,1286 3426,1286 3471,1286 3516,1286"/>
                <TextEquiv>
                    <Unicode>auf. „ Ich danke meine Herren.. Wer</Unicode>
                </TextEquiv>
            </TextLine>
            <TextLine id="tr_1_tl_8" custom="readingOrder {index:7;}">
                <Coords points="720,1489 2090,1524 2283,1447 2455,1538 2775,1444 3463,1465 3498,1321 720,1387"/>
                <Baseline points="740,1468 773,1468 817,1471 862,1471 907,1468 952,1471 997,1468 1041,1465 1086,1465 1131,1465 1176,1465 1220,1462 1265,1462 1310,1459 1355,1456 1400,1453 1444,1450 1489,1450 1534,1444 1579,1444 1623,1444 1668,1441 1713,1441 1758,1441 1802,1441 1847,1441 1892,1441 1937,1441 1982,1441 2026,1438 2071,1438 2116,1435 2161,1435 2205,1435 2250,1432 2295,1429 2340,1432 2385,1432 2429,1432 2474,1429 2519,1432 2564,1435 2608,1438 2653,1438 2698,1435 2743,1432 2788,1429 2832,1429 2877,1429 2922,1432 2967,1432 3011,1432 3056,1432 3101,1432 3146,1429 3191,1426 3235,1423 3280,1426 3325,1426 3370,1423 3414,1423 3459,1420 3504,1420"/>
                <TextEquiv>
                    <Unicode>übernimmt den Platz. Irgend einer aus</Unicode>
                </TextEquiv>
            </TextLine>
            <TextLine id="tr_1_tl_9" custom="readingOrder {index:8;}">
                <Coords points="738,1661 1019,1718 1247,1623 2399,1577 2905,1654 3196,1563 3344,1633 3411,1458 741,1531"/>
                <Baseline points="761,1617 773,1617 817,1617 862,1614 907,1611 952,1611 997,1605 1041,1602 1086,1605 1131,1605 1176,1602 1220,1600 1265,1600 1310,1597 1355,1594 1400,1591 1444,1591 1489,1588 1534,1588 1579,1588 1623,1588 1668,1588 1713,1585 1758,1588 1802,1588 1847,1591 1892,1591 1937,1588 1982,1588 2026,1588 2071,1585 2116,1582 2161,1582 2205,1579 2250,1576 2295,1573 2340,1573 2385,1570 2429,1567 2474,1567 2519,1570 2564,1570 2608,1570 2653,1570 2698,1567 2743,1570 2788,1570 2832,1567 2877,1564 2922,1564 2967,1564 3011,1564 3056,1561 3101,1561 3146,1558 3191,1558 3235,1555 3280,1552 3325,1552 3370,1549 3414,1549"/>
                <TextEquiv>
                    <Unicode>der Gesellschaft stand auf und setzte sich</Unicode>
                </TextEquiv>
            </TextLine>
            <TextLine id="tr_1_tl_10" custom="readingOrder {index:9;}">
                <Coords points="727,1826 1932,1732 2483,1823 2645,1718 3221,1760 3477,1647 731,1690"/>
                <Baseline points="746,1737 755,1740 800,1746 844,1746 889,1746 934,1743 979,1740 1023,1746 1068,1743 1113,1740 1158,1740 1202,1740 1247,1737 1292,1734 1337,1737 1382,1734 1426,1731 1471,1731 1516,1731 1561,1728 1605,1725 1650,1725 1695,1725 1740,1731 1785,1734 1829,1731 1874,1731 1919,1731 1964,1728 2008,1731 2053,1728 2098,1722 2143,1719 2188,1719 2232,1719 2277,1719 2322,1713 2367,1710 2411,1710 2456,1713 2501,1713 2546,1716 2591,1716 2635,1716 2680,1716 2725,1713 2770,1713 2814,1713 2859,1713 2904,1713 2949,1710 2994,1713 3038,1713 3083,1713 3128,1710 3173,1710 3217,1707 3262,1707 3307,1707 3352,1704 3397,1704 3441,1704 3486,1701"/>
                <TextEquiv>
                    <Unicode>hin. Während die Sessel gerückt werden</Unicode>
                </TextEquiv>
            </TextLine>
            <TextLine id="tr_1_tl_11" custom="readingOrder {index:10;}">
                <Coords points="776,1893 3102,1949 3354,1904 3358,1788 776,1837"/>
                <Baseline points="794,1886 811,1883 856,1886 901,1886 946,1886 991,1883 1035,1883 1080,1883 1125,1883 1170,1880 1214,1880 1259,1880 1304,1874 1349,1874 1394,1874 1438,1871 1483,1868 1528,1868 1573,1865 1617,1865 1662,1865 1707,1865 1752,1868 1797,1868 1841,1868 1886,1868 1931,1865 1976,1865 2020,1865 2065,1862 2110,1859 2155,1859 2200,1856 2244,1856 2289,1853 2334,1856 2379,1856 2423,1856 2468,1856 2513,1856 2558,1856 2602,1856 2647,1856 2692,1853 2737,1853 2782,1853 2826,1853 2871,1853 2916,1853 2961,1853 3005,1853 3050,1853 3095,1847 3140,1847 3185,1850 3229,1850 3274,1850 3319,1853 3364,1859"/>
                <TextEquiv>
                    <Unicode>raunte der Graf dem Anstreicher zu</Unicode>
                </TextEquiv>
            </TextLine>
            <TextLine id="tr_1_tl_12" custom="readingOrder {index:11;}">
                <Coords points="755,2048 994,2076 1043,2034 1135,2034 1247,2083 1387,2030 1437,2065 1623,2020 1700,2048 1704,1865 1461,1893 1307,1953 1068,1956 948,1907 868,1974 759,1992"/>
                <Baseline points="773,2023 814,2020 859,2017 904,2017 949,2017 994,2017 1038,2014 1083,2014 1128,2014 1173,2014 1217,2014 1262,2014 1307,2011 1352,2011 1397,2011 1441,2008 1486,2008 1531,2011 1576,2008 1620,2005 1665,2005 1710,2011"/>
                <TextEquiv>
                    <Unicode>„Kommen Sie</Unicode>
                </TextEquiv>
            </TextLine>
            <TextLine id="tr_1_tl_13" custom="readingOrder {index:12;}">
                <Coords points="1029,2174 1479,2150 1602,2230 1711,2146 2659,2122 3042,2216 3161,2129 3340,2188 3446,1999 2557,1967 1995,2100 1029,2062"/>
                <Baseline points="1050,2140 1077,2137 1122,2137 1167,2137 1211,2140 1256,2140 1301,2140 1346,2140 1391,2137 1435,2137 1480,2137 1525,2134 1570,2131 1614,2131 1659,2131 1704,2131 1749,2131 1794,2134 1838,2131 1883,2134 1928,2134 1973,2131 2017,2131 2062,2131 2107,2128 2152,2128 2197,2122 2241,2125 2286,2125 2331,2125 2376,2125 2420,2122 2465,2122 2510,2119 2555,2119 2600,2119 2644,2116 2689,2116 2734,2116 2779,2119 2823,2116 2868,2116 2913,2119 2958,2113 3002,2113 3047,2110 3092,2104 3137,2101 3182,2101 3226,2101 3271,2101 3316,2098 3361,2095 3405,2092 3450,2089"/>
                <TextEquiv>
                    <Unicode>Dieser lachte und stand auf. „Ja, ich</Unicode>
                </TextEquiv>
            </TextLine>
            <TextLine id="tr_1_tl_14" custom="readingOrder {index:13;}">
                <Coords points="776,2283 1015,2353 1542,2308 1626,2374 1714,2301 2051,2280 2199,2357 2536,2262 2652,2336 2968,2273 2972,2157 2058,2209 1816,2150 1584,2241 1412,2153 1110,2255 927,2136 780,2181"/>
                <Baseline points="797,2277 823,2283 868,2283 913,2283 958,2283 1002,2283 1047,2283 1092,2283 1137,2283 1182,2280 1226,2280 1271,2277 1316,2277 1361,2277 1405,2274 1450,2277 1495,2274 1540,2268 1585,2265 1629,2265 1674,2265 1719,2265 1764,2268 1808,2271 1853,2274 1898,2274 1943,2274 1988,2271 2032,2271 2077,2268 2122,2268 2167,2265 2211,2265 2256,2262 2301,2265 2346,2265 2391,2265 2435,2262 2480,2259 2525,2256 2570,2253 2614,2256 2659,2256 2704,2253 2749,2250 2794,2250 2838,2247 2883,2247 2928,2244 2973,2244"/>
                <TextEquiv>
                    <Unicode>komme. Oh, ich habe Glück gehabt</Unicode>
                </TextEquiv>
            </TextLine>
        </TextRegion>
        <TextRegion id="tr_2" custom="readingOrder {index:2;}">
            <Coords points="767,2338 3567,2338 3567,3669 767,3669"/>
            <TextLine id="tr_2_tl_1" custom="readingOrder {index:0;}">
                <Coords points="976,2466 1837,2406 2244,2494 2497,2396 3084,2441 3084,2357 2522,2273 2167,2364 1879,2301 1619,2378 1198,2311 976,2360"/>
                <Baseline points="997,2408 1032,2411 1077,2408 1122,2405 1167,2405 1211,2405 1256,2408 1301,2408 1346,2408 1391,2408 1435,2408 1480,2405 1525,2405 1570,2402 1614,2402 1659,2402 1704,2408 1749,2405 1794,2405 1838,2405 1883,2405 1928,2408 1973,2408 2017,2408 2062,2408 2107,2408 2152,2405 2197,2402 2241,2402 2286,2402 2331,2402 2376,2400 2420,2397 2465,2394 2510,2394 2555,2394 2600,2394 2644,2391 2689,2391 2734,2388 2779,2388 2823,2391 2868,2391 2913,2394 2958,2394 3002,2394 3047,2394 3092,2397"/>
                <TextEquiv>
                    <Unicode>„Stecken" Sie doch Ihr Geld ein</Unicode>
                </TextEquiv>
            </TextLine>
            <TextLine id="tr_2_tl_2" custom="readingOrder {index:1;}">
                <Coords points="998,2610 2638,2568 2940,2641 3123,2543 3498,2568 3498,2410 2494,2399 2266,2497 1328,2410 998,2533"/>
                <Baseline points="1017,2561 1044,2561 1089,2558 1134,2552 1179,2552 1223,2552 1268,2549 1313,2552 1358,2552 1402,2552 1447,2546 1492,2543 1537,2537 1582,2540 1626,2537 1671,2537 1716,2540 1761,2540 1805,2537 1850,2540 1895,2540 1940,2540 1985,2540 2029,2540 2074,2543 2119,2543 2164,2543 2208,2543 2253,2546 2298,2546 2343,2543 2388,2543 2432,2537 2477,2537 2522,2534 2567,2528 2611,2531 2656,2531 2701,2531 2746,2522 2791,2522 2835,2525 2880,2525 2925,2525 2970,2528 3014,2525 3059,2528 3104,2525 3149,2525 3194,2525 3238,2525 3283,2525 3328,2522 3373,2525 3417,2528 3462,2528 3507,2525"/>
                <TextEquiv>
                    <Unicode>„Sie spielen nicht mehr?“ fragte Winck¬</Unicode>
                </TextEquiv>
            </TextLine>
            <TextLine id="tr_2_tl_3" custom="readingOrder {index:2;}">
                <Coords points="748,2719 825,2698 861,2705 952,2796 1012,2768 1082,2775 1082,2610 1022,2610 955,2550 889,2525 794,2596 748,2589"/>
                <Baseline points="767,2686 811,2692 856,2689 901,2686 946,2686 991,2689 1035,2689 1080,2692 1092,2695"/>
                <TextEquiv>
                    <Unicode>burg.</Unicode>
                </TextEquiv>
            </TextLine>
            <TextLine id="tr_2_tl_4" custom="readingOrder {index:3;}">
                <Coords points="1110,2789 1472,2870 1595,2792 2076,2859 2778,2778 2922,2877 3073,2771 3530,2810 3534,2673 1113,2701"/>
                <Baseline points="1131,2785 1167,2788 1211,2788 1256,2791 1301,2791 1346,2791 1391,2788 1435,2788 1480,2788 1525,2788 1570,2785 1614,2785 1659,2785 1704,2785 1749,2785 1794,2782 1838,2782 1883,2779 1928,2779 1973,2779 2017,2782 2062,2779 2107,2779 2152,2776 2197,2776 2241,2776 2286,2773 2331,2773 2376,2776 2420,2776 2465,2773 2510,2773 2555,2773 2600,2773 2644,2773 2689,2773 2734,2770 2779,2767 2823,2767 2868,2767 2913,2767 2958,2767 3002,2767 3047,2767 3092,2764 3137,2767 3182,2764 3226,2764 3271,2761 3316,2761 3361,2764 3405,2761 3450,2758 3495,2758 3540,2758"/>
                <TextEquiv>
                    <Unicode>Mein Freund, sagte Treuenlächelnd, "will</Unicode>
                </TextEquiv>
            </TextLine>
            <TextLine id="tr_2_tl_5" custom="readingOrder {index:4;}">
                <Coords points="762,2972 1739,2929 2093,3059 2469,2922 2947,3045 3326,2926 3544,2996 3548,2821 766,2845"/>
                <Baseline points="782,2949 820,2943 865,2940 910,2937 955,2937 1000,2934 1044,2934 1089,2931 1134,2931 1179,2934 1223,2934 1268,2934 1313,2931 1358,2931 1402,2931 1447,2928 1492,2928 1537,2928 1582,2925 1626,2925 1671,2928 1716,2928 1761,2925 1805,2925 1850,2922 1895,2925 1940,2922 1985,2925 2029,2925 2074,2925 2119,2925 2164,2925 2208,2922 2253,2919 2298,2919 2343,2919 2388,2919 2432,2919 2477,2919 2522,2919 2567,2919 2611,2922 2656,2922 2701,2919 2746,2913 2791,2913 2835,2916 2880,2913 2925,2913 2970,2913 3014,2913 3059,2916 3104,2916 3149,2916 3194,2916 3238,2916 3283,2916 3328,2913 3373,2910 3417,2910 3462,2907 3507,2904 3552,2904"/>
                <TextEquiv>
                    <Unicode>nicht Landorf’s Los theilen. „Für heute ist's</Unicode>
                </TextEquiv>
            </TextLine>
            <TextLine id="tr_2_tl_6" custom="readingOrder {index:5;}">
                <Coords points="776,3116 878,3095 948,3137 1019,3133 1120,3077 1229,3123 1282,3080 1391,3073 1489,3158 1598,3087 1668,3084 1668,3031 1570,3003 1475,3031 1373,3007 1338,3035 1261,2996 1180,3024 1026,2972 906,3035 776,3014"/>
                <Baseline points="797,3071 823,3074 868,3074 913,3074 958,3074 1002,3068 1047,3068 1092,3068 1137,3068 1182,3062 1226,3065 1271,3062 1316,3062 1361,3062 1405,3062 1450,3059 1495,3059 1540,3056 1585,3056 1629,3059 1674,3056"/>
                <TextEquiv>
                    <Unicode>wohl genug.</Unicode>
                </TextEquiv>
            </TextLine>
            <TextLine id="tr_2_tl_7" custom="readingOrder {index:6;}">
                <Coords points="984,3242 1946,3305 2915,3172 3488,3232 3491,3028 3246,3112 2606,3038 2346,3126 1770,3038 1588,3158 987,3168"/>
                <Baseline points="1002,3220 1035,3223 1080,3220 1125,3208 1170,3211 1214,3211 1259,3211 1304,3208 1349,3208 1394,3205 1438,3202 1483,3202 1528,3202 1573,3205 1617,3202 1662,3202 1707,3202 1752,3200 1797,3200 1841,3200 1886,3194 1931,3191 1976,3194 2020,3194 2065,3194 2110,3188 2155,3188 2200,3188 2244,3188 2289,3191 2334,3185 2379,3185 2423,3185 2468,3182 2513,3182 2558,3179 2602,3179 2647,3179 2692,3176 2737,3176 2782,3173 2826,3173 2871,3170 2916,3170 2961,3167 3005,3167 3050,3167 3095,3167 3140,3167 3185,3167 3229,3167 3274,3167 3319,3164 3364,3161 3408,3161 3453,3158 3498,3149"/>
                <TextEquiv>
                    <Unicode>„ Es ist genug, ja ja, lachte Waldein Er</Unicode>
                </TextEquiv>
            </TextLine>
            <TextLine id="tr_2_tl_8" custom="readingOrder {index:7;}">
                <Coords points="790,3460 1099,3372 1763,3446 2083,3326 2455,3407 2926,3316 3056,3397 3555,3347 3558,3232 794,3281"/>
                <Baseline points="814,3370 835,3373 880,3373 925,3373 970,3373 1014,3373 1059,3373 1104,3370 1149,3367 1194,3364 1238,3361 1283,3358 1328,3355 1373,3352 1417,3352 1462,3349 1507,3349 1552,3346 1597,3346 1641,3343 1686,3343 1731,3340 1776,3340 1820,3337 1865,3337 1910,3337 1955,3337 2000,3334 2044,3331 2089,3325 2134,3328 2179,3328 2223,3328 2268,3325 2313,3325 2358,3325 2402,3322 2447,3322 2492,3322 2537,3322 2582,3322 2626,3319 2671,3319 2716,3319 2761,3313 2805,3313 2850,3313 2895,3310 2940,3310 2985,3307 3029,3307 3074,3307 3119,3304 3164,3304 3208,3304 3253,3304 3298,3304 3343,3301 3388,3301 3432,3301 3477,3301 3522,3301 3567,3292"/>
                <TextEquiv>
                    <Unicode>hielt sich ganz gut aufrecht. Der Graf weich</Unicode>
                </TextEquiv>
            </TextLine>
            <TextLine id="tr_2_tl_9" custom="readingOrder {index:8;}">
                <Coords points="787,3555 3505,3502 3512,3302 1760,3446 973,3390 787,3477"/>
                <Baseline points="805,3504 826,3510 871,3510 916,3507 961,3504 1005,3507 1050,3507 1095,3507 1140,3510 1185,3504 1229,3504 1274,3504 1319,3501 1364,3501 1408,3498 1453,3495 1498,3495 1543,3492 1588,3492 1632,3489 1677,3486 1722,3486 1767,3486 1811,3483 1856,3480 1901,3480 1946,3480 1991,3480 2035,3477 2080,3474 2125,3474 2170,3471 2214,3471 2259,3468 2304,3471 2349,3468 2394,3465 2438,3465 2483,3465 2528,3465 2573,3462 2617,3462 2662,3462 2707,3462 2752,3462 2797,3456 2841,3450 2886,3453 2931,3447 2976,3450 3020,3450 3065,3450 3110,3447 3155,3447 3200,3447 3244,3447 3289,3447 3334,3447 3379,3447 3423,3447 3468,3447 3513,3447"/>
                <TextEquiv>
                    <Unicode>te ihm den Arm und beeilte sich mit ihm</Unicode>
                </TextEquiv>
            </TextLine>
            <TextLine id="tr_2_tl_10" custom="readingOrder {index:9;}">
                <Coords points="773,3688 2167,3625 2315,3716 2912,3600 3425,3625 3428,3488 776,3555"/>
                <Baseline points="797,3659 838,3653 883,3650 928,3644 973,3641 1017,3641 1062,3641 1107,3638 1152,3638 1197,3635 1241,3635 1286,3635 1331,3635 1376,3635 1420,3638 1465,3635 1510,3635 1555,3635 1600,3635 1644,3632 1689,3632 1734,3632 1779,3629 1823,3626 1868,3626 1913,3626 1958,3623 2002,3623 2047,3623 2092,3623 2137,3620 2182,3617 2226,3617 2271,3614 2316,3608 2361,3608 2405,3605 2450,3605 2495,3602 2540,3600 2585,3600 2629,3597 2674,3600 2719,3600 2764,3600 2808,3597 2853,3597 2898,3597 2943,3594 2988,3597 3032,3597 3077,3594 3122,3594 3167,3591 3211,3588 3256,3588 3301,3588 3346,3588 3391,3585 3435,3585"/>
                <TextEquiv>
                    <Unicode>in einen anderen Saal zu kommen. Das</Unicode>
                </TextEquiv>
            </TextLine>
        </TextRegion>
    </Page>
</PcGts>
