6504 5064
656 563 2946 734 Eines Tages las er in der Zeitung den Tod des Freiherrn von Reutern angekündigt.
501 718 2946 818 Das war ein Trost für ihn. Ja man stirbt schließlich doch. Es kam ihm vor, als wenn er
501 805 2991 912 an diese angenehme Lösung ganz vergessen hätte. Nun gab es nur einen mehr, der die
501 876 2962 983 Geschichte jenes Abends kannte, den Grafen Spaun. Waldein haßte ihn. Einmal bestürzte
504 941 2962 1087 ihn der folgende Gedanke: Wie, wenn Graf Spaun, plötzlich verarmt, sich an ihn erinnerte
514 1048 2965 1171 und zu ihm käme mit den Worten: Mein lieber Weldein, ich hab Dich reich gemacht, gib
511 1129 2943 1239 mir einen Teil von Deinem Reichtum... Der Gedanke ließ ihn nicht mehr los. Er
508 1213 2965 1329 zitterte vor dem Grafen Spaun. Und wie, wenn dieser es einmal in einer lustigen Stunde
514 1290 2965 1400 seinen Freunden erzählte! Und die kämen zu ihm — alle — lustig, höhnend! Heda, Herr
521 1358 2952 1481 Anstreicher, nicht so karg! Man läßt sein Weib und seine Kinder nicht hungern, wenn man
514 1455 2952 1559 Geld im Kasten hat! Und er, was könnte er sagen? Ich hab es nicht im Kosten — ich
521 1520 2962 1652 hab's, — ich weiß nicht wo? Wer glaubt solchen Unsinn! Dann überlegte er wieder: das
508 1630 2946 1720 Beste wäre, er suchte den Grafen auf und teilte ihm sein Misgeschick mit!.. Sein Mis¬
508 1720 2885 1824 geschick! Mehr als das! Das tollste Unglück, das je einem Menschen widerfahren war.
669 1759 2952 1895 Aber was kümmerte sich die Welt, die Zeit um ihn! Er stand auf seiner Leiter und
508 1866 2946 1998 strich an. Die Haare an seinen Schläfen wurden grau; er wurde dick, begann an schwerem
508 1960 2073 2060 Atem zu leiden und Hustete. Die Trinker werden früh alt.
673 1995 2959 2141 Als sein Sohn zwölf Jahre alt war, starb die Mutter. Sie war nicht lang im
501 2112 2956 2212 Bett hingesiecht; sie legte sich erst hin, als sie bald sterben mußte. Sie war mild und gut
514 2196 2956 2312 die letzten Tage; sie küßte die Hand ihres Mannes, der neben ihrem Bette saß; fie
514 2286 1407 2399 streichelte die Haare ihres Buben.
669 2341 2952 2471 „Geh, Karl“, sagte sie noch an ihrem letzten Lebenstag.. „laß den Buben doch
508 2441 2939 2548 werden, was ihm Freud' macht.. er wird schon mehr Glück haben, als Du und ich.".
508 2532 2952 2636 Beide weinten still an ihrem Bette; der Junge kniete und der Mann saß auf einem
514 2600 2943 2716 wackeligen Stuhl, der manchmal knackte. Und der Abend kam, ein Frühlingsabend, so mild,
514 2703 2952 2810 so maienduftig, wie jener verhängnisvolle Abend vor sechs Jahren. Weldein dachte daran..
508 2787 2965 2885 er sah sich wieder auf jener Brücke stehen und hörte die Wellen rauschen, den Regen herab¬
508 2865 2946 2965 tropfen. Er hatte schon zwei Nächte gewacht,... nun schlief er ein... Ganz dunkel
501 2956 2949 3056 war es, als er aufwachte; der Junge hatte ihn leise und ängstlich gerüttelt. „Was gibt's“,
514 3007 2936 3140 fragte Weldein... Kein Atemzug mehr vom Kopfpolster her.. „Ein Licht zünd an“
495 3117 2965 3218 rief er mit verhaltener Stimme, aufspringend und sich zu seinem Weib herniederbeugend. Er
501 3195 2946 3305 rief: „Du.. Du, Du. Du.. hör doch?“ Der Knabe kam mit dem Licht. Er traute
508 3285 2965 3395 sich nicht ganz heran. Der Vater nahm ihm das Licht aus der Hand und hielt es zum
501 3366 2959 3489 Kopfende des Bettes hin. Eine Minute vielleicht starrte er auf das blasse Gesicht, das auf
508 3437 2965 3541 dem weißen Polster lag. Hinter ihm der Bub weinte... Veldein stellte das Licht auf das
508 3515 3091 3651 Nachtkästchen, wandte sich um zu ihm, und leise sagte er: „Hast recht, Franz, daß Du weinst;
514 3625 1032 3751 die Mutter ist tot."
663 3822 2959 3974 Der junge Weldein wollte Maler werden, und sein Vater war stolz darauf. Er
495 3945 2952 4058 mag erreichen, was mir nicht geglückt ist, dachte er. Aber die erste Zeit war schlimm
508 4042 2965 4142 genug! Die Künstlerschaft fing damit an, daß man den Jungen aus der Schule jagte.
495 4129 2959 4230 Er taugte nichts; er zeichnete während der Schulstunden und kümmerte sich nicht um die
511 4194 2969 4301 Dinge, die man von ihm verlangte. Und zu Hause! Da saß er zuweilen vor einem Blatt
521 4278 3001 4388 Papier und übte sein talent; meist aber stand er müßig beim Fenster und starrte in die
508 4356 2972 4459 Luft. Dann ging er auch hinunter in den Hof, tollte herum mit den Buben und Mädeln.
514 4453 2952 4560 Spät abends erst kam der Vater; — nach der Arbeit das Wirtshaus, dann die Familie. — Und
492 4485 3095 4673 manchen Abend, wenn das Geld für die Schänke nicht mehr reichte, dann nahm er wohl
3564 537 6028 705 den Jungen mit sich und spazierte durch die Straßen der Stadt. Und beinahe jeden Tag
3577 686 6028 802 denselben Weg... vor dem Klub vorbei, durch die lange Straße.. links.. links. und
3583 737 6037 867 zum Flusse hin. Und er dachte: „Was hätte aus ihm werden können, wenn ich das Geld
3577 844 6031 957 hätte! Und jetzt wird er sich plagen müssen, bis man überhaupt bemerkt, daß er da ist.
3577 912 6041 1012 er wird verhungern, bevor er was Großes geworden.“ Und sie wanderten zusammen am Ufer
3577 1009 6028 1116 des Flusses hin und her, arm beide, der alternde Vater mit den halberloschenen Augen in
3583 1106 6041 1187 dem aufgedunsenen Gesicht und der Jüngling an seiner Seite mit dem sehnsüchtigen Blick
3583 1158 6041 1277 Und manchmal sah ihn der Vater an und dachte, wie er selbst einmal so Herrliches gewollt und
3583 1248 6041 1348 wie die Welt vor ihm schön und weit dagelegen. Und noch einmal, später, an jenem Abend, wo
3583 1345 6047 1429 er reich geworden, ja, noch einmal so schön und weit. Und von neuem ergriff ihn eine stille
3589 1423 6047 1539 Verzweiflung.. wollte es denn nicht enden? Und dabei zog es ihn immer denselben Weg zur
3580 1484 6070 1623 selben Brücke. Oh, es war besser, sich betrinken, als immer daran denken müssen!. Der
3586 1575 6060 1682 Franz zeichnete und malte weiter, Köpfe zumeist, in denen ein gewisser leidenschaftlicher Aus¬
3589 1672 6044 1795 druck steckte; der Vater glaubte Talent darin zu sehen; ja er sagte ihm einigemale...
3589 1766 6054 1876 „Geh hin, zeige sie in der Akademie, vielleicht nehmen sie Dich auf!...“ Aber der Junge
3577 1846 6034 1931 entschloß sich nicht dazu; die Blätter wurden verstreut, und er selbst that Wochen und Monate
3589 1918 6047 2018 lang ichts, gar nichts.. Dann kam es dazu, daß er dem Vater manchmal bei der Arbeit
3580 1976 6070 2108 aushalf. Und es geschah auch, daß er mitten in der erbärmlichen Anstreicherei seinen wahren
3583 2086 6050 2186 Genius erwachen fühlte, den groben Pinsel, die Farben, den ganzen Taglohn hinwarf, nach
3593 2167 6063 2264 Hanse eilte und sich ins Zimmer verschloß, um zu zeichnen oder zu malen. Da saß er
3593 2241 6057 2351 stundenlang und es war ihm, als müßte er etwas Großes, Herrliches vollenden. Und wenn
3577 2325 6057 2435 es zu Ende war's wieder mißlungen. Er warf das Zeug in eine Ecke, und es begann
3593 2422 6054 2555 wieder eine Zeit des Nichtstuns, in der er sein Geld in Gesellschaft leichtsinniger Kameraden
3593 2496 4220 2629 vertrank und verspielte.
3767 2519 6054 2678 So vergingen die Monate und Jahre, und der Hausstand von Wel dein Vater
3577 2645 6044 2771 und Sohn fristete ein armseliges Dasein von Tag zu Tag. Und einmal, Franz stand damals
3599 2736 6054 2852 im zwanzigsten Lebensjahre, kam er früh morgens nach Hause, als die Sonne schon in die
3593 2830 6063 2917 Stube hereinblickte. Der Vater lag nicht im Bette; er lag auf der Erde, atmete schwer,
3593 2901 6057 3014 das Gesicht war rot; die grauen Haare, verwirrt, hingen in die Stirne herein. Franz
3606 2985 6054 3098 schaute ihn lange an. Ihn schmerzte der Kopf; auch er war von einer durchschwärmten
3589 3053 6057 3169 Nacht heimgekehrt; hatte seine letzten paar Groschen verspielt, wie sie sein Vater vertrunken
3606 3143 6057 3266 hatte.. Ein leichter Schauer durchfuhr den jungen Mann. Velch ein Leben lag vor ihm!
3596 3218 6070 3344 Welch ein leeres, elendes Leben! Und nach einer Weile rückte er sich den Tisch zum Fenster
3599 3328 6060 3437 hin, und auf ein Blatt Papier begann er eine Skizze hinzuwerfen.. Anfangs ging die
3599 3399 6063 3531 Arbeit nicht recht von der Hand; als die Stunden weiter rückten, ward es besser. Er empfand
3606 3480 6070 3609 es, das mußte was Rechtes werden. Und immer weltvergessener arbeitete er fort, als wäre nichts
3589 3554 6063 3661 um ihn, was ihn kümmern könnte. — Das Blatt Papier war zu klein... er zerriß es,
3599 3654 6070 3754 nahm ein größeres und begann von neuem. Und die Begeisterung mit all ihren Wundern
3606 3716 6086 3855 kam über ihn... Die Arbeit ward ihm so leicht, es war gar keine Mühe mehr. Und die
3599 3826 6060 3932 Stunden verrannen, der späte Nachmittag war da.. Die Skizze war vollendet.. Ein
3589 3880 6079 4000 kleiner Wirtshaustisch, um ihn herum ein paar Trinker und Spieler, das war alles. Und
3606 3978 6083 4097 am besten, wie gewöhnlich, war ihm der Ausdruck der Leidenschaften in den Gesichtern ge¬
3606 4045 6073 4191 lungen. Er betrachtete sein Werk mit glühenden Augen. Das war wenigstens ein Stück
3606 4146 6067 4269 von dem, was er gewollt. Er wandte sich um, sein Vater stand hinter ihm. „Guten
3599 4239 4466 4359 Morgen... Franz," lallte er.
3767 4275 4818 4440 „Guten Abend“.. erwiderte Franz. —
3764 4353 6070 4527 „Ah — schon Abend.. das war ein gesunder Schlaf.“ Er lachte. „Es war lustig
3593 4488 6070 4673 gestern.. ja.. Und Du hast wieder einmal was gemacht? Laß schauen.. So...“ Er
