3816 4472
962 211 1284 426 brück.
2170 263 3299 474 Er betrat die Brücke
938 370 1973 516 Bau vorstellte.
1000 502 2973 651 Sie eben ein schwerer Wagen wollte
935 592 3427 824 Das Geräusch verlor sich. Stille ringsum
900 713 3479 948 nur der Regen und die Wogen da unten
1686 834 2149 938 Geländer
935 900 3434 1080 Und am Gebäude lehnend schaute er h
886 983 3586 1211 nab. rathlos, bebend... Was hat mich hieher
890 1104 3614 1343 geführt.. Mußte ich nicht hieher! Und jetzt
1281 1260 3634 1461 Immer blickte er hinab?  es schrächlich
1301 1416 3593 1623 Plötzlich ein schauerlicher Gedanke, daß
883 1374 1156 1603 ihn.
890 1530 3603 1755 er zusammengeckte "Vielleicht". hab ichs in
896 1661 3541 1890 Wasser geworfen. Und er begann wie
817 1817 3548 2011 ein Kind zu wimmern. In's Wasser ge¬
834 1924 3530 2091 worfen? weil ich betrunken war. Be¬
855 2066 3617 2239 trunken hab ich mich! Und warum denn
865 2198 3600 2406 Da oben! Hätte ich nach nicht mäßigen
851 2326 3627 2485 können... Und warum hab ich’s denn ver¬
862 2447 3603 2648 stewen wollen? Vor meiner Frau? Vor
865 2624 3589 2786 dem Kind? Hätten sie mir's denn gewoh¬
862 2745 3569 2880 len? War ich denn verrückt!... Was
845 2890 3624 3067 hab ich denn gethan... Was hab ich dem
841 2977 3465 3198 gethan. Ich weiß doch, daß mich das
910 3126 3631 3319 Trinken verwirrt macht.. Da drinn da
869 3229 3472 3489 unten das Geld! Spring nach Waldein,
914 3368 3499 3593 Du Dummkopf, du Trunkenhold, du ver¬
3243 3492 3534 3728 Schift
