3224 4168
306 210 2937 498 es dort sein!.. Ich sehe es. Ich sehr auch, wi¬
319 388 2885 639 ich es unter die Steine legte. Man wird es
357 536 2899 725 dort nicht weggetragen haben.. nein.. du
295 660 2933 890 wirst es finden, du wirst reich und glücklich
285 848 598 1048 sein.
447 886 2666 1099 „ Vater... gewiß!“ du träumst noch.
423 1013 2903 1240 „Nein! ich träume nicht!... ich weiß x.
433 1134 2944 1412 „Nun ja, aber der Weg ist lang unter der
271 1285 735 1508 Brücke.
2490 1336 3023 1539 beim grei.
450 1371 1886 1594 " Oh nein, nicht lang..
285 1470 2975 1693 ten Pfeiler auf den ersten Schlag mit dem
1965 1635 2133 1707 8
295 1625 2253 1876 Hammer mußt du's finden.
440 1731 2906 1985 Franz griff sich an den Kopf; er verstand
261 1886 1944 2161 das Ganze noch nicht recht.
419 1972 2446 2257 „Mein Sohn... rasch... geh hin!
416 2209 948 2387 " Jetzt
591 2178 2951 2514 Ja, jetzt – weil es Nacht ist. Meinen Ar¬
261 2325 2964 2593 beitskittel einen.. und den Hammer, der
278 2477 3040 2765 draußen liegt.. neben dem Ofen.. ja... geh¬
275 2617 2961 2920 gleich... ich will es noch sehen.. in ein Tuch
316 2731 2999 3074 ist es eingebunden, Papier und Geld. Geh.
581 3002 714 3109 a
502 2944 3009 3287 Der Sohn stand auf, seiner Sinne nicht mäch¬
319 3037 519 3219 geh
330 3098 2854 3411 tig, er eilte hinaus. Im Vorzimmer sagte
2449 3274 2971 3462 Vater
313 3301 2123 3555 der Wärterin: „Gehe Sie hinau¬
1917 3390 3057 3645 Bruder holen. rasch.
1250 3421 1814 3665 muß sei
938 3469 1226 3699 " xxx
392 3507 934 3693 ist schlecht
