3720 4536
792 334 3448 541 Abenteuer wurde iste unangenehm. „Wenn
789 483 3485 727 er mir jetzt zusammenfällt, der Trunke
796 625 3394 810 hold“, dachte er. Und während er ein
799 785 3547 996 unendlich verbindliches Gesicht machte, sagte
810 894 3536 1079 er: „Jetzt schauen Sie, daß Sie fort kom¬
785 1057 3496 1283 men... ich führe Sie bis zur Thüre.
839 1188 3477 1414 Nein, nein, bis hinunter zum Thore.
828 1319 3463 1559 Der andere lachte immerfort. In der
2718 1464 2929 1559 my
512 1475 3434 1675 Getrieb Hand nahm er den Mantel; der Graf
792 1606 3499 1850 warf den seinen einfach um die Schul¬
1246 1744 1581 1860 mach
818 1748 3492 1995 tern, Dein Freiherrn, der den beiden
810 1940 3445 2111 gefolgt war, rief er zu: "Bleibe, ich
854 2035 3412 2282 komme gleich zurück! Und nun
814 2184 3536 2366 führte er den Anstreicher über die brei¬
810 2315 3463 2500 te mit Teppichen bedeckte Treppe hinab
810 2482 3568 2689 ohne ein Wort mit ihm zu sprechen.
832 2609 3485 2834 Er hatte ein Gefühl des Widerwillens
847 2783 3517 2936 das er sich nicht recht erklären konnte.
868 2900 3430 3118 Er haffte diesen Menschen, den er reich
858 2987 3565 3278 gemacht. Sie standen unten beim offenen
916 3150 3532 3394 Thore. Die Strasse vor ihnen war mein
868 3321 3467 3521 schenleer. Die Laternen brannten hell¬
839 3434 3583 3717 eine herrliche milde Luft wehte durch die Nacht¬
