3736 4616
3419 140 3569 266 15.
817 358 3341 586 nicht verläßt, setzte der Graf fort.
915 526 3440 719 Vielleicht ist ein solcher Tag heute für
761 722 3447 912 Sie. Wollen Sie Ihr Glück heute weiter
761 831 1557 1045 versuchen..
898 961 3510 1189 Welden sah ihr frageren. „Und wenn
1522 1083 1627 1206 "
747 1108 1620 1332 ich wollte!
975 1238 3447 1455 „Nun, wenn Sie wollten, so möchte ich
782 1371 3548 1588 Sie in den Club führen, in unsern adli¬
764 1497 3531 1750 gen Club.. wo Sie sehr viel gewinnen
768 1662 1343 1820 können.
978 1771 3450 2009 Eine sonderbare Idee, sagte der Freiherr
764 1925 1641 2093 von Reutern.
985 2051 3033 2262 „ Aber herr Graf, meinte Waldein¬
982 2174 3496 2346 „ Ich bitte - erwiderte der Graf - „die
754 2293 3541 2514 Sache ist so einfach, wie mir möglich, Sie interessiren
757 2451 3534 2630 mich, Herr Waldein und auch das Spielerglück
726 2577 3447 2714 als solches und seine geheimnißvollen können
750 2710 3450 2917 interessirte mich. Betrachten Sie die Sache als
757 2844 3513 3047 einen Versuch, zu dem ich Sie, herr Waldin,
715 2984 3503 3173 benöthige. Sie kommen zu mir – ein Gewand
743 3096 3517 3261 von mir wird Ihnen wohl passen - ich führe
740 3205 3552 3450 Sie als einen Freund aus... meinetwegen aus
761 3352 3482 3569 Amerika ein, der morgen wieder abreist. Sie
761 3499 3482 3699 setzen sich mit mir an den Tisch. Sie machen
