3912 4392
1158 380 3820 601 wußte, wo er sein Geld liegen hatte. Köstlich
1161 487 3747 801 nicht. Ich - Und auf dem Todtenbette fiel
1191 724 1725 907 ihm ein.
1355 751 3697 1038 „Wie? Was ist das für ein Mährchen?
1351 924 3817 1144 „Nein. Wahrheit, Herr Graf. Und dieses
1148 1058 3713 1224 Leben! Die ewige Qual.. als reicher Mai
1134 1211 3817 1401 darben zu müssen.. Und ich! Plötzlich fiel
1151 1341 3810 1548 es mir zu.. Und ich stand da als ein A
1131 1478 1988 1688 abhängiger..
1355 1561 3290 1812 „Wohin führen Sie mich denn?
1348 1725 3813 1888 „Kommen Sie nur, wie sind bald dort
1338 1905 3787 2088 „Ja was wollen Sie denn jetzt dort.“
1331 2015 2262 2165 " Eine Lauen".
1518 2115 3817 2315 Eine Weile eilten sie schweigend weiter
1301 2255 3316 2472 Sie waren am Ufer "angelaugt.
1421 2362 2579 2556 „Da - die Brücke.
1421 2502 2953 2712 „ Nun! fragte der Graf.
1425 2626 3713 2879 „Folgen Sie mir nur? Und er eilte
1128 2772 3790 2996 Weg hinab... unter die Brücke.. Er warf¬
1131 2933 3817 3056 neben dem Pfeiler zu Boden und rief au
1208 3039 1912 3183 „ da! Da!
1388 3149 1998 3336 " Wie -?
1358 3273 3740 3536 „ hier war es... hier grub ich es aus¬
1214 3400 3320 3663 Und.. Sehen Sie... Sehen sie doch?. —
3436 3540 3707 3663 1-2
