3240 4264
3021 143 3139 341 9.
1849 198 2659 435 leihe und festig
462 320 3101 563 zurück und sagte, sich mit Gast zu dem
417 487 3101 709 sungen Waldein... „Seit wann wisse.
414 601 3080 827 Sie? Seit seiner letzten Stunde. Also
414 747 3146 987 doch. Ich dachte es ja. Anfangs meinte ich
372 928 3080 1147 er hätte es verspielt und verthan..
414 1036 3156 1227 Also versperrt? Weil und sind darbe
403 1182 3070 1415 lassen. Ein Geistesmord  Einheisheit worden.
629 1342 3052 1554 „ Mein, Herr Graf.. nicht das. es
400 1467 3035 1735 war anders... Später will ich Ihnen
414 1616 3139 1908 davon erzählen.. genug, daß ich geerbt
403 1766 3097 2034 habe, daß ich es besitze. Ohne weiter
362 1981 3153 2190 ein Wort zu sprechen, kam der Graf mit
382 2141 3125 2343 dem Künstler auf den Spieltisch zu, und
400 2235 3143 2503 sagte: „Meine herren, unser junger Frau
358 2395 3122 2611 der Maler Waldein, den Sie ja alle ken¬
403 2555 3122 2802 nen... möchte um die Ehre bitten ein
379 2708 3073 2983 mal an Ihrer Partie theilnehmen zu
379 2868 921 3035 können.
563 2983 3056 3261 Mit Vergnügen.. gewiß, bitte sehr
563 3153 3083 3452 hierher? so klang es ihm entgegen
417 3334 2423 3546 Und da saß er. Es war wahr!
