3736 4600
2327 270 3322 555 Und du-  runde
775 292 2079 580 kein, keinen Grosche
699 497 2284 724 er sich an den nächsten.
760 548 3311 868 " Ich habe ja auch kein Geld mehr
749 731 3332 987 „ Und du... fragte er den dritten.
638 897 3397 1182 „Auch du hart nichts mehr u. Nun, dann
677 1056 3484 1301 können wir zu aufhören.. Guten Abend
674 1218 3433 1437 Er warf die Karten auf den Tisch, stewte
652 1355 3329 1596 sein Geld ein, stand auf und wandte
666 1430 3566 1754 sich zu den zwei jungen Adligen, die eben
659 1625 3455 1949 das Geld für ihren Wein, den sie nicht
684 1801 3397 2104 berührt hatten, dem Wirth auf die Hand
652 2028 1214 2277 zählten.
951 2075 3498 2352 „ Ich danke... sagte er - „ Ihr Geld hat mir
742 2248 3505 2565 Glück gebracht. Wenn bin ich es eigentlich schul¬
760 2388 3538 2659 dig -. Er erinnerte sich nicht, welcher der
764 2561 2943 2810 beiden es ihm vorgestreckt hatte —
973 2677 3566 2918 „Kommen Sie mit uns, erwiderte der jün¬
814 2871 3530 3087 gern, „wir wurden das auf der Straße aus¬
782 2997 3426 3228 gleichen ich möchte noch mit Ihnen reden.
1052 3109 3541 3419 Der schwarzbärtige nahm seinen Hut vom
825 3340 3469 3574 Nagel und, ohne ein Erstaunen über sein
