3256 4152
268 285 2954 539 kunstverständig und gewiß von viel Phan¬
278 469 761 619 tasie.
389 480 2860 792 "Phantasie... jedenfalls.. hat er nach
261 733 1195 938 nur gefragt.
410 789 2995 1063 „Nach die Vater? Widerholte der Sohn
278 990 858 1202 lächelnd.
368 1011 2975 1331 „Nun, nicht nach mir, aber so nach der
271 1244 876 1435 Familie
386 1300 2978 1494 „Ja, so beiläufig. Ob die Eltern noch le¬
264 1453 2749 1682 ben, ob ich aus reichem Hause sei.
372 1626 2252 1831 „Und du hast geantwortet?
389 1731 2971 1988 „Wie merkwürdig du mich fragst! Die
285 1880 2005 2116 Wahrheit hab’ ich gesagt.
420 2040 2964 2234 „Er war wohl sehr erstaunt, der Graf.
2036 2137 2137 2307 "
420 2165 2036 2373 „ Erstaunt -? Warum.
1230 2266 1359 2391 es
400 2273 2822 2512 „kun, daß ein junger Mensch aus
288 2401 2808 2631 10 armen Hause so weit gebracht hat.
420 2540 2936 2783 " So weit? x Glaubst du das wirklich
268 2735 810 2895 Vater?
441 2759 2964 2985 „ Nun ja! Man kennt doch deinen Na¬
247 2922 3034 3082 men. Man sagt doch: Der Maler Waldein.“
330 3030 2975 3294 der junge Mann lächelt wieder. Mit ge¬
208 3183 2888 3374 linder Wehmuth erfüllte ihn, was er für
208 3266 2999 3583 väterliche Eitelkeit hielt... Er trat vom Tisch
2631 3451 2995 3677 Facister
