3704 4536
1114 254 2118 493 finden diese da¬
936 464 1632 625 lieben wie
1682 443 1811 618 me
761 575 2707 832 befühle der Sättigung nach ihrem
696 721 3161 932 male, wie wir nach unsern ausgesuch¬
743 843 3153 1089 gerichten. Beräuschen sie sich nicht an Sohn
829 1018 3193 1239 Er wir am Champagner, - lieben uns
2636 1114 2850 1221 diese
2828 1136 3318 1332 da ich
636 1150 2711 1336 sere Maitressen anders, als ein
650 1254 3328 1511 Dirnen. Und wenn sie sich zu den Karte
664 1428 3414 1618 setzen, derselbe Wahnsinn, der uns paivt
661 1532 3286 1807 die wir gewohnt sind, mitten in diese
646 1693 3418 1946 Wahnsinn die Kaltblütigen zu spielen. Wo
636 1818 3503 2089 wäre der Reiz der Karten, wenn wir wirk¬
682 1996 2186 2257 lich ruhig wären...
907 2107 3436 2382 „Sieh doch, rief der ältere in diesen
704 2307 1878 2557 Augenblick aus.
925 2411 3475 2682 Sie waren am Ende der Sawgasse an¬
704 2571 3328 2843 gelangt und befanden sich vor der offen¬
1603 2721 3461 3011 schlicht erleuchteten, schlecht ge¬
693 2753 1496 2978 Thüre einer
1268 2871 1582 3025 beinahe.
693 2911 3353 3136 haltenen leeren Wirtostube. Und nahe der
707 3039 3386 3321 Thère saß eine Gesellschaft ärmlich gebließ
3211 3221 3436 3428 wurde
696 3214 2678 3400 deter Männer, es waren der
689 3353 2657 3628 vier, welche Karten spielten
