6504 4968
503 345 2966 556 Kranken legte, horchte, wie er den Puls griff, die Atemzüge zählte. Nach einigen Minuten
503 509 1684 634 schien die Untersuchung zu Ende zu sein..
649 603 1547 736 „Gefährlich?“ fragte der Sohn.
652 683 1774 795 „Ihr Vater hat eine Lungenentzündung."
655 724 2367 867 „Lungenentzündung... da kann man ja davon kommen.. „
662 789 2954 1006 „Gewiß kann man. Aber es scheint.. Ihr Vater war ein Liebhaber von geistigen
497 932 1246 1062 Getränken.. nicht wahr?"
674 982 1684 1137 „Allerdings. Hat das einen Einfluß?“
674 1000 2957 1230 „Leider ja, Herr Weldein. Im übrigen ist noch kein Grund da, zu verzagen. Nun
581 1174 1376 1311 wir werden weiter sehen..“
680 1236 1575 1385 „Also gefährlich“, flüsterte Franz.
668 1264 2951 1454 Der Arzt antwortete hierauf nicht weiter, gab dann Anordnungen und Ratschläge.
497 1392 2966 1525 Aufmerksam und traurig hörte der junge Mann zu. Mit herzlichen Worten nahm der Arzt
516 1472 2970 1606 Abschied und Franz blieb allein bei dem Kranken zurück. Es war ein Augenblick gekommen,
513 1572 2966 1684 wo dem Alten das Bewußtsein teilweise wiederzukehren schien, und er nahm wie im Traum
497 1646 2942 1783 die dargebotene Hand seines Sohnes in die seine. „Willst Du etwas?..Vater.Willst
509 1727 2970 1851 Du etwas?“ Dieser bewegte die Lippen.. Der Sohn beugte sich hernieder, um etwas von
509 1814 2948 1941 den Lippen herablesen zu können. Aber ganz vernehmlich, nur heiser stieß der alte
513 1882 2951 2059 Weldein jetzt das Wort hervor: „Trinken!“.. Dann begann er zu Husten, lange und
531 2013 895 2143 qualvoll
1693 2125 1858 2258 VII
680 2187 2957 2351 Die ersten Tage war es noch leidlich gegangen; in der dritten Nacht aber ver¬
513 2327 2966 2435 mehrte sich der Husten, das Stöhnen wurde angstvoll, der Ausdruck des Gesichts verfallen.
519 2410 2960 2522 Dabei sprach der Kranke im Schlaf, wollte aus dem Bett springen. Nicht einmal, zehumal
525 2497 2966 2622 vielleicht; erst gegen Morgen wurde es besser. Auch der nächste Tag war schlecht. Am Abend
513 2563 2966 2693 des fünften sagte der Arzt zum Sohne: „Mein lieber Herr Waldein, es steht ernst. Sie müssen
519 2650 2976 2783 sich gefaßt machen; es ist meine Pflicht, Ihnen das zu sagen." — „Gesaßt..“ wiederholte
525 2724 2951 2864 Franz tief bestürzt.. „gefaßt.“ „Nur Ruhe, lieber Freund... Sie sind ja ein Mann."
519 2830 2963 2957 Damit ging er... Der junge Weldein stand da, festgebannt, ihm nachstarrend.. minuten-
525 2917 2994 3053 lang. Das Licht zu Häupten des Kranken flackerte, in der Mitte des Zimmers auf dem
525 3016 1715 3153 Tisch stand eine schlecht brennende Oellampe
686 3057 2979 3193 Franz ging ein paar Mal im Zimmer hin und her, als hätte er was zu suchen, dann
522 3147 2976 3280 stellte er sich ans Fußende des Bettes, die Arme auf die Lehne desselben stützend; er war
519 3249 2973 3380 todesmatt, manchmal dem Einschlummern nahe... da ward sein Arm müde, und das
525 3308 2976 3429 Bettgestell knackte.. Er schrak zusammen und entfernte sich wieder. Auf eine Weile ging er
519 3411 2970 3516 in den Gang, wo durch das offene Fenster frische Luft hereinströmte. Der volle Mond¬
531 3473 2973 3603 schein glänzte auf den Steinflies. Etwas Schmeichelndes, Tröstendes lag in dem weichen
531 3557 2970 3693 süßen Glanze. Da kam dem jungen Manne der Einfall, im Zimmer des Kranken dieses
522 3644 2976 3793 Licht sich verbreiten zu lassen, und so begab er sich wieder in die Stube und ließ die nieder¬
525 3740 3004 3855 gelassenen Fenstervorhänge hinauf... Und es flutete herein, über das Fensterbrett, iJber
537 3805 2976 3945 den Fußboden, über das Bett, und die weißen Linnen erschimmerten blau. Daraus hervor
537 3908 2982 4038 glänzte das abgezehrte Gesicht des Alten ganz blaß — so bloß... Und die Lippen ganz
537 4001 2988 4100 weiß... Und auf dem Kasten die leeren Medizinphiolen schillerten.. Der junge Weldein
519 4063 2988 4200 blieb beim Fenster stehen, müd, traurig, ohne Macht. Und jetzt, gerade jetzt, das erstemal
550 4134 2976 4271 seit der Krankheit seines Vaters, dachte er an etwas anderes, als an den Kranken
531 4228 3001 4355 selbst. — Das Bild erschien wieder vor ihm, und er sah sich selbst vor der Staffelei
519 4321 2991 4451 sitzend... malen. Und Strich für Strich entwarf er es im Geist... Und er vergaß auf
4880 242 5048 385 17
3700 351 6163 553 einige Augenblicke alles andere ringsum... Plötzlich hörte er die Stimme seines Vaters.
3696 491 6166 649 Er war aufgewacht! — Er sprach! War's möglich? Und noch einmal: „Franz! — Mein
3709 559 6172 714 Sohn!«— „Du rufst, Vater? Vater!“ Und schon stand er beim Bett, die Hand des
3696 646 6166 817 Kranken ergreifend, der ihn mit großen Augen ansah, aber nichts mehr redete. „Du willst
3696 783 4169 901 etwas, Vater?"
3864 783 6178 966 Der alte Weldein neigte den Kopf. „Wie? Was meinst Du?“ fragte Franz. Und er
3712 935 6200 1069 setzte sich auf die Bettstatt, mit fragendem Blicke den Kranken betrachtend. „Ein Wunder,
3712 1025 4846 1171 mein Sohn, ein Wunder" — sagte dieser.
3889 1093 5225 1233 „Wie? Du fühlst Dich wieder wohl — gesund?“
3870 1143 6153 1302 „Nein.. o nein — ich werde sterben... aber.. 0. wenn ich's nur sagen kann.“
3709 1239 6157 1379 Und er schloß die Augen, holte tief Atem; mit aller Macht schien er das entweichende
3724 1367 4457 1491 Leben festhalten zu wollen.
3895 1364 6166 1547 „Mein Sohn.. komm näher heran.. Näher zu meinem Mund.. ein Wunder..
3712 1519 6138 1671 zwanzig Jahre hatte ich's vergessen, in dieser Stunde kommt mir die Erinnerung. Höre
3901 1609 4343 1721 „Ich höre...“
3905 1640 5585 1805 „Franz, Du bist reich.. Ein Schatz für Dich liegt vergraben.
3889 1743 6191 1861 Mitleidig und erschrocken blickte der Sohn auf den Kranken.. nun war es klar: der
3724 1820 6188 1948 Alte sprach im Fieber. Aber der merkte den Ausdruck im Antlitz seines Sohnes und sagte:
3731 1926 6185 2047 „Ich spreche die Wahrheit.. ein Schatz.. bei der Brücke.. Löwenbrückel.. Ich habe
3737 1991 6088 2165 Geld gewonnen.. hab es vergraben; im Klub hab ich's gewönnen und dann versteckt."
3898 2097 4588 2230 „Im Klub? Du, Geld?"
3901 2122 6185 2283 „Ja, Graf Spann.. Du wirst ihn fragen.. er wird es Dir erzählen, wie er mich
3731 2233 6178 2395 mitnahm eines Abends und ich soviel gewann.. Und getrunken hab ich — viel — sehr
3731 2333 6185 2473 viel.. Und das Geld dann versteckt. Ich habe vergessen, wo.. es war ein Elend.. Du
3743 2414 6029 2535 weißt, was für ein Elend es war. Dieses ganze Leben lang.. Uud jetzt — jetzt..
3905 2454 6188 2609 Er hatte sich im Bett aufgerichtet; seine Stimme war kräftiger geworden; kræftig selbst
3749 2556 6203 2761 der Druck seiner Hand, mit dem er die seines Sohnes umklammert hatte, der atemlos
3749 2687 4007 2799 lauschte.
3905 2693 6194 2883 „Jetzt — plötzlich — wie ich so dalag, ist es wieder in mir aufgewacht. Diese ganze
3746 2842 6172 2966 Nacht! Die Brücke, ja! Die Bräcke.. Es war dort, ich wußte es ja! Unter der Brückte.
3749 2889 6200 3032 unter den Steinen.. ein Hammer lag daneben.. ich riß das Erdreich auf.. ich vergrub
3762 3004 6259 3147 das Geld und mit dem Hammer schlug ich drauf.. darum rauschte es und hallte wieder."
3923 3063 6191 3209 „Vater! Wo ist das? Ich verstehe Dich nicht! Ein Schatz.. unter der Brücke, wo?“
3752 3116 6216 3311 „Die Löwenbrücke.. der Weg diesseits unter der Brückse, knapp am Flusse.. zu dieser
3762 3234 6219 3376 Jahreszeit zwei Schuh breit vom Wasser weg. Da geht ein schmaler Weg zur Landungsstelle
3768 3333 6231 3463 ... gepflastert. Damals wurde eben gearbeitet, es war kaum vollendet. Mit einem Hammer
3774 3417 5194 3588 schlug ich das Pflaster auf.. Dort liegt das Geld!"
3936 3526 4305 3641 „Aber...!“
3923 3550 4902 3703 „Du glaubst es nicht. Es ist so.!
3936 3684 4669 3802 „Unter der Löwenbrücke?"
3942 3706 6231 3880 „Unter dem gepflasterten Weg.. gewiß wird es dort sein!.. Ich sehe es. Ich se he
3759 3827 6259 3957 auch, wie ich es unter die Steine legte. Man kann es von dort nicht weggetragen haben,
3774 3920 5451 4079 nein.. Du wirst es finden, Du wirft reich und glücklich sein. /
3954 4010 4784 4131 „Vater!.. Du träumst noch.“
3951 4035 5029 4209 „Nein! Ich träume nicht! Ich weiß es."
3945 4131 5340 4302 „Nun ja, aber der Weg ist lang unter der Brücke."
3942 4190 6244 4417 „O nein, nicht lang.. beim zweiten Pfeiler auf den ersten Schlag mit dem Hammer
3771 4339 4343 4504 mußt Du's finden."
