3816 4520
835 387 3542 553 wieder die Stadt. Sollte wohl einen Au¬
873 535 3518 732 genblick nach Häuse gehen schauen. Ach
891 641 3560 838 lassen wir’s lieber... Hrn.. aber essen.
852 778 3637 1028 Im Gasthaus, wo mich gestern die Herren
835 986 3599 1169 trafen.... Mein nein, später, wenn der
2190 1060 2282 1222 1
849 1063 2099 1310 hunger kommt.
1120 1222 3514 1394 Die Minuten und viertel Stunden
845 1391 3606 1560 schlichen hin... endlos dehnte sich die Zeit.
835 1528 3655 1739 Ab und zu hatte Waldein auf einer Bank
820 1627 3606 1877 für eine kurze Weile geruht; dann war
820 1775 3648 2000 er wieder aufgestanden; die Mitternacht
824 1887 3549 2151 wollte nicht kommen. In den Straßen
803 2035 3556 2285 wurde es menschenleurer. Der Regen
849 2229 3588 2437 fiel heftiger als früher. Dann würde
849 2324 3472 2525 es wieder lebhaft in der Stadt; die
859 2461 3666 2676 Wagen fuhren zahlreicher, man begegnete
820 2602 3592 2884 auch mehr hußgängern; die Theater wa¬
845 2743 3521 3032 ren aus. Also zehn Uhr vorbei!
898 2916 3475 3173 Noch zwei Stunden bis dahin. Und
859 3056 3518 3310 was thun bis zwölf Uhr.. Es zog ihn
863 3208 3514 3461 wieder unwiederstellich in jene lange Straße
919 3356 3528 3620 Essen? Nein, er konnte nicht. Aber
