3864 4520
3461 99 3596 256 55
3174 273 3444 465 Zeit
774 288 3124 529 geglückt ist, dachte er. Aber die erste
770 419 3539 643 war schlimm genug! Der Anfang der Künst¬
767 540 3561 774 lerschaft war, daß man den jungen Mann
749 674 3536 919 aus der Schule jagte. Er taupte nichts; er
742 809 3593 1054 zeichnete während der Schulstunden und küm¬
749 966 3490 1186 merte sich nicht um die Dinge, die man
746 1083 3507 1267 von ihm verlangte. Und zu Hause! Da
763 1186 3578 1413 jaß er zuweilen vor einem Blatt Papier
749 1370 3504 1541 und übte sein Tabent; meist aber stand
788 1473 3575 1725 er müßig beim Fenster und starate in die
753 1608 3557 1860 Luft. Dann ging er auch hinunter in den
781 1761 3561 1977 hof, tollte herum mit den Buben und
795 1874 3546 2080 Mädele. Spät Abends erst kam der Vater
795 2009 3539 2215 nach der Arbeit das Wirthshaus, dann die
788 2176 3522 2403 Familie. – Und manchen Abend, wenn das
809 2268 3610 2524 Geld für die Schänke nicht mehr reichte, dann
792 2446 3564 2666 nahm er wohl seinen Jungen mit sich und
788 2581 3578 2794 spapierte durch die Straßen der Stadt. Und
774 2716 3561 2971 beinahe jedes mal denselben Weg.. vor dem
802 2829 3610 3057 Club vorbei, durch die lange Straße.., liebe
809 3021 3404 3234 links.. und zum Fluße hin. Und er
816 3110 3586 3333 dachte. Was hätte aus ihm werden können
809 3266 3543 3539 wenn.. ich das Geld hätte!.. Und jetzt
816 3415 3596 3671 wird er sich plagen müssen, bis man aber
