3784 4536
3452 182 3600 375 68
785 337 3403 599 weg und das Gespräch kurz abbrechend
809 475 3362 757 sagte er: „Ich will nun Licht machen.“
829 657 2550 871 „ So? Du bleibst daheim?
1132 788 1480 888 warte
833 781 2691 1029 „Ich werde noch ein wenig.
826 919 1662 1115 " Auf wen!
847 1046 2357 1263 „Nun, auf den Grafen.
833 1125 2708 1394 Der alte Waldem erhob sich.
2743 1142 3403 1363 Er kommt
829 1311 3586 1555 Graf Treuen. Und wie ein Angstruf klang
833 1445 1538 1683 es hervor.
1015 1559 2633 1776 „ Was hast Du, Vater.!
988 1717 3431 1920 „ Nichts.“ Aber ich.. Kann mit solchen
816 1865 3434 2096 herren doch nicht umgehen. Mein, nein
3125 2013 3276 2082 er
840 2034 3548 2233 laß mich.. Ich freue mich sehr. Es wird
833 2130 3445 2364 die viel nutzen in hohen Kreisen. Leb
816 2268 1638 2464 wohl, Franz.
991 2388 3517 2591 „Was ist Dir.. Und er schaute den Alten
2261 2526 2457 2629 licht.
785 2564 3500 2753 auf den von dem Kerze in schwacher Schein fiel¬
774 2653 1590 2836 befremdet an.
964 2777 3489 2949 „ Aber nichts.. Franz. Du bist komisch, was
809 2894 3569 3080 soll denn sein? Ich gehe, wie immer am Abend¬
809 3076 3534 3249 bin ich denn je so lange geblieben? – meine
767 3173 3424 3376 Freunde im Wirtshaus warten schon! – Du
826 3300 1635 3489 gehst wohl...
919 3417 3582 3658 „Ich mit dem Grafenen den Club.“ Und lachend
