3736 4584
3361 106 3509 247 35
724 298 3372 494 nen war.. wo.. wo? - Aber nein, es
713 480 3317 731 ist zum Lachen, es war kein Brunnen.
724 569 3440 875 gewiß nicht. Und wie gut, daß es kein
758 713 3519 974 Brunnen war, denn ich könnte ihn doch nicht
2120 840 3447 1053 Ich könnte ihn nicht
744 885 2017 1122 finden..  haha...
751 940 3337 1266 finden, das ist gut. Er lachte die Zähen
792 1156 3492 1369 klapperten ihm, er glaubte toll zu werden
796 1269 3505 1465 Dann fing er wieder an: „Es rauschte und
1736 1403 3375 1636 ... Er stand vor einer
813 1447 1705 1636 hallte wieder
2226 1482 3485 1725 Er ging hinein und
813 1571 2195 1742 Branntweinschenke..
816 1646 3475 1911 ließ sich ein Gläschen fallen... durch die
816 1777 3447 2051 Fenster sah er wieder auf die Straße
809 1873 3519 2140 wo die Menschen theilnamslos und fröhlich
809 2037 3478 2308 vorüberzogen.. Er träne und traur.
806 2181 3557 2394 Nun muß es mir ja einfallen... denn
809 2264 3502 2538 im Rausch sieht der Mensch klarer...
847 2452 3519 2686 Gewiß. Heute Nachts fand ich ja den Weg
830 2528 3509 2775 im dunklen -- nur weil ich betrunken
847 2686 3505 2960 war... ich werde ihn jetzt wieder Ein¬
1444 2795 3595 3060 Als er wieder hinaus trat, schwank¬
871 2909 1358 3063 den...
847 2960 3485 3193 te er ein wenig, aber sein Herz war
864 3152 3547 3344 leichter.... „Nun bin ich ja lustig, mur¬
844 3272 3529 3499 melte er... „Lala, tralala... lustig...
885 3385 3485 3663 Und warum bin ich lustig?... Weil ich
