3832 4488
857 253 2984 520 aber er fasste kein Wort auf
864 409 3349 697 Zahlte und ging. Die Uhr zeigte er¬
871 531 3515 788 viertel nach eilf – es war also halb
874 687 3512 968 Zwölf.. Einsam, todt die Straße¬
885 809 3498 1100 Langsam begab er sich nach dem Club
874 1017 3460 1239 haus. Da war es - da lag es vor
864 1121 3460 1388 ihm; das Thor weit offen, die Fenster
847 1201 3640 1516 erleuchtet, glänzend in mitten der
902 1409 3536 1641 von matten Flackernden Laternen
899 1499 3484 1811 lichtern erhellten Straße.. Das Herz¬
874 1686 3578 1957 klopfte ihm, als er auf der gegenüber:
868 1839 3515 2054 liegenden Seite stehend, das Gebäude
874 1954 3460 2228 betrachtete. Er kam ihm wie etwas
874 2099 3519 2325 rießiges vor, wie eine steinerne
871 2235 3442 2516 Macht. Es schaute ihn an, wie er es
857 2353 3508 2592 anschaute... Die strahlenden Fenster
868 2561 3470 2786 waren hundert plühende Augen, die
920 2682 3609 2950 ihn verschlangen. Und der Augenblick
892 2811 3536 3074 trat ihm wieder in's Gedächtniß.
902 2970 3588 3241 große Augenblick, in dem er die Bank¬
944 3088 3564 3390 sprengte und ein gleichberechtigter war
902 3231 3463 3532 unter all’ den edlen Herren, die a
979 3401 3133 3637 selben Tisch saßen... da oben,
