3832 4504
800 349 2942 566 mein Quartier hier aufschlagen.
880 486 2526 723 „Das ist sehr schön, gewis
2568 507 3494 702 Herr Meldein
779 625 3487 873 und sehr wünschenswerth. Aber da ich doch
772 772 3529 1010 höchstens Zweimal in Tage herkommen
793 922 3323 1139 kann, halte ich die stete Anwesenheit
804 1055 3368 1272 einer geschulten Wärterin für nothwendig:
901 1181 3064 1429 „Wie Sie meinen Herr Doktor.
919 1324 3574 1565 „Gut, wenn Sie unverstanden sind, sende
772 1513 3326 1712 ich Ihnen so ein Frauenzimmer her¬
804 1614 3599 1855 Nun bitte ich um Feder und Papier, ich will
765 1789 3389 1939 vorerst dem Kranken was verschreiber.
2456 1876 3634 2040 der Art unterstimmend
982 1904 2491 2135 Er schrieb etwas auf
2425 1953 3627 2142 gab dann noch münd¬
769 2033 3550 2295 lich Anordnungen und Rathschläge. Aufmerk
797 2212 3574 2365 sam und traurig hörte der junge Mann
772 2351 3571 2557 zu. Mit herzlichen Worten nahm der Arzt
814 2460 3536 2687 Abschied und Franz blieb allein bei dem
793 2564 3483 2826 Kranken zurück. Es war ein Augenblick
783 2690 3588 2928 gekommen, wo dem Alten das Bewußtsein
821 2840 3518 3099 theilweise wiederzukehren schien, und mit
772 3008 3550 3186 er nahm wie im Traum die dargebotene
758 3116 3483 3337 hand seines Sohnes in die seine. „Willst
783 3305 3483 3518 Du etwas?.. Vater.. Willst du etwas
832 3403 3613 3654 Dieser bewegte die Lippen.. Der Sohn beugte
