3704 4584
769 290 3337 555 der ihm das Geld geliehen. Dieser nichts
704 450 2942 682 Die Bank... ich hab es gesagt.
722 573 3482 787 Sein Blatt fiel günstig; die Bank gehörte
1186 740 3384 961 der verlierende warf die Karl
653 773 1175 1012 ihm
3072 871 3395 1074 er
638 900 2946 1164 ärgerlich auf den Tisch; dann groß
3196 1001 3312 1172 P
809 1027 3160 1237 seine hosentasche um mit einigen
609 1157 3294 1436 neuen Silbermürzen sein Glück zu
584 1339 3381 1614 versuchen. Aber nun wollte alles Geld
599 1487 3519 1777 zu dem schwarzbärtigen, der die Bank über¬
613 1621 3508 1908 nommen hatte. Nach Verlauf einer viertel¬
649 1763 3337 2057 Stunde hatte er die Silbermängen aller¬
642 1933 3442 2216 Mitspielenden vor sich liegen. Nichts desto,
591 2082 3410 2354 weniger fuhr er fort, Worten zu geben
667 2271 3392 2507 „Was setzet du, fragte er den, welcher
1995 2380 2383 2503 gehalten,
2267 2383 2895 2659 hatte hatte.
580 2416 2180 2666 die Bank früher
736 2521 3562 2858 „ die Hälfte der Bank... erwiederte Töser
722 2721 3428 3043 die Hälfte der Bank.. ganz gut.. aber
718 2887 1991 3196 wo ist das Geld.
798 3007 3036 3308 „Die wirst es mir creditiren.
787 3199 2329 3511 „ Das werde ich nicht.
791 3366 1404 3667 " Nicht...
