3784 4536
3453 96 3567 288 O.
863 359 3201 643 Nun, wenn die Herren erlauben.
817 529 3517 785 Welden setzte sich auf den frei gewordenen
828 689 3421 945 Stuhl, man kümmerte sich weiter nicht
831 828 3538 1076 am ihn, die beiden nebensitzenden Herren
796 984 3499 1211 stellten sich ihm vor. Der eine, ein Herr
856 1112 3503 1375 von Winkburg sagte: „Sie zeigen Muth¬
799 1268 3378 1478 wenn Sie sich auf diesen Platz setzen.
931 1414 3503 1666 „Warum". fragte Waldein. In diesem
856 1552 3464 1691 Augenblick erhielt er eine Karte und
817 1670 3148 1943 setzte den kheinsten Betrag darauf
1339 1819 2032 1940 einen Rücken
952 1833 3478 2075 „ Nun, Baron Glonski, der vor Ihnen
860 1975 3187 2188 hier saß, verlor eine Riesensumme.
1034 2124 3485 2380 Wildmann’s Carte gewann unterdessen
856 2306 3524 2512 Graf Treuen, der hinter ihm stand, lächelte
1044 2423 3481 2703 „Sie lassen den Gewinn stehen? fragte
828 2540 2295 2782 der Nachbar Meldim̅s.
1041 2735 1385 2941 " Ja.
1119 2846 3297 3116 Und abgesehen von Baron Glonski
753 2995 3606 3314 vor drei Tagen saß ein anderer, der junge
735 3133 3538 3410 Sandorpf da! der hat sich am selben Mor¬
1066 3293 1272 3410 dient.
778 3329 1673 3556 gen erschossen.
1034 3400 3574 3716 „ So so“ antwortete Waldein und dachte sich
