3752 4632
3467 120 3601 292 24
820 394 3383 612 „Gehn Sie.. Herr Waldein.. gehen Sie nach
757 482 3559 732 Hause.. sagte der Graf. Und Waldeinstand
774 651 3562 817 auf der Straße, allein – mit einem Ver¬
760 771 3573 1031 mögen in der Tasche.- Er wandte sich um
757 908 3587 1151 sein hochgeborener Freund verschwand eben
2862 1028 3569 1218 Rümmel gen¬
774 1077 3084 1309 im Stiegenhaus, ohne sich noch ein
810 1197 3555 1443 zu sehen... Die Flammen in den Straßen¬
810 1334 3467 1542 laternen Tanzten, Waldam schwankte da¬
788 1475 3428 1732 von. Er bag um eine Ewe, kam zu
3256 1598 3443 1676 nur
767 1651 3499 1848 eine Gasse, die schlecht erleuchtet war, die
792 1756 3569 1947 er nicht kannte. Wohin mußte er denn
796 1904 3439 2130 nur gehen?.. Nach Hause. „Und das
813 2049 3478 2246 Geld. Das Geld... Wo soll ich es denn
827 2179 3464 2411 hinthun. Ich muß es ja... Seine Ge¬
831 2327 3443 2552 danken verwirrten sich, ein Wagen
813 2453 3502 2651 rollte vorüber, es war ein Lärm, wie
834 2605 3509 2830 von einem langen kaarende rüsende
898 2739 1605 2974 Wagenzug.
1021 2883 3552 3108 „Verstecken muß ich das Geld.“ meine
855 3013 3386 3217 Frau.. der Nachbaren... verstewen.
1014 3129 3509 3376 Und er schwankte weiter durch die un¬
813 3298 1971 3527 bekannte Gasse...
