3848 4552
987 317 3499 599 Der Vater glaubte Valent darin zu sehen
818 507 3566 733 ja er sagte ihm einigemal... Geh hin, zu
835 631 3510 884 ge sie in der Akademie, vielleicht nach
803 768 3541 997 men sie dich auf!.. Aber der Junge ent¬
810 948 3552 1121 schlos sich nicht dazu; die Blätter rurden
810 1068 3608 1226 verstreut und er selbst that Wochen und
825 1205 3661 1413 Monate lang nichts, gar nicht s.. dann kam
803 1385 3489 1533 es dazu, daß er dem Vater manchmal
821 1448 3552 1646 bei der Arbeit aushalf. Und es geschah
828 1600 3644 1783 auch, daß er mitten in der erbärmlichen
814 1762 3517 1959 Anstreichern seinen wahren Gemus er¬
800 1861 3584 2086 wachen fühlte, den groben Pinsel, die Far¬
810 1980 3520 2227 ben, den ganzen Tagelohn hinwarf,
796 2132 3534 2347 nach Hause eilte und sich ins Zimmer
810 2297 3612 2449 verschloß, um zu zeichnen oder zu maten
821 2371 3545 2625 Da saß er stundenlang und es war ihm
803 2572 3587 2727 als müßte er etwas großes, herrliches
807 2664 3355 2889 vollenden. Und wenn es zu Ende
821 2798 3601 3009 war, war’s wieder in Nungen. Er warf
818 2974 3584 3217 das Zeug in eine Ecke, und es begann
832 3154 3601 3316 wieder eine Zeit des Nichtsthums in der
856 3252 3577 3485 er sein bisher Geld in Gesellschaft leicht¬
860 3425 3527 3605 sinniger Kameraden vertraue und ver¬
863 3548 1336 3781 spielte.
