3816 4536
3493 164 3612 308 70
808 332 3476 616 Und in's Thor sah er welche ihr hineintreten
802 539 3458 777 sah ihn die ersten Stufen hinaufsteigen und
774 644 3496 858 verschwinden – wie damals auf der Stiege
784 760 3542 990 des Clubs, als er ihn mit seinem Reichthum
847 920 3598 1155 spät Nachts mitten auf der Straße stehn ließ.
826 1018 3560 1281 Und Waldein trat weiter weg vom Thore
861 1155 3538 1424 er schaute hinauf zum Fenster seines Sohnes
826 1323 3504 1470 und wartete. An der gegenüberliegenden
847 1442 3560 1659 Wand erschienen Schatten, die sich bewegten...
850 1554 3650 1764 Sein Sohn und Graf Treuen.. Ihn schauerte..
1754 1670 3577 1914 Ein Gedanke kam ihm
900 1704 1729 1869 Warum nur
858 1858 3675 2065 plötzlich.. Auch ihm wird er Unglück bringen.
886 1970 3654 2166 Und er wollte wieder zurück hinauf, seinem
1880 2068 3594 2272 Die "branl" Helle im
889 2121 1806 2334 franz retten
864 2219 3605 2450 flur brachte ihm die Besinnung zurück. Er
910 2390 3616 2548 blieb stehen... „Narr, murmelte er vor
917 2520 3636 2737 sich hin... Und er ging in die Schänka.
1267 2772 3675 3056 früh Morgens kam Franz Waldein nach
900 2964 3692 3160 Hause; voll von Eindrucken; ja mit einem
1494 3087 3686 3297 von Begeisterung setzte er sich hin
906 3101 1222 3322 Hauch
872 3227 3612 3423 um einige Skippen hinzuwerfen. Und doch.
878 3370 3552 3630 irgend etwas war, was ihn stärte. „Ich
