3720 4600
735 346 2356 641 stillem Lächeln dieser er¬
2406 317 2554 555 me
980 526 2723 782 artie geschauten, die Börse
2767 562 2925 717 me
742 713 2842 929 Pasche und indem er sie vor¬
688 818 2907 1077 ten Spieler hin auf den Tisch legte
2950 832 3368 1048 sagte
778 1030 3372 1221 er: „Erlauben Sie, daß ich mich Ihnen zu
677 1128 3260 1380 Verfügung stelle. Alle sahen den
670 1297 3455 1520 den verwundert an; und derjenige, von
638 1430 3376 1668 dem die Geldbörse lag, legte rasch die
670 1589 3354 1834 hand darauf, indem er einfach sagte:
692 1736 3210 1989 „Sie sind sehr gütig, mein Herr...
674 1895 3383 2125 Dann öffnete er die Börse und ließ
666 2046 3440 2270 eine Menge kleiner Silbermünzen auf
1967 2183 3419 2396 Gibst Du mir jetzt
634 2201 1945 2367 den Tisch rollen...“
609 2338 3505 2558 eine Karte, wandte er sich an den Bank¬
623 2461 3404 2702 halten. Dieser warf ihm ein Blatt hin¬
656 2669 3419 2886 indem er fragte: „Was setzest du?
771 2770 3289 3015 Die Bank erwiderte der andere.
648 2972 1488 3192 " Die ganze?
656 3098 1542 3322 „ Die ganze.
692 3185 2518 3455 Es sind fast zwei Thaler.
800 3322 3271 3621 Jetzt richtete der kühne Spieler ein
713 3509 2705 3779 tragenden Blick auf den ju¬
3080 3487 3271 3653 Mr
