3864 4744
151 623 2844 878 Am 11. Juni 1875. Am Thore der Unterwelt.
1055 804 2339 1007 Ich komme eben.
2364 852 2656 1051 " N°
494 1177 3467 1464 Nun, hat denn der Wg dogar kam End
564 1343 3028 1682 Wohin komm ich da noch, Sakrament:
631 1512 3589 1771 Ich ging immer nur meiner Nase nach
690 1697 3574 2014 da kam ich nun daher allgemacht
657 1841 3445 2103 doch giebt mir das eine weise Lehr¬
741 2066 3482 2335 Gef meiner Nase nach niemals meh¬
1682 2187 3449 2497 dann da marschmeri
727 2232 1324 2446 dohin bin
2449 2357 3530 2678 sich mich verwert
727 2320 2427 2711 zu welchem Thor hab¬
1239 2545 3438 2862 ich fort sogleich mit nichten
712 2578 1173 2796 doch
730 2708 3560 3054 Ich will hier schlafen oder dichten
741 2914 3490 3246 Wozu sollt sich denn sein sonst hier,
786 3084 3508 3301 da hat ich Bleißift und Saxier.
789 3242 3475 3471 doch sich, wer kommt da hergerannt?
867 3423 3582 3733 Es gesicht da scheint mir sehr blau¬
841 3604 3626 3936 doch was seh' ich! Potz Butter und Rümmel
841 3777 3357 4124 Gnad auf mich kommt er zu, lieber
2446 3954 3327 4201 Rimmel!
