<?xml version="1.0" encoding="UTF-8" standalone="yes"?>
<PcGts xmlns="http://schema.primaresearch.org/PAGE/gts/pagecontent/2013-07-15" xmlns:xsi="http://www.w3.org/2001/XMLSchema-instance" xsi:schemaLocation="http://schema.primaresearch.org/PAGE/gts/pagecontent/2013-07-15 http://schema.primaresearch.org/PAGE/gts/pagecontent/2013-07-15/pagecontent.xsd">
    <Metadata>
        <Creator>prov=READ-COOP:name=TrHtr:version=2.1.0:model_id=51170:date=15_08_2023_01:04</Creator>
        <Created>2023-05-10T15:04:01.165+02:00</Created>
        <LastChange>2023-08-15T01:04:43.189+02:00</LastChange>
        <TranskribusMetadata docId="1428791" pageId="55429207" pageNr="5" tsid="132835647" status="IN_PROGRESS" userId="64420" imgUrl="https://files.transkribus.eu/Get?id=RECHFFHMFPCRCIVECIBZTYZW&amp;fileType=view" xmlUrl="https://files.transkribus.eu/Get?id=VFNBDUZKLGGAKSWFQDIESHUZ" imageId="44703280"/>
    </Metadata>
    <Page imageFilename="1428791_0005.jpg" imageWidth="4392" imageHeight="5380">
        <ReadingOrder>
            <OrderedGroup id="ro_1711806640680" caption="Regions reading order">
                <RegionRefIndexed index="0" regionRef="tr_1"/>
                <RegionRefIndexed index="1" regionRef="tr_2"/>
                <RegionRefIndexed index="2" regionRef="tr_3"/>
            </OrderedGroup>
        </ReadingOrder>
        <TextRegion id="tr_1" custom="readingOrder {index:0;}">
            <Coords points="638,188 3690,188 3690,2488 638,2488"/>
            <TextLine id="tr_1_tl_1" custom="readingOrder {index:0;}">
                <Coords points="959,290 975,290 993,308 1006,308 1028,286 1046,293 1059,286 1099,327 1137,299 1152,302 1155,202 1121,196 1105,202 1090,187 1065,193 1028,159 965,165"/>
                <Baseline points="979,244 985,244 1074,238 1164,238"/>
                <TextEquiv>
                    <Unicode>1</Unicode>
                </TextEquiv>
            </TextLine>
            <TextLine id="tr_1_tl_2" custom="readingOrder {index:1;}">
                <Coords points="1171,794 2569,757 2824,819 2942,766 2946,673 2746,613 2438,697 1896,641 1828,697 1174,697"/>
                <Baseline points="1188,764 1247,770 1337,770 1427,770 1516,770 1606,764 1695,764 1785,764 1874,758 1964,758 2054,764 2143,764 2233,758 2322,758 2412,758 2501,758 2591,752 2681,752 2770,752 2860,752 2949,752"/>
                <TextEquiv>
                    <Unicode>Sage wie steht's bei Euch da droben?</Unicode>
                </TextEquiv>
            </TextLine>
            <TextLine id="tr_1_tl_3" custom="readingOrder {index:2;}">
                <Coords points="620,785 657,803 760,794 816,819 847,797 959,797 959,716 869,716 838,682 782,701 760,682 744,694 722,688 710,701 673,701 645,726 620,726"/>
                <Baseline points="638,776 728,776 818,776 907,770 967,776"/>
                <TextEquiv>
                    <Unicode>Homer:</Unicode>
                </TextEquiv>
            </TextLine>
            <TextLine id="tr_1_tl_4" custom="readingOrder {index:3;}">
                <Coords points="1183,947 2949,937 2949,872 2824,825 1183,850"/>
                <Baseline points="1200,925 1253,931 1343,925 1433,925 1522,919 1612,925 1701,919 1791,919 1880,919 1970,913 2060,919 2149,913 2239,913 2328,913 2418,913 2507,913 2597,913 2687,907 2776,907 2866,913 2955,913"/>
                <TextEquiv>
                    <Unicode>Leider ist nicht sehr viel zu loben.</Unicode>
                </TextEquiv>
            </TextLine>
            <TextLine id="tr_1_tl_5" custom="readingOrder {index:4;}">
                <Coords points="626,937 641,937 660,956 701,956 713,968 754,959 819,981 859,943 875,943 872,828 754,831 722,866 688,866 676,853 651,881 626,884"/>
                <Baseline points="644,931 734,931 824,937 883,931"/>
                <TextEquiv>
                    <Unicode>Ich:</Unicode>
                </TextEquiv>
            </TextLine>
            <TextLine id="tr_1_tl_6" custom="readingOrder {index:5;}">
                <Coords points="1177,1052 2824,1087 2949,1077 2949,940 1177,978"/>
                <Baseline points="1194,1038 1253,1044 1343,1038 1433,1038 1522,1038 1612,1038 1701,1033 1791,1038 1880,1038 1970,1038 2060,1033 2149,1033 2239,1027 2328,1033 2418,1027 2507,1027 2597,1027 2687,1021 2776,1027 2866,1027 2955,1027"/>
                <TextEquiv>
                    <Unicode>Und die Damen sind gar unerträglich,</Unicode>
                </TextEquiv>
            </TextLine>
            <TextLine id="tr_1_tl_7" custom="readingOrder {index:6;}">
                <Coords points="1165,1168 3245,1196 3294,1046 1165,1096"/>
                <Baseline points="1182,1158 1241,1158 1331,1158 1421,1152 1510,1152 1600,1152 1689,1152 1779,1152 1868,1152 1958,1152 2048,1152 2137,1146 2227,1152 2316,1146 2406,1146 2495,1140 2585,1134 2675,1140 2764,1146 2854,1146 2943,1140 3033,1140 3122,1140 3212,1140 3302,1140"/>
                <TextEquiv>
                    <Unicode>Haben am Kopfe (nicht grösser ists möglich)</Unicode>
                </TextEquiv>
            </TextLine>
            <TextLine id="tr_1_tl_8" custom="readingOrder {index:7;}">
                <Coords points="1177,1292 2709,1314 2712,1180 2323,1227 2254,1189 1899,1233 1180,1208"/>
                <Baseline points="1194,1271 1283,1271 1373,1271 1462,1271 1552,1265 1642,1265 1731,1265 1821,1265 1910,1265 2000,1265 2089,1265 2179,1259 2269,1259 2358,1259 2448,1259 2537,1253 2627,1259 2716,1253"/>
                <TextEquiv>
                    <Unicode>Einen Turm von falschen Haaren.</Unicode>
                </TextEquiv>
            </TextLine>
            <TextLine id="tr_1_tl_9" custom="readingOrder {index:8;}">
                <Coords points="1177,1407 2575,1451 2952,1401 2952,1317 1177,1330"/>
                <Baseline points="1194,1391 1259,1385 1349,1385 1439,1391 1528,1385 1618,1379 1707,1385 1797,1385 1886,1385 1976,1385 2066,1385 2155,1379 2245,1379 2334,1379 2424,1379 2513,1373 2603,1373 2692,1373 2782,1373 2872,1373 2961,1373"/>
                <TextEquiv>
                    <Unicode>Für sehr dumm halt idh dies Gebaren.</Unicode>
                </TextEquiv>
            </TextLine>
            <TextLine id="tr_1_tl_10" custom="readingOrder {index:9;}">
                <Coords points="1183,1572 3687,1616 3690,1407 1183,1476"/>
                <Baseline points="1200,1546 1271,1546 1361,1540 1450,1540 1540,1540 1630,1540 1719,1540 1809,1534 1898,1534 1988,1534 2077,1534 2167,1534 2257,1528 2346,1528 2436,1528 2525,1522 2615,1528 2704,1528 2794,1528 2884,1528 2973,1528 3063,1522 3152,1522 3242,1516 3331,1516 3421,1516 3511,1516 3600,1516 3690,1516"/>
                <TextEquiv>
                    <Unicode>Und die Schönheitspflästerchen, sind die nicht dumm</Unicode>
                </TextEquiv>
            </TextLine>
            <TextLine id="tr_1_tl_11" custom="readingOrder {index:10;}">
                <Coords points="623,1572 937,1566 940,1491 912,1501 891,1482 769,1488 750,1473 722,1498 701,1476 626,1476"/>
                <Baseline points="644,1546 680,1546 770,1552 859,1546 949,1540"/>
                <TextEquiv>
                    <Unicode>Homer:</Unicode>
                </TextEquiv>
            </TextLine>
            <TextLine id="tr_1_tl_12" custom="readingOrder {index:11;}">
                <Coords points="1183,1722 2840,1778 3223,1688 3450,1728 3484,1594 1183,1632"/>
                <Baseline points="1200,1695 1253,1695 1343,1695 1433,1695 1522,1695 1612,1695 1701,1695 1791,1695 1880,1689 1970,1689 2060,1689 2149,1689 2239,1689 2328,1683 2418,1677 2507,1677 2597,1677 2687,1677 2776,1683 2866,1677 2955,1677 3045,1671 3134,1671 3224,1671 3313,1671 3403,1671 3493,1671"/>
                <TextEquiv>
                    <Unicode>Du irrst dich Freund, um ein Saeculum</Unicode>
                </TextEquiv>
            </TextLine>
            <TextLine id="tr_1_tl_13" custom="readingOrder {index:12;}">
                <Coords points="638,1719 669,1731 713,1722 853,1731 859,1722 875,1722 875,1672 859,1672 831,1647 810,1657 763,1635 722,1657 704,1641 682,1638 657,1653 638,1653"/>
                <Baseline points="656,1701 746,1707 835,1707 883,1707"/>
                <TextEquiv>
                    <Unicode>Ich:</Unicode>
                </TextEquiv>
            </TextLine>
            <TextLine id="tr_1_tl_14" custom="readingOrder {index:13;}">
                <Coords points="1183,1871 2690,1906 3086,1871 3086,1753 1183,1794"/>
                <Baseline points="1200,1857 1212,1851 1301,1857 1391,1857 1480,1851 1570,1851 1659,1851 1749,1845 1839,1845 1928,1845 2018,1845 2107,1845 2197,1839 2286,1839 2376,1839 2466,1839 2555,1839 2645,1839 2734,1839 2824,1839 2913,1833 3003,1833 3093,1827"/>
                <TextEquiv>
                    <Unicode>Sitzf da drei Jahrtausende sohan sogar,</Unicode>
                </TextEquiv>
            </TextLine>
            <TextLine id="tr_1_tl_15" custom="readingOrder {index:14;}">
                <Coords points="626,1865 676,1887 878,1884 900,1871 937,1881 959,1874 962,1803 741,1806 682,1784 645,1818 629,1818"/>
                <Baseline points="644,1857 734,1862 824,1862 913,1857 967,1857"/>
                <TextEquiv>
                    <Unicode>Homer:</Unicode>
                </TextEquiv>
            </TextLine>
            <TextLine id="tr_1_tl_16" custom="readingOrder {index:15;}">
                <Coords points="1161,1974 3176,2011 3179,1862 1165,1915"/>
                <Baseline points="1182,1970 1218,1970 1307,1970 1397,1970 1486,1964 1576,1970 1665,1964 1755,1964 1845,1964 1934,1964 2024,1958 2113,1958 2203,1958 2292,1952 2382,1958 2472,1952 2561,1958 2651,1958 2740,1952 2830,1952 2919,1952 3009,1946 3099,1946 3188,1952"/>
                <TextEquiv>
                    <Unicode>Da kann man isich irren um ein paar Jahr.</Unicode>
                </TextEquiv>
            </TextLine>
            <TextLine id="tr_1_tl_17" custom="readingOrder {index:16;}">
                <Coords points="1177,2099 3020,2111 3020,2011 1177,2024"/>
                <Baseline points="1194,2083 1236,2089 1325,2089 1415,2089 1504,2083 1594,2083 1683,2083 1773,2083 1862,2077 1952,2077 2042,2071 2131,2077 2221,2077 2310,2071 2400,2071 2489,2071 2579,2071 2669,2071 2758,2071 2848,2066 2937,2060 3027,2066"/>
                <TextEquiv>
                    <Unicode>Und dann noch die Tuniken und Kleider,</Unicode>
                </TextEquiv>
            </TextLine>
            <TextLine id="tr_1_tl_18" custom="readingOrder {index:17;}">
                <Coords points="1171,2214 3017,2226 3139,2211 3139,2120 1171,2152"/>
                <Baseline points="1188,2203 1265,2203 1355,2203 1445,2197 1534,2197 1624,2197 1713,2197 1803,2197 1892,2197 1982,2191 2071,2191 2161,2191 2251,2185 2340,2191 2430,2191 2519,2191 2609,2185 2698,2185 2788,2185 2878,2179 2967,2185 3057,2179 3146,2179"/>
                <TextEquiv>
                    <Unicode>Da wars zu unsrer Zeit viel gescheiter -</Unicode>
                </TextEquiv>
            </TextLine>
            <TextLine id="tr_1_tl_19" custom="readingOrder {index:18;}">
                <Coords points="1165,2326 2805,2351 2908,2267 1165,2264"/>
                <Baseline points="1182,2322 1212,2322 1301,2322 1391,2316 1480,2316 1570,2316 1659,2316 1749,2316 1839,2316 1928,2316 2018,2310 2107,2310 2197,2310 2286,2310 2376,2310 2466,2304 2555,2304 2645,2304 2734,2304 2824,2304 2913,2298"/>
                <TextEquiv>
                    <Unicode>Da gingen alle ganz nakt spazieren.</Unicode>
                </TextEquiv>
            </TextLine>
            <TextLine id="tr_1_tl_20" custom="readingOrder {index:19;}">
                <Coords points="1165,2485 2740,2516 2858,2500 2858,2398 2790,2354 2398,2426 1165,2426"/>
                <Baseline points="1182,2478 1253,2478 1343,2472 1433,2478 1522,2472 1612,2472 1701,2472 1791,2472 1880,2472 1970,2466 2060,2466 2149,2466 2239,2466 2328,2466 2418,2466 2507,2460 2597,2460 2687,2460 2776,2460 2866,2460"/>
                <TextEquiv>
                    <Unicode>Die taten sich gar wenig genieren.</Unicode>
                </TextEquiv>
            </TextLine>
        </TextRegion>
        <TextRegion id="tr_2" custom="readingOrder {index:1;}">
            <Coords points="650,2433 3588,2433 3588,4004 650,4004"/>
            <TextLine id="tr_2_tl_1" custom="readingOrder {index:0;}">
                <Coords points="645,2500 666,2507 707,2507 713,2500 822,2503 838,2510 859,2491 875,2491 875,2438 856,2438 838,2422 757,2413 735,2422 729,2416 719,2426 701,2407 645,2413"/>
                <Baseline points="662,2489 704,2483 794,2489 883,2483"/>
                <TextEquiv>
                    <Unicode>Ich:</Unicode>
                </TextEquiv>
            </TextLine>
            <TextLine id="tr_2_tl_2" custom="readingOrder {index:1;}">
                <Coords points="1165,2637 3042,2687 3089,2553 2933,2503 2528,2572 2148,2535 1999,2597 1165,2578"/>
                <Baseline points="1182,2633 1212,2633 1301,2633 1391,2633 1480,2633 1570,2633 1659,2627 1749,2627 1839,2627 1928,2627 2018,2621 2107,2621 2197,2621 2286,2621 2376,2621 2466,2615 2555,2615 2645,2615 2734,2609 2824,2609 2913,2609 3003,2609 3093,2609"/>
                <TextEquiv>
                    <Unicode>Doch viel besser - ich muss fast lachen</Unicode>
                </TextEquiv>
            </TextLine>
            <TextLine id="tr_2_tl_3" custom="readingOrder {index:2;}">
                <Coords points="645,2656 682,2665 844,2662 906,2647 919,2662 953,2662 953,2588 919,2588 894,2569 859,2588 838,2572 819,2588 797,2572 778,2572 763,2588 719,2569 645,2578"/>
                <Baseline points="662,2645 692,2639 782,2639 871,2639 961,2639"/>
                <TextEquiv>
                    <Unicode>Homer:</Unicode>
                </TextEquiv>
            </TextLine>
            <TextLine id="tr_2_tl_4" custom="readingOrder {index:3;}">
                <Coords points="1177,2768 2538,2740 2840,2787 2905,2759 2908,2662 1177,2706"/>
                <Baseline points="1194,2752 1212,2752 1301,2752 1391,2752 1480,2746 1570,2746 1659,2746 1749,2746 1839,2746 1928,2746 2018,2740 2107,2740 2197,2740 2286,2740 2376,2734 2466,2734 2555,2734 2645,2734 2734,2734 2824,2734 2913,2734"/>
                <TextEquiv>
                    <Unicode>Als die jetzigen verrückten Sachen,</Unicode>
                </TextEquiv>
            </TextLine>
            <TextLine id="tr_2_tl_5" custom="readingOrder {index:4;}">
                <Coords points="1171,2918 2391,2890 3005,2946 3005,2787 1943,2824 1890,2874 1171,2824"/>
                <Baseline points="1188,2907 1218,2907 1307,2907 1397,2901 1486,2896 1576,2901 1665,2901 1755,2901 1845,2901 1934,2901 2024,2896 2113,2896 2203,2896 2292,2884 2382,2890 2472,2890 2561,2884 2651,2890 2740,2890 2830,2890 2919,2884 3009,2884"/>
                <TextEquiv>
                    <Unicode>Lieber Freund, ich stimm dir bei sehr</Unicode>
                </TextEquiv>
            </TextLine>
            <TextLine id="tr_2_tl_6" custom="readingOrder {index:5;}">
                <Coords points="638,2918 654,2918 676,2936 716,2927 844,2936 859,2921 875,2921 875,2862 841,2852 785,2852 760,2827 747,2837 738,2830 713,2837 697,2824 638,2821"/>
                <Baseline points="656,2907 746,2913 835,2913 883,2913"/>
                <TextEquiv>
                    <Unicode>Ich:</Unicode>
                </TextEquiv>
            </TextLine>
            <TextLine id="tr_2_tl_7" custom="readingOrder {index:6;}">
                <Coords points="1171,3033 2759,3039 2858,3027 2858,2942 1171,2964"/>
                <Baseline points="1188,3027 1253,3027 1343,3021 1433,3021 1522,3015 1612,3021 1701,3021 1791,3021 1880,3021 1970,3015 2060,3015 2149,3015 2239,3009 2328,3009 2418,3015 2507,3009 2597,3009 2687,3009 2776,3009 2866,3009"/>
                <TextEquiv>
                    <Unicode>Da war das Nackte edler viel mehr.</Unicode>
                </TextEquiv>
            </TextLine>
            <TextLine id="tr_2_tl_8" custom="readingOrder {index:7;}">
                <Coords points="1177,3179 3491,3201 3581,3185 3581,3048 1177,3126"/>
                <Baseline points="1194,3176 1259,3176 1349,3176 1439,3176 1528,3176 1618,3176 1707,3176 1797,3170 1886,3170 1976,3170 2066,3170 2155,3164 2245,3164 2334,3164 2424,3164 2513,3158 2603,3158 2692,3158 2782,3152 2872,3158 2961,3158 3051,3152 3140,3152 3230,3152 3319,3152 3409,3152 3499,3146 3588,3140"/>
                <TextEquiv>
                    <Unicode>Glaubst Du man weiss jetzt wie Menschen aussehen?</Unicode>
                </TextEquiv>
            </TextLine>
            <TextLine id="tr_2_tl_9" custom="readingOrder {index:8;}">
                <Coords points="632,3185 669,3204 891,3204 903,3192 950,3201 953,3104 635,3095"/>
                <Baseline points="650,3182 692,3188 782,3182 871,3176 961,3176"/>
                <TextEquiv>
                    <Unicode>Homer:</Unicode>
                </TextEquiv>
            </TextLine>
            <TextLine id="tr_2_tl_10" custom="readingOrder {index:9;}">
                <Coords points="1177,3313 2992,3322 3294,3294 3294,3223 1177,3229"/>
                <Baseline points="1194,3290 1241,3296 1331,3290 1421,3296 1510,3296 1600,3290 1689,3290 1779,3290 1868,3284 1958,3290 2048,3290 2137,3284 2227,3284 2316,3284 2406,3284 2495,3278 2585,3278 2675,3278 2764,3272 2854,3272 2943,3272 3033,3272 3122,3272 3212,3266 3302,3272"/>
                <TextEquiv>
                    <Unicode>Man weiss nur wie ihnen die Kleider stehen.</Unicode>
                </TextEquiv>
            </TextLine>
            <TextLine id="tr_2_tl_11" custom="readingOrder {index:10;}">
                <Coords points="1165,3413 3076,3450 3472,3425 3472,3329 1165,3357"/>
                <Baseline points="1182,3409 1241,3409 1331,3409 1421,3409 1510,3409 1600,3403 1689,3409 1779,3403 1868,3409 1958,3403 2048,3403 2137,3403 2227,3403 2316,3397 2406,3397 2495,3397 2585,3391 2675,3391 2764,3391 2854,3391 2943,3391 3033,3391 3122,3385 3212,3391 3302,3391 3391,3397 3481,3391"/>
                <TextEquiv>
                    <Unicode>Besonders bei Damen, die tuniquierten Hintern,-</Unicode>
                </TextEquiv>
            </TextLine>
            <TextLine id="tr_2_tl_12" custom="readingOrder {index:11;}">
                <Coords points="1177,3547 3002,3568 3002,3466 2896,3431 1177,3472"/>
                <Baseline points="1194,3528 1218,3528 1307,3528 1397,3528 1486,3528 1576,3522 1665,3522 1755,3522 1845,3522 1934,3522 2024,3522 2113,3517 2203,3522 2292,3517 2382,3517 2472,3511 2561,3511 2651,3511 2740,3511 2830,3511 2919,3511 3009,3511"/>
                <TextEquiv>
                    <Unicode>Da könnt ein ganzes Heer überwintern.</Unicode>
                </TextEquiv>
            </TextLine>
            <TextLine id="tr_2_tl_13" custom="readingOrder {index:12;}">
                <Coords points="1183,3659 2983,3668 3064,3649 3064,3512 2718,3578 1183,3578"/>
                <Baseline points="1200,3642 1277,3648 1367,3648 1456,3642 1546,3642 1636,3636 1725,3636 1815,3636 1904,3636 1994,3636 2083,3636 2173,3630 2263,3630 2352,3624 2442,3630 2531,3630 2621,3624 2710,3624 2800,3624 2890,3630 2979,3630 3069,3630"/>
                <TextEquiv>
                    <Unicode>Und die Hüt' mit den Blumen den vielen</Unicode>
                </TextEquiv>
            </TextLine>
            <TextLine id="tr_2_tl_14" custom="readingOrder {index:13;}">
                <Coords points="1177,3780 3316,3793 3341,3646 1180,3699"/>
                <Baseline points="1194,3761 1283,3767 1373,3767 1462,3761 1552,3761 1642,3761 1731,3755 1821,3755 1910,3755 2000,3755 2089,3749 2179,3749 2269,3743 2358,3749 2448,3743 2537,3743 2627,3743 2716,3743 2806,3743 2896,3743 2985,3743 3075,3743 3164,3743 3254,3743 3343,3743"/>
                <TextEquiv>
                    <Unicode>Da könnten zehn Kinder Verstecken's spielen.</Unicode>
                </TextEquiv>
            </TextLine>
            <TextLine id="tr_2_tl_15" custom="readingOrder {index:14;}">
                <Coords points="1177,3886 1398,3930 1653,3877 2746,3902 2858,3877 2858,3780 1177,3808"/>
                <Baseline points="1194,3875 1253,3881 1343,3875 1433,3875 1522,3875 1612,3875 1701,3875 1791,3875 1880,3869 1970,3869 2060,3869 2149,3869 2239,3869 2328,3869 2418,3863 2507,3863 2597,3863 2687,3863 2776,3863 2866,3851"/>
                <TextEquiv>
                    <Unicode>Und worin verliebt man sich jetzt?</Unicode>
                </TextEquiv>
            </TextLine>
            <TextLine id="tr_2_tl_16" custom="readingOrder {index:15;}">
                <Coords points="1183,4014 2668,4004 2668,3933 2528,3886 1560,3911 1507,3961 1183,3926"/>
                <Baseline points="1200,3994 1241,3994 1331,3994 1421,3994 1510,3994 1600,3994 1689,3994 1779,3994 1868,3994 1958,3994 2048,3994 2137,3988 2227,3988 2316,3982 2406,3982 2495,3982 2585,3982 2675,3982"/>
                <TextEquiv>
                    <Unicode>In die falschen Zöpfe zuletzt,</Unicode>
                </TextEquiv>
            </TextLine>
        </TextRegion>
        <TextRegion id="tr_3" custom="readingOrder {index:2;}">
            <Coords points="650,4052 3582,4052 3582,5210 650,5210"/>
            <TextLine id="tr_3_tl_1" custom="readingOrder {index:0;}">
                <Coords points="1183,4129 2759,4141 2762,4014 1186,4048"/>
                <Baseline points="1200,4120 1247,4120 1337,4114 1427,4108 1516,4114 1606,4108 1695,4108 1785,4108 1874,4108 1964,4108 2054,4108 2143,4102 2233,4102 2322,4102 2412,4102 2501,4102 2591,4102 2681,4108 2770,4102"/>
                <TextEquiv>
                    <Unicode>Oder in die geschminkten Wangen,</Unicode>
                </TextEquiv>
            </TextLine>
            <TextLine id="tr_3_tl_2" custom="readingOrder {index:1;}">
                <Coords points="1183,4250 3251,4250 3251,4179 3070,4101 2644,4172 1183,4154"/>
                <Baseline points="1200,4233 1283,4233 1373,4233 1462,4227 1552,4227 1642,4221 1731,4227 1821,4227 1910,4227 2000,4227 2089,4227 2179,4221 2269,4221 2358,4221 2448,4221 2537,4221 2627,4221 2716,4221 2806,4221 2896,4221 2985,4215 3075,4215 3164,4221 3254,4215"/>
                <TextEquiv>
                    <Unicode>Ich hätt' sie schon gern alle aufgehangen.</Unicode>
                </TextEquiv>
            </TextLine>
            <TextLine id="tr_3_tl_3" custom="readingOrder {index:2;}">
                <Coords points="1174,4406 2890,4384 2890,4306 2472,4322 2404,4269 2040,4328 1585,4275 1177,4325"/>
                <Baseline points="1194,4388 1283,4388 1373,4388 1462,4388 1552,4382 1642,4388 1731,4388 1821,4382 1910,4382 2000,4382 2089,4382 2179,4382 2269,4376 2358,4376 2448,4370 2537,4376 2627,4376 2716,4376 2806,4376 2896,4370"/>
                <TextEquiv>
                    <Unicode>Deine Meinung ist aller Ehren wert</Unicode>
                </TextEquiv>
            </TextLine>
            <TextLine id="tr_3_tl_4" custom="readingOrder {index:3;}">
                <Coords points="645,4412 697,4422 716,4412 816,4412 844,4422 872,4397 912,4403 912,4372 894,4369 859,4331 794,4337 775,4319 744,4325 713,4294 648,4294"/>
                <Baseline points="662,4400 740,4400 829,4400 919,4394"/>
                <TextEquiv>
                    <Unicode>Ich:</Unicode>
                </TextEquiv>
            </TextLine>
            <TextLine id="tr_3_tl_5" custom="readingOrder {index:4;}">
                <Coords points="1183,4559 3170,4593 3547,4555 3550,4440 1186,4481"/>
                <Baseline points="1200,4544 1230,4544 1319,4544 1409,4544 1498,4544 1588,4538 1677,4544 1767,4544 1857,4544 1946,4544 2036,4544 2125,4538 2215,4538 2304,4532 2394,4532 2483,4532 2573,4532 2663,4538 2752,4532 2842,4532 2931,4532 3021,4532 3110,4532 3200,4532 3290,4532 3379,4526 3469,4520 3558,4514"/>
                <TextEquiv>
                    <Unicode>Wie stehts mit der Dichtkunst jetzt auf der Erd?</Unicode>
                </TextEquiv>
            </TextLine>
            <TextLine id="tr_3_tl_6" custom="readingOrder {index:5;}">
                <Coords points="632,4568 754,4583 822,4568 956,4577 956,4499 912,4496 897,4481 869,4481 853,4496 828,4487 819,4496 803,4481 785,4496 754,4496 704,4471 632,4499"/>
                <Baseline points="650,4555 740,4555 829,4550 919,4555 961,4555"/>
                <TextEquiv>
                    <Unicode>Homer:</Unicode>
                </TextEquiv>
            </TextLine>
            <TextLine id="tr_3_tl_7" custom="readingOrder {index:6;}">
                <Coords points="1165,4733 3095,4739 3095,4646 2911,4596 1165,4627"/>
                <Baseline points="1182,4699 1224,4699 1313,4705 1403,4699 1492,4699 1582,4699 1671,4699 1761,4699 1851,4699 1940,4693 2030,4693 2119,4693 2209,4687 2298,4687 2388,4687 2478,4687 2567,4687 2657,4687 2746,4687 2836,4693 2925,4693 3015,4699 3104,4693"/>
                <TextEquiv>
                    <Unicode>Aoh,- Freund, es ist der Lauf der Welt,</Unicode>
                </TextEquiv>
            </TextLine>
            <TextLine id="tr_3_tl_8" custom="readingOrder {index:7;}">
                <Coords points="632,4736 710,4742 719,4733 747,4733 785,4745 831,4736 856,4745 859,4630 841,4630 825,4643 813,4630 775,4624 763,4633 741,4621 732,4630 691,4627 663,4649 635,4646"/>
                <Baseline points="650,4711 686,4711 776,4711 865,4705"/>
                <TextEquiv>
                    <Unicode>Ich:</Unicode>
                </TextEquiv>
            </TextLine>
            <TextLine id="tr_3_tl_9" custom="readingOrder {index:8;}">
                <Coords points="1183,4857 2675,4857 2725,4748 1186,4745"/>
                <Baseline points="1200,4818 1206,4818 1295,4818 1385,4818 1474,4818 1564,4818 1654,4812 1743,4812 1833,4812 1922,4812 2012,4806 2101,4806 2191,4806 2280,4806 2370,4806 2460,4806 2549,4806 2639,4812 2728,4806"/>
                <TextEquiv>
                    <Unicode>Die Journalistik,die will Geld,</Unicode>
                </TextEquiv>
            </TextLine>
            <TextLine id="tr_3_tl_10" custom="readingOrder {index:9;}">
                <Coords points="1177,4963 3575,4966 3578,4798 1177,4867"/>
                <Baseline points="1194,4932 1253,4938 1343,4938 1433,4938 1522,4938 1612,4938 1701,4932 1791,4926 1880,4926 1970,4926 2060,4926 2149,4926 2239,4926 2328,4926 2418,4926 2507,4926 2597,4926 2687,4926 2776,4926 2866,4926 2955,4926 3045,4926 3134,4926 3224,4920 3313,4914 3403,4908 3493,4908 3582,4908"/>
                <TextEquiv>
                    <Unicode>Und gibt mans ihnen nicht in Zehn-Gulden-Beheinen</Unicode>
                </TextEquiv>
            </TextLine>
            <TextLine id="tr_3_tl_11" custom="readingOrder {index:10;}">
                <Coords points="1168,5091 2307,5060 2883,5125 3051,5100 3055,4966 1171,4963"/>
                <Baseline points="1188,5051 1271,5057 1361,5057 1450,5057 1540,5057 1630,5057 1719,5051 1809,5045 1898,5045 1988,5051 2077,5051 2167,5051 2257,5045 2346,5051 2436,5045 2525,5045 2615,5045 2704,5045 2794,5045 2884,5045 2973,5051 3063,5045"/>
                <TextEquiv>
                    <Unicode>Dann verreissen sie allsogleich einen.</Unicode>
                </TextEquiv>
            </TextLine>
            <TextLine id="tr_3_tl_12" custom="readingOrder {index:11;}">
                <Coords points="1171,5290 1716,5275 1921,5197 2827,5234 2799,5110 1171,5094"/>
                <Baseline points="1188,5188 1277,5188 1367,5194 1456,5194 1546,5194 1636,5188 1725,5188 1815,5188 1904,5188 1994,5188 2083,5182 2173,5182 2263,5176 2352,5182 2442,5194 2531,5194 2621,5194 2710,5200 2800,5194 2836,5194"/>
                <TextEquiv>
                    <Unicode>Es ist eine hundsverfluchte Meute</Unicode>
                </TextEquiv>
            </TextLine>
        </TextRegion>
    </Page>
</PcGts>
