4376 5348
1563 175 2100 404 G.C.H.F.P.
2425 175 2701 354 P.S.
2113 260 2292 430 1)1
1508 427 2602 641 Am Tore der Unterwelt
1644 615 2412 828 Ich komme eben
1878 797 2126 946 von
1310 917 2923 1102 Arthur Schnitzler
2873 1042 3655 1258 am 11.Juni 1875
1131 1284 2996 1454 Nun, hat denn der Weg da gar kein End?
696 1349 907 1456 Ich:
1125 1441 2777 1592 Wohin komm ich danoch, Sakrament!
1125 1568 2858 1711 Ich ging immer nur meiner Nase nach
1125 1685 2657 1844 Da kam ich nun daher allgemach.
1120 1790 2808 1943 Doch gibt mir das eine weise Lehr,
1125 1889 2798 2035 Geh meiner Nase nach niemals mehr.
1131 2011 2769 2141 Wohin bin ich denn da marschiert,
1125 2118 2905 2264 Zu welchem Tor hab ich mich verirrt?
1115 2256 2991 2394 Doch geh ich fort sogleich mitnichten,
1125 2360 2899 2501 Ich will hier schlafen oder dichten,
1115 2488 2941 2641 Wosu sollt ich denn sein sonst hier,-
1120 2608 2759 2777 Da hab ich Bleistift und Papier.-
1115 2740 2858 2884 Doch sieh, wer kommt daher gerannt?
1115 2803 3183 2978 Das Gesicht da erscheint mir sehr bekannt.
1120 2964 3152 3103 Doch was seh ich! Potz Butter und Kümmel,
1115 3066 3139 3209 grad auf mich kommt er zu, lieber Himmel.
1316 3196 3277 3324 (Homer kommt aus dem Tore der Unterwelt)
1115 3295 1920 3439 Zuk(umarmt mich)
672 3316 1000 3475 Homer:
1115 3363 3032 3553 Grüss dich der Zeus, geliebter Kollega,
1102 3545 2915 3683 Kommst du zu Calderon, Lope de Vega?
1115 3670 2897 3809 Zu Schiller, Goethe und Shakespeare?
1125 3782 2610 3921 O, so sei mir willkommen hier!
1115 3897 2983 4027 Doch du scheinst noch Leben zu haben.
1115 4048 3183 4236 Gott sei Dank bin ich noch nicht begraben.
677 4066 894 4197 Ich:
1115 4158 2675 4322 Doch mit wem hab ich die Ehr'ß?
2087 4270 2769 4465 deutsch Homer
672 4264 977 4462 Homer:
1115 4288 1652 4468 Griechisch
1102 4447 2561 4640 Ha, was hör ich.- X Crusi.?..
672 4444 904 4613 Ich:
1107 4598 3131 4759 Zwar hab ich noch nichts von dir gelesen,
1097 4707 2605 4848 Aber ich höre so viel von dir,
1097 4843 3186 4991 Dass ich vor mir den Respekt fast verlier!
