4328 5364
1155 696 3091 878 Doch einige sind recht gescheite Leute.
1163 849 3754 977 Von den Dichtern sind Mosenthal, Willbrandt zu nennen
1155 973 3102 1155 Auch Weilen und Lindau musst du kennen.
1669 1075 2223 1232 (Es läutet)
1166 1159 3393 1338 Jetzt muss ich dich um Entschuldigung bitten.
634 1206 962 1389 Homer:
1181 1305 2661 1476 Zum Spuper hats eben gelitten.
1174 1462 4104 1611 Ein andres Mal, wenn du erlaubst, stell ich mich wieder ein,
642 1443 886 1626 Ich:
1166 1593 2872 1815 Es wird mir die grösste Ehre sein.
642 1593 962 1822 Homer:
1174 1764 2756 1943 Jetzt lebe wohl, guten Appetitſ!
638 1793 893 1921 Ich:
1166 1877 3448 2114 Das nächste Mal bringé ich meine Werke mit.
1928 2100 2296 2347 En de
