6071 4713
3069 287 3709 436 2'au A8 JUAS.
3800 280 4021 418 3l4
498 367 806 472 G. A.P.
505 440 676 559 17
1834 396 2812 603 P3TA3HT-N3
2801 432 3691 603 ΤΟηηοίδΑM
1889 556 3847 672 Dr. Bach will sich meiner ganz besonders annehmen
5380 567 5540 712 33 5/8
1871 643 4675 737 den Zeitungen schon einige Tage vor der Eröffnungsvorstellung Feuille-
1889 726 4675 803 tons veranlassen. Wenn er nur durch seine politische Einstellung über-
1871 796 4715 894 all dazu im Stande wäre! Er sprach auch von Polgar, mit dem er ja sehr
1871 850 4642 977 befreundet ist, aber ob Polgar gerade in Wien oder in Berlin istt, das
1878 915 4548 1021 weiss man ja nie. Von Dr. Felix von Oppenheimer, der ja die ersten
1871 992 4682 1082 Schritte für dieses Gastspiel bei Schneiderhan und im Unterrichtsmini¬
1871 1046 4646 1144 sterium getan hat, hörte ich, dass sich Auernheimer für das Gastspiel
1878 1119 4562 1202 interessiere. Da wird es wohl möglich sein, dass er die Leser der
1889 1191 4595 1275 "Freien Presse" dafür warm macht. Was aber jetzt in Wien die Zei¬
1878 1250 4708 1351 tung ist, weiss ich eigentlich nicht. 1911 machte ein einziges Feuille¬
1871 1304 4530 1435 ton von Paul Zipperer in der "Freien Presse" noch wochenlang volle
1871 1377 2169 1493 Häuser
2463 1500 4715 1620 Dr. Bach hat mir nun im Vertrauen gesagt, dass die Stadt
1860 1547 4519 1678 Wien bezw. der Präsident des Schulamtes Glöck 1 jedes Jahr dem
1860 1667 4711 1751 Deutschen Volkstheater eine Reihe von Schülervorstellungen gegen festes
1842 1711 4617 1824 Honorar abnimmt. Schon durch die viel grössere Plätzezahl und einen
1860 1798 4639 1885 gewiss auch höheren Einheitspreis ist der für daß Volkstheater aufzu¬
1863 1871 4570 1958 wendende Betrag natürlich wesentlich höher, als das, was nötig wäre
1863 1918 4668 2031 um mir am 25., 26., 29. u. 30. September, sowie am 1., 2.u.3.Oktober
1863 2005 4584 2089 je zwei Jugendvorstellungen zu S.500.— pro Vorstellung (das Theater
1860 2063 3364 2183 hat etwa 600 Plätze) fest abzukaufen.
2456 2172 4613 2292 Dr. Bach meint nun, dass sich Glöckl sehr geschmeichelt
1863 2252 4650 2350 fühlen würde, wenn Sie, lieber Freund, sich brieflich an ihn wenden und
1860 2347 4668 2430 ihn als den kulturellen Versorger der Jugend in deren Interesse und in
1845 2401 4733 2492 dem meinigen bitten würden, meine Sache in der gedachten Weise zu unter¬
1845 2470 4639 2568 stützen. Wenn ich auf diese Art die Werktags-Nachmittagsvorstellungen
1845 2554 4584 2623 alle besetzt habe, habe ich mir, — wenn auch durch schwere Arbeit, —
5333 2517 5558 2637 sse
1860 2608 4635 2677 wenigstens einmal die 500 täglich aufzubringenden Schillinge verdient
5336 2637 5576 2761 838.8
4897 2644 5205 2772 Apr 1873
1889 2615 4806 2746 und einen gewissen Teil meiner Unkosten, vorausgesetzt, dass die Kußt-
1863 2743 4555 2826 stellen nicht für die Samstag- und Sonntag-Nachmittagsvorstellungen
5351 2772 5598 2906 844.64
1860 2804 4624 2888 der Sorge entheben. Äusser von Dr. Bach habe ich auch schon von einem
1845 2873 4624 2964 Fräulein Goedicke für die "Deutsche Kunst- und Bildungsstelle
4878 2895 5605 3030 " 1 1/2 L.I.B.I.,I.L.
1845 2953 4650 3033 eine Zusage. Bei dem Preis von S.500.— für die Schulen bezw. S.600.—
1845 3015 4711 3099 für Samstag- oder Sonntag-Nachmittagvorstellungen müsste allerdings von
4853 3033 5561 3160 L'Œlt. S20 F.
1863 3091 4591 3186 einer Lustbarkeitssteuer von Herrn Breitner abgesehen werden
1863 3146 4058 3255 oder sie darf jedenfalls mir nicht zur Last fallen.
2445 3244 4650 3367 Wenn die Schülervorstellungen nicht von der Stadt
1853 3306 4657 3433 fest übernommen würden, dann gäbe es nur eine schul- oder klassenweise
1845 3422 4697 3498 Propaganda und was dabei herauskommt, das weiss man ja: eine höchst un-
1845 3491 4613 3567 gewisse Teilnehmerzahl und ein Schnüffeln der Lehrerschaft danach, ob
1845 3567 4621 3651 irgendeine Partei dahintersteckt, gegen die man opponieren muss, indem
1853 3622 4621 3709 man künstlerische Veranstaltungen verunmöglicht, selbst wenn sie eine
1845 3691 4657 3781 edle Anregung für Geist, Gemüt und Phantasie der Jugend bedeuten. Wenn
1845 3771 4624 3847 sich der Erlass des Unterrichtsministers und das Interesse von Glöckl
1845 3832 4693 3919 der Schülerzahl von Wien entsprechend voll auswirken würde, so könnte
1853 3909 4664 3985 ich ja viel länger in Wien spielen und hätte auch noch fast den ganzen
1889 3959 4650 4043 Oktober über Zeit. Im Fall eines Erfolges der Abendvorstellungen wäre
1845 3996 4650 4112 die Generaldirektion zu einer Verlängerung sogar gnädigst bereit, aber
1845 4116 3861 4210 ich würde dann natürlich sehen, irgendeinen anderen
3905 4094 4686 4225 Saal zu bekommen, was
3622 4152 3861 4297 billige
1845 4163 2866 4275 gar nicht so schwer wäre.
