6071 4713
2494 254 3128 409 PAUL BRANN’S
2149 243 2397 389 HEMTER
503 401 778 482 G.C.H.P.
2506 322 4348 579 MARIONETTEN-THEATER
877 447 1342 582 1.° ̃
5348 576 5552 710 G.C.F.S.
2500 608 4342 757 MUNCHENEK KUNSILLK
4988 731 5181 836 G.C.P.
1623 898 2412 1029 MUNCHNER KUNSTNER
1743 994 2289 1091 Gegründet 1905 von Paul Brann
3582 956 4640 1085 MONCHEN 38, den 27. 8. 1930.
3836 1067 4017 1137 Gefrahje 78 E
1795 1064 2248 1140 Vor: (für Puppen, Dekorationen,
3655 1073 3856 1181 ipruf 61040
3836 1093 4099 1181 Hauptgeschäftigt
4353 1064 4529 1181 perzänlich
4348 1137 4535 1228 stellungspark
5380 1126 5541 1237 B.S.
3576 1158 4099 1257 Fernruf 74709 (Sekretariat und
2716 1117 3269 1269 Blatt 2.
2096 1266 2377 1371 Leu. Prot. Julius D
2108 1360 2418 1433 Paul Ludwig Troos
1696 1447 2336 1553 Künstlerische Gesamtleitung Paul Bran
2842 1529 4698 1620 Fein wäre es natürlich, wenn Sie mit dem Ober¬
2400 1617 4620 1702 bürgermeister oder Breitner irgendwie gut stehen würden
2415 1664 4710 1772 und dadurch äusser der -Intervention bei Glöckl auch gleich
1629 1661 2026 1769 Veranstaltungen 1930
1620 1754 2342 1839 dem Jahre des 25jährigen Bestehens:
2412 1748 4690 1824 noch ein Weg zu denjenigen gebahnt werden könnte, die über
2412 1807 4579 1898 das Geld verfügen, das ja,— wie Dr. Bach sagt,-
2412 1865 4710 1968 reichlich vorhanden sein und an sich nicht ungern für kul
1637 1851 2064 1971 Januar/Februar/März
1643 1936 2199 2023 Amsterdam, Haag, Rotterdam
2412 1956 3935 2032 turelle Zwecke ausgegeben werden soll.
1629 1976 2359 2093 und 30 andere Städte der Niederlandt
2848 2064 4672 2164 Bei meiner Sache könnte vielleicht sogar gel¬
1623 2105 1827 2193 Mai/Juni
2412 2117 4675 2260 tend gemacht werden, dass sie schon vor so vielen Jahren
1629 2169 2298 2251 Stockholm, Theater der Ausstellung
2412 2219 4549 2310 einmal sich auch für die Jugend bewährt habe, als sie
1623 2234 2061 2319 Oslo, Chat noir teater
2412 2266 4766 2380 monatelang in der Urania spielte und es deshalb vielleicht
1643 2345 1868 2418 Juli/ August
2418 2336 4584 2433 verdient, gerade in diesem Jahre in Wien Unterstützung
1623 2374 2330 2494 München, Herkulessaal der Residenz
2418 2412 4739 2512 und Verständnis zu finden, wo sie sich nun gerade 25 Jahre
2412 2473 4222 2564 so schlecht und recht durch die Welt schlägt.
1643 2476 1877 2596 September
5336 2538 5579 2643 sse's
1643 2576 2061 2646 Wien, Schönbrunner
2854 2596 4634 2693 Wir sind z. Zt. Beide recht gedrückter Stim¬
2228 2611 2392 2704 ktion der
2023 2678 2240 2760 undestheate
5345 2664 5564 2778 838.9
2418 2675 4514 2763 mung weil alles das, was da hier nebenan von schönen
4912 2666 5207 2775 D.U.T.K.T 3
2421 2745 4716 2827 Gastspielen verzeichnet steht, nur auf dem Papier so herr
1637 2769 1824 2865 Oktober
5348 2789 5605 2921 344.84
2424 2807 4766 2909 lich aussieht, denn wenn sich nicht (abgesehen von Stock¬
2050 2871 2281 2959 Tschechos
2441 2880 4719 2965 holm wo ich festengagiert war) überall gute Freunde finden
1634 2906 1813 3017 unter
2050 2947 2278 3017 des Masary
4880 2897 5608 3035 ̃ '̃ :̃̃ ;̃ H.I.R.V.
2430 2947 4722 3041 die am Erfolg mitheilen so muss man gerade froh sein, wenn
1655 3006 1842 3073 Budapest
2430 3014 4628 3102 man mit der Sache sein Leben zu fristen vermag. Wie aus
1643 3055 1903 3125 Siebenbürger
4877 3049 5289 3175 recembre.
5350 3035 5576 3175 s20:2
2424 3099 4675 3169 den Kindern, die überraschend'schnell gross werden, ein¬
1637 3117 1819 3187 Bukarest
2412 3158 4663 3231 mal etwas werden soll, das weiss vorläufig nur der liebe
1637 3204 1868 3307 November
2424 3228 4643 3313 Gott, denn meine Kräfte lassen seit einem Jahr merklich
1649 3269 2237 3371 Nürnberg, Hotel Deutscher Ho
2418 3295 4555 3374 nach. Es gibt ja auch, — so viel spielfreie Zeit auch
1637 3345 2266 3438 Stuttgart, Haus des Deutschtums
2430 3351 4637 3438 meist bleibt, — für mich nie eine Erholungspause. Jetzt
1649 3409 1924 3482 Frankfurt a. M
2424 3418 4701 3508 schon seit zwei Jahren nicht einmal zwei zusammenhängende
1649 3453 2181 3544 Darmstadt, Landes-Theater
2424 3494 4605 3567 Tage. Meiner Frau geht es auch nicht besonders mit der
1643 3526 2126 3605 Mannheim, Rosengarten
2435 3570 4658 3643 Lunge. Sie geht morgen für einige Wochen zu einer Liege¬
1637 3582 2140 3663 Wiesbaden, Staats-Theater
2424 3625 4658 3716 kur in die Nähe von Bozen. Zum Glück hat allerdings eine
1655 3663 1871 3777 Dezember
2424 3699 4693 3783 Röntgenaufnahme, von der wir nichts Gutes erwartet haben.
2430 3777 4710 3854 den erfreulichen Befund ergeben, dass gegen vor drei Jah¬
1643 3763 2251 3903 und andere Städte der Schweiz
2424 3842 4710 3918 ren, wo alles verkapselt war, keine Veränderung zu merken
2435 3906 4675 3994 ist. Aber ihr Husten muss weggebracht werden und sie hat
1643 3909 1883 4003 Januar 1931
2447 3965 4628 4064 ja auch nie eine Erholung gehabt seit zwei Jahren. Spu¬
1649 3962 2248 4082 Hamburg, Staatliche Kunsthalle
1655 4044 1813 4128 Bremen
2435 4023 4473 4146 tum-Untersuchung war glücklicherweise ganz negativ.
3459 4219 4231 4330 Troost erbauten kleinen Festspielhaus im
4219 4213 4421 4333 Städt. Ausste
2842 4231 3397 4339 Istattungen in dem von Prot.
2055 4219 2769 4353 Hinrich während der Sommermonste
1643 4239 1880 4362 In München
2842 4321 3394 4424 ner Residenz, im Herbst und Wi-
2050 4336 2766 4432 staltungen nur im Herkulessaal der Ma¬
3935 4327 4412 4409 Gastspielreisen im lä- und
1637 4348 1880 4424 park statt. S
3462 4327 3947 4412 mit eigenem Lastkraftzug
