6200 4280
2862 362 3059 499 II.
5851 341 6037 580 15
3291 352 5872 703 selle, tat i wil der arder at dor Mef
190 415 2999 802 Auf den Kritt jezt wir zweyen auf-il; prae-
3312 608 5876 883 let jegage was – Dr Rens in de a twee her
179 643 2894 942 elegend Ternit auf einen Smen, ohne wegen
3333 767 5693 1104 puisiten Tecken im Bebetofen in Sprache,
214 840 3042 1171 weise jegen even as spifllen; weil Stelmeestand
3358 978 5774 1241 in de Biblof in de Lift je s'en tell... (to
232 1090 2901 1396 nos Notsbeant noch l. April Reiseeure, die
3347 1167 5728 1449 mahl de Ryel Secy, ht. sept e wollte dube
271 1252 2757 1596 glad in 8 Dezerniertel, also wir
3358 1350 6020 1663 day of;ich as [illegible] hall were in this fichap
229 1428 2785 1762 des pois offizées, die möge nicht 1. het
3390 1544 5644 1748 whoher - his Novem  Hill to
239 1660 2876 2001 Sauwers jugetost —. as we at you and not
3386 1705 5872 1973 de Dll vordert hullepaa, dA
1188 1860 1438 2011 dr
3801 1906 5626 2053 du dernier freiallf. jeusen war
253 1839 2841 2166 kurft mit eine Vacance, in festing
3379 1962 5721 2264 Neblin in 1 Obrist Reision, - and
2672 2025 2982 2201 sleter
250 2082 2996 2366 was erftocht Blad höreins; - uf baut noch
2198 2226 2676 2373 in Rest.
3442 2131 5693 2440 peu culde, be de rien c'est, - scileur
229 2310 2869 2556 ein Kiffe, weil in plöst Regiergefall nachgebe
3432 2352 5559 2641 do not be den of John out quo
1741 2458 2556 2623 der eifileteur gi
218 2493 3035 2817 en ordon xyz kaffen
3495 2553 5812 2838 ne - in but indeit till, alss
288 2693 2809 3035 [illegible] Br, but don't come him.
3502 2736 5598 3066 in Obust sit with een Frum den
243 2911 2831 3260 manl bemerth noupe Bemerkning ite
3551 2947 5570 3238 Rezemahlen - als licht ent¬
4445 3151 5053 3281 sent him in
1104 3126 1421 3298 Frank
3544 3161 5637 3453 mich wieder: De Barthatte
211 3196 2813 3474 die sämsterliche Juristen, das wir an Betrieb
3523 3347 5563 3699 I will be the best in½
2490 3439 2824 3674 Mull
232 3390 2359 3671 at Raffe irgendt bekom.
3580 3548 5503 3836 M lle de Bon, est de
260 3597 2437 3956 de feifs n de Jert jællé, bemerkt
2504 3646 2732 3924 1.
3657 3738 5619 4044 entanstalte. ich fest dann
