6200 4136
111 161 280 341 36
1328 226 1705 391 aime
126 287 2771 617 [illegible] knt imif jünfte byDe
240 506 2753 718 of Jusperroal in annf, tarum in in-
154 678 2778 915 Abster Jäcklichkeit Blen... 4 - Rund -. -
197 897 2641 1166 as auch ist aufgelegt alld
133 1127 3018 1436 zu verlehren nicht gerecht – werf ich dahin
1407 1328 1809 1507 "for 7"
136 1331 2971 1633 on kleinen Abenten is in Künstichs.
161 1507 2695 1895 déf. c'est juge lui, de lui en Fre
172 1819 2871 2085 der of you I shd outenutit - for ea
144 1985 2943 2322 liebend in gelick fallen - mir ihre
179 2254 2803 2577 tot d'arbeiste, - ne une bot¬
940 2476 1231 2631 Nur
226 2501 2792 2817 pident of Fiche God -,
194 2645 2936 3025 sept hof - 2- wie hatt ich darufgeben
205 2893 2878 3216 dorf - - der liebe mit; - ne me pot -
187 3108 2699 3456 of where - he was abey, &c
176 3320 2846 3603 of the phinca - weiluf = in publ
190 3582 2821 3876 nicht - und zu tief sein es
3614 230 4622 409 Es ist meist, ja t.
3212 316 5803 603 Dass der Tripp aufgetragen u.. Als auf einen
3183 416 5936 779 Ich mandte auch an. Ein leicht Bewegung Gattin¬
3194 682 5850 1001 2t werde wifin  - de Dieu vous en en
3216 843 5893 1202 warz ingeble, nie in schrägen Sache mit frie
3176 1016 5882 1396 (kurzfen-- wir trale u d. Gewesenen bey
5204 1105 5390 1224 het
3172 1227 5903 1597 de Plen T- en wit erlevu faitment je de M.
3176 1428 5903 1787 es mir nicht der Spt fürn, u den de Leubz
3176 1601 5832 1931 and hee to Trubilil i lina jat - e
3190 1762 5929 2128 de faire de haut-cien peut en Heu
3194 1995 5731 2354 in feviting B Servant, - T. P.D.
3201 2257 5918 2605 toué;- cela j'aisserayt ou c'est un
3212 2498 6008 2849 On Apeth aller yeir M jusns - d. trach
3259 2767 5957 3162 a part off - - - weisse Gardue sent herib -
3233 3000 5839 3388 schloß und der der Freich¬
4558 3244 4834 3427 P.S.
3244 3180 5810 3539 le soirte Garten pitiuert ###
4055 3449 5850 3704 In der ließ die Hänner auf
3287 3528 5853 3772 vot un attache droit. M r sept xxx
3273 3671 5903 3933 nisten, bezahlt auf; - die neue
