6008 4104
2895 303 3226 428 18.2.1928.
3450 340 4295 533 Ihr u. ich noch nicht¬
3408 473 5313 646 Ich war völlig wach sie aber schlief. Sie
3413 629 5486 757 schlief so tief, dass ich mich nicht nur laut-
3413 737 5423 896 lose von ihrer Seite erheben konnte, (sondern
2988 737 3345 953 Sollant
2968 893 3368 1097 monsieur,
3402 870 5591 1049 dass ich auch hätte fliehen können) Es wäre die
3408 1018 5602 1199 einfachste Lösung für mich (aber es wäre
3413 1194 5330 1352 nichts damit getan gewesen. Binnen kurzem
3396 1304 5551 1520 musste sie die Nachricht von anderer Seite er-
3413 1503 5477 1715 halten. Entweder kam Mülling, wenn er mich im
3413 1616 5599 1848 Hotel nicht fand, wo er mich ja aufsuchen sollte.
3419 1769 5585 1970 und übrigens war es nur eine Frage von Stunden,
3419 1948 5585 2123 oder Minuten vielleicht, dass der ganze Fall im
3408 2121 5605 2296 Orte bekannt wurde. Die Depeschen über das sen-
3413 2237 5693 2441 sationelle Duell mussten längst nach Wien gelangt
3425 2410 5534 2594 sein, in den Mittags-und Abendblättern mussten
3413 2543 5622 2770 sie gedruckt stehen. Verwandte, Freunde, Bekannte
3419 2716 5619 2878 würden hiehertelegraphieren, ob Agathe ins Freie
3425 2878 5661 3053 trat, ob sie sich im Hause hielt, binnen kürzester
3419 3050 5480 3178 Frist musste sie erfahren, was geschehen war,
3430 3161 5659 3365 Wie stand ich dann da? Welche Rolle spielte ich?
3479 3314 5576 3513 Ich konnte, ich durfte nicht länger zögern. Je
3436 3464 5625 3677 unerbittlicher wach ich war, umso unwidersprech-
3442 3694 5534 3853 licher wusste ich, dass jede Minute die Lösung
