6285 4264
2890 312 3089 505 6
452 368 3024 651 Uur même erst, et mais en un act en
3388 475 5911 778 at he aheg -  & in
475 586 2786 892 Wchs in eine gegeben Wort
3398 693 5875 1081 le tage S. aussi Briefe; - a je
478 765 2975 1107 eilhörele in orris.. bemerklich.
3401 941 5953 1315 tout neuf; - rei trist, beuil jede
508 1045 2881 1240 „ Eigullert hilteil u, wo u un tes
3512 1227 5595 1491 fib - uil de harle ici
459 1185 2988 1452 erwartet. Den ne biaal ud bnd i.
4404 1393 4577 1533 le
495 1422 2871 1654 ringbittet - wir so unerwült a
3375 1435 5914 1771 For - a- und Sosten für erbereit.
420 1624 2900 1924 vergleich- & - an lita möchl. S
3385 1683 5732 1995 in der Seut prtellen is 1 und
511 1836 3125 2161 de F. de P.M. Urpartinck (or but
3483 1924 5924 2243 int alle cnedt. ni selbst...-
550 2096 2838 2331 (Oberh) - alle compteres -d
3574 2129 5579 2431 Ehr. das er sijb ich nicht
758 2292 2750 2568 Mrouple ci,
3385 2392 6005 2663 Nis, bemerkte Muth weil ein Wolgast
622 2503 2838 2799 my bekauil. for twee junge
3411 2617 5530 2890 La Vaille hu nd de eijenckeit
615 2731 2965 3027 Hoven. I Tull des Doctor. X.
3434 2842 5921 3164 dat schef end pue erwarten
605 2985 2998 3356 tretéide    un   eu de
3372 3043 4323 3395 Sul. nt up
644 3262 2871 3574 - in Matt. a gegenberl Ufer
3418 3294 5700 3629 Nubzweif. erste ich – wie ein T.
596 3428 2900 3792 und überhänglichst Schrötter
3392 3587 5309 3890 heb    in teuberge
677 3655 2633 4013 geleoff bet -; une P. Blum
3395 3857 5686 4092 Mr. bested M  with a libeilget
