6216 4104
114 41 300 252 11
303 200 2757 572 aufgereich und nicht – da gehört und
152 376 2760 786 der aufskaligten Eigentivungkeit der
131 672 2626 965 S.H. Hovens Leobuger; and the Eave
172 899 2743 1210 Welt Housager fittte wihl,    in
1275 1072 2020 1230 most du veu
152 1141 2702 1323 - wenn wohl auf den wegen, wenn
121 1272 2747 1644 Ajell here don't getobt hatte. So regel
152 1482 2795 1775 2 cks; es selbst, daß was Jugst et wolle hareulx
172 1692 2843 2023 mir es nicht nicht auf ausfolgen und be¬
731 1923 920 2064 we
131 1944 2843 2268 dabei...  gänglich vorgenützen – nicht un¬
124 2192 2716 2512 in of one aufgemeine Meßendafern
121 2457 2764 2729 all ineryvellul kleinen Jutrens Pents
906 2602 1175 2726 daar
1403 2592 1565 2795 4.
124 2695 2723 2960 lent tragen de Smulet sprachen,
128 2881 2771 3239 Katsch, Regitte, in July, O
107 3109 2740 3453 Vu leurs et bien de Somagast. Rerns
148 3360 2574 3722 abjelsam geplante
124 3622 2895 3911 Reise - wll, sey erefra Age plaats
5762 214 5948 510 4
3115 207 5290 641 &cke to of fatt gen
3119 572 5866 917 ohnofte feremittetes Appellat gesetzt
3102 810 5600 1127 daß Eit. Erst war,  von daß ich hergehen
3153 1006 5759 1372 be, in Øgett d, berichtes; — is ever
3439 1230 3646 1358 the
3122 1248 5766 1609 nicht Wirklichkeit wie auch verkaufheit
3160 1530 5803 1868 doch en colleganden, at N im in de con¬
3167 1744 5803 2140 to the late, for the said amantinastly
3164 2026 5745 2254 Nod -; auf der nicht stete darauf ein
4025 2206 5252 2405 es in avit tems de
3153 2233 5638 2543 feite pied; - for an een Wirklerstr
3719 2423 4167 2609 durch die
3188 2464 5817 2726 e de cet un strebber, - à M unteur
3184 2636 5683 2978 sibereble; - my himself, inde in
3219 2898 5669 3229 meur cela cause s'envoi- et faire,
3202 3109 5573 3398 Der Stelung zu geb. gefälligt Belang
3208 3264 5814 3622 Mr A Fries Cromhane M... She gatt for
3229 3543 6000 3846 Agak war ja auf: auf die aus der Westleßen
