6246 4136
2919 220 3073 412 15
669 339 2963 597 Biblio in de wit it Iohn in the
3504 333 6008 657 werke, taf ihn – be in Bigelwerber
3648 569 3859 660 nam
688 493 3011 845 gave mer, - fier des habres getalte
3413 603 5883 870 & in die Titols for griff &c to pttut
4751 735 5839 949 shal in a Han or
3422 760 5735 1065 Be an kopelwarbel jntof ni zu fle
647 732 3092 1122 and it a write by a poed
3450 974 5663 1210 &c-c-t-c
641 1024 2973 1295 menst, und nicht mit zweifelte
3416 1160 5851 1420 hil nant twinteke - at heil het
679 1194 3086 1499 Came the viffuille in the pfeige.
3482 1417 5895 1647 so get jeziell une d'endre - a fit
742 1417 2869 1694 a. or allurindeet in al
3463 1549 5697 1879 not ewengr at Schulz, - I
720 1609 2860 1936 Sr de Obrist  not
3432 1788 5955 2118 2 weiter in d Regel & Bill - you but
676 1873 2813 2087 Kerk der A Baron beschied
3476 2036 5974 2347 on the L. unless - (J. L. juff. a remitt
691 2021 2910 2347 in 5 jong t hiebluis. of Hielcke
3435 2256 5792 2549 wasd recht kk. laubel Sijn – t
716 2307 2319 2549 nef Avend impte.
742 2464 2794 2709 I am to have over
3469 2479 5864 2844 be drik bal car er m indigemt
782 2662 3004 2948 mievon and das till - da-
3472 2712 5675 3033 ndch er gestossen;
3526 2901 5672 3221 = hen un ball bed nicht gietet.
804 2866 3083 3117 the wsbe jegay in the beben
1471 3033 1992 3227 reiltet
3501 3064 5788 3309 - u mit jet wurde...
836 3111 2847 3331 Ist es morklich -. Teul
3526 3243 5578 3548 Dewes - schwert der excellis
826 3322 2841 3551 ne propos jenen – „ ceci un fass
3526 3472 5603 3784 décriere, dès encore jachf. Car
852 3491 2945 3765 be kollbloghert - T. Rilwerk
845 3686 2885 3931 tortent Juli - y n'a pas d'aille
3545 3705 5565 3969 de allent jeune-y-ber de
