6200 4152
90 205 2681 658 Tobage to  Gatter fall
284 507 532 679 W
93 553 2767 873 können, — er in wissel ernst —
122 776 2584 1118 in ich dord fige en ernstlichs
93 1003 2695 1305 zwischen ihren Eilig) (Liebenkam im
93 1193 1905 1502 I in the surphed
205 1434 2706 1761 tend wir einem plötzlichen Erschrieben
1836 1606 2257 1757 broe
216 1689 2695 1991 auf einzu – in all bezahlet ist
162 1887 2688 2207 tell in Blick neusent, all in years
963 2045 2541 2365 6/7 mit 5 H in d
550 2160 931 2336 sich.
1067 2181 2663 2490 in at set in roll or
176 2242 949 2519 to the lie.
151 2415 2609 2659 Rw and abules, I doit de
162 2591 2638 2918 Schlag  -   1    h  - 1- gl - till
172 2800 2667 3209 in Schir la, offent Rem
183 3012 2667 3418 Afs v. Mödlichkeit, und weil auf
216 3360 2728 3680 criff. Nordver et une en est tué
514 3569 2692 3914 Holld - I fte al hart i
190 3543 456 3831 de
2764 237 2950 424 10
3202 212 5840 607 Gemeistert tre ju nlet werden. he
3727 510 4535 686 aberzeit sich
3145 532 5843 819 Uneute das Schön-Schrinde; — und
3155 722 6034 1024 (Arzublet, Aigenblick) -
3198 952 5754 1287 in Jailen, and.
3220 1225 5890 1520 fernerten, in dem Stunden von den
3148 1434 5847 1883 Mey her, - empte auf - hall
3166 1736 5930 2077 k; wille, - ni cœur auf ich wissen
3170 1948 5854 2286 gleichgelt, nicht beachtlet, überhört
3166 2239 5966 2591 in Rach I Trinkenbert der negotzen
3170 2516 5782 2814 a/ont kortlede Sted - wurde n
3184 2717 5815 3152 sullich, einmoll - zu l überlaust
3202 3008 5782 3328 in er Sie her; -
3242 3234 5854 3536 esco intime het, et compt all
3188 3583 5879 3899 Monsieur et la cinqe avec
