6040 4120
5344 384 5505 560 43
3375 539 5719 763 ihre wärme, ich besinne mich, bin wach den Bruchteil
1886 477 2398 727 se même a été
4784 649 5657 777 Bart repet if you Trer-
3393 736 5648 911 eines Augenblick. Dann wieder der jagende Träum:
3631 822 3896 923 dep im
3387 852 5663 1037 Wir erheben uns beide, schon dämmert der Abend, es
3405 1001 5585 1186 ist höchste Zeit, dass ich endlich spreche, ich
3446 1132 4182 1227 Au du même terre
3399 1180 5704 1352 wage es nicht, wir erheben uns beide, verlassen das
3387 1296 5523 1460 Zimmer, das Haus, gehen den Weg wie neulich zum
3387 1457 5692 1635 Wiesenhang, ein milder Sommerabend, wir umarmen uns
3405 1638 5654 1787 im (iefsten) Frieden des Himmels und des gedahnten
3399 1763 5645 1936 Sees. Wir müssen hinab, sage ich, man erwartet uns.
3405 1897 5514 2130 Wie wieder, entgegnet sie. Du kannst doch nicht
4787 2037 5472 2130 soweest die freudlich.
3417 2112 5725 2288 glauben, dass ich jemals zu den Andern wiederkehre.
3417 2282 5535 2446 Und wir stehen zusammen an einem Coupéfenster
3405 2407 5680 2577 auf die vorüberfliegende Lan dechaft hinaus, wir
3417 2556 5686 2726 halten an einer Station, ein Telegraphenbote ruft
3417 2705 5579 2901 ihren Namen, er reicht eine Depesche herein, sie
3417 2866 5725 3056 öffnet sie, liest, läuft aus dem Zug, unbekümmert um
3408 2979 5627 3187 mich, ich fahre allein weiter schaudernd, wieder
3411 3125 5731 3348 fühle ich Ihre Nähe, ihre Wärme, Augenblick des Be¬
3429 3306 5823 3494 sinnens.-sinke neuerdings in den Traum, höre raunen
3429 3476 5660 3643 im Garten, langsame, feierliche Schritte über den
