6200 4136
2803 247 3025 533 36
3354 304 5574 568 Sal he yeil de Rillaucis. - Miss die
5680 289 5899 604 14
134 307 2976 650 wir. Auf der hi mit Kmitung wissen.
3435 477 5549 752 dox Esti weil ich ein Verfall hoff¬
184 593 2785 886 Hilleg in Rufzug. ich will mit
3491 660 4462 960 Zeit weiß - : -
3541 815 5249 1101 And it is not of he da and
5341 822 5729 1052 The
159 830 3000 1140 selbt i Rien ouolofe
3442 1010 4663 1292 seer kauft gehennt.
469 1034 2937 1391 & je nyf j'en rer kron. as.
169 1045 459 1334 &c
3601 1144 5690 1444 So so teul.. Ich wir auf de Rohmede
184 1260 2965 1596 Tous part - et en petit un fort an
3601 1310 5228 1610 for the Ld Wernertton
3618 1536 4127 1800 sogle ut-
399 1539 2753 1853 - Esist un que hier licht,
3650 1645 5662 1934 nez de cet de vugleible -uf resté
169 1807 2909 2058 Alin- uf bled heweg -  ind
3590 1874 5341 2157 will. Mr Kin wollt nicht
3664 2044 5803 2284 Eau sept vier le Erregiens - une mégion-
215 2016 2824 2411 je ha Verkg; - if men inverlet -
3604 2231 5228 2460 den einmal- at 16 jätres
325 2273 2757 2619 Kf. Oplise nachdemit auf ein muss
3745 2393 5764 2669 Ich will erkauft. Heulkommt nur bis ich
3848 2595 4314 2810 mehr¬
279 2549 2866 2895 -chen - es ist nicht zu lange nicht sehr
3724 2633 5662 3004 Jetzt wert ich plötzlich wieder
194 2775 2888 3117 a and negolurke àul
3562 2912 5817 3188 [illegible] - jusqu'à la nouvelle
522 3039 992 3241 rendre
3569 3061 5563 3389 votelten überträgt, in dies gerelbhaft
297 3085 3022 3392 et Vugnüge, 2 ouburgen dès du Freilin
3664 3265 4638 3449 in the Town. -
307 3283 2880 3601 du Tresdée, wofr Trosch,itmull
3731 3378 5239 3636 Auf den entschienen
3862 3558 5168 3788 Auf -, unterz - oben Eiln.
297 3537 2926 4003 Auf: nur um zwischen der Beitsfrau
3865 3692 5496 3943 Solle Gewerken von seiner Verbrechtung
