6200 4168
3168 264 6035 535 einwillkentniß gebezweill seits intestr.
117 257 2948 543 -ligener Eck natur beweilen noti mein
110 458 2801 763 Die gegnericht bekannt vor etziger nach
3215 491 5906 763 - De ceux Dieu avec jay trouvé. Mon
187 627 2863 887 Sämmte.  Mittag berichte nachlich verders
3171 737 5855 979 interen. Und er m. sofort xxx; weil
183 832 2764 1056 Er was sei mög bevordem sport wir
3160 895 5910 1232 eines oberrente gewandtheit, sofort b
198 1030 455 1162 but
1947 1030 2691 1214 glen 2 Regis
198 1144 2731 1364 ge nicht: Mühle beiblet, sollich:
3142 1100 5752 1426 be order. This, - bei de France in
172 1276 2907 1569 de Terrein, auf den ses Ziell statt sind
3164 1360 5961 1683 suluf alhie zulvene beide Fiscien
656 1437 2915 1631 nur dar wir brichte stell (gleichwochen bekant)
161 1452 2922 1793 sollte; es mir in Weltcher drinbleisten
3179 1540 4975 1833 Er legebl wird bei ihr
136 1686 2728 2027 lidting, in half until butts R. e.a
3384 1778 5602 2068 Alle St aber schritte ins sich nicht kalte
205 1925 3065 2273 tall De toilidt st d  knteten Heer calfant
3289 1972 5756 2284 no F éto sich schuld plasse auf den ich
4381 2145 5345 2299 de la lettre et de
4073 2130 4400 2273 mark to
213 2163 3043 2427 in de Nacht zur kleinen Wirtham, in den, um
3248 2152 5668 2482 ne bemerktejeert sur l'eau de tete,
1496 2321 1921 2511 Kärtl
3204 2365 5716 2607 2 mai été en écrirement fait en qu'elle fin.
128 2343 3083 2772 Nell teil bemerkt iets mœufe Versätig sich sein
3197 2566 5848 2860 & ha vie, tete – wie man gut aus nicht.
198 2596 2827 2926 delipfiecle telles Mote et d'imptes Thies
205 2808 2977 3065 nicht Sinkynin, von im weile Verleiß nachricht
3329 2750 5620 3043 - Und ici, aufstecken, etc etc etc et
205 2995 2918 3307 wurde M. soirung beworben, mit heu M.
3329 3006 5543 3256 von alle aufgestanden waren,
1573 3230 2093 3366 men de
205 3175 2981 3655 blrikel.  Mir wurde fortverstließlich von
3318 3230 5397 3567 seit völlig und träge, er ebenste
227 3476 2709 3791 i in the    in a  Riten Seplag M
3292 3457 5345 3773 am... 6 Sept. 30. Moff -
3336 3666 5232 3875 the "M. befeile"
224 3754 392 4004 be
