6216 4168
186 196 2905 628 schreibt seyl wie nicht einige lage.
140 526 2961 835 are any of the little p sein... I will
165 758 2639 1077 du Pribt xxx un peu un milieu
137 1004 2796 1309 of Inhabitor. woond if he will
154 1288 986 1544 orilets will.
396 1488 2491 1754 (Ich me was in lune Cemr hf
382 1663 2421 1937 an ein Secrutement    "  Sie op tief je
382 1867 2632 2077 nicht da auf Sie in der Meute beide.
333 1989 2456 2277 my﻿end unill, te Cente.
389 2179 2414 2512 9    -  3  of weil in re-t. - trice-
393 2442 1239 2656 lebewoute...
386 2635 2656 2870 Dr. E Bellver, clege de rent juste¬
446 2782 2709 3084 he lost den Tortrott. Cruf d Tacc
396 2965 2660 3256 Jus Wager    "  Selken... Mir in all
656 3196 1418 3446 Seventer. 1.
632 3344 2635 3677 Noch if R viel auf aus einen halben
547 3547 2733 3877 unformität!” Auch bei demn.
632 3765 1340 4018 3 " erfaßet
3207 291 5621 639 Mr. Liebte aufgegeben weil ich 1
3211 575 5874 891 ﻿buch nicht but. I don't not unif Mms
3214 775 5660 1014 wenn in einmal zustellen; - u. treufl
3186 986 4632 1274 greif zu nöltz.
3484 1165 5067 1456 Unbgrifft beleibolie
3277 1347 5554 1670 Uhr einlom alle. Sein he sauf Fusien
3435 1523 5200 1768 flappment - your wife
3277 1726 5705 1993 Nen. Newers bill & Bichl - ce Septembre
3256 1933 5589 2235 et huit rgos, il ae le Frei vien
3242 2144 5418 2474 à 5 hui auf noch! –
