6200 4104
3335 198 5937 566 and imerste well wie if- in of die
3312 465 6004 830 nicht willen des
3134 646 5720 1115 & due Elehre or in imnfuehly
3295 844 5934 1326 Tout en onougle chef-eux trom
3302 1196 5911 1577 ein Tage, w- Reit in Lager, Bd
3292 1460 5854 1815 Häptigkeit wird - einigen
3429 1658 5780 2023 das ich, - im vulnen¬
3345 1959 5961 2280 no in Kntab  the tisten
3305 2197 5820 2498 is a I have a letter of her
3362 2438 5787 2860 de vouloir à une haut nicht empa¬
3302 2682 5803 3114 is in regle. i Mon m. - -  But i hee is
3530 2957 5311 3268 F.TrubyKing.
3309 3218 5817 3499 nein - es k - u beiden wir er beflieb ich
3412 3379 4946 3637 intérieur à mich.
3359 3593 5609 3885 mir gemacht: ohne dort hiezu sich
3600 3731 4280 3868 und schon: -
