6136 4168
5318 352 5480 516 60
3557 493 5794 732 Mülling. Agathe war an diesem Tag für niemanden
5197 692 5497 790 nil in
3560 744 5578 928 zu sehen. An den See kehrte sie nicht mehr
3563 902 5805 1041 zurück. Die Villa wurde schon im Herbst verkauft
3566 974 5849 1190 und im Frühling (schon) fand die Vermählung
3540 1130 5854 1335 Müllings mit Agathe statt. Böse Zungen flüsterten.
3551 1300 5713 1484 dass sie schon zu Lebzeiten ihres Gatten seine
3551 1435 5788 1655 Geliebte gewesen sei. Später begegneten wir ein-
4796 1608 5488 1730 Sir    S K
3540 1629 5653 1802 ander wieder in Gesellschaft. Niemand, der uns
3543 1790 5785 1969 miteinander plaudern sah, hätte ahnen können, dass
3543 1949 5647 2142 ein seltsames und tiefes gemeinsames Erlebnis
3540 2122 5843 2274 uns verband. Ich selbst, wäre
3537 2263 5730 2462 mein Gedächtnis nicht so treu gewesen, hätte das
3528 2358 5679 2574 Ganze für einen Traum halten können,so klar,so
3537 2571 5555 2750 erinnerungslos, so unschuldsvoll tauchte ihr
3534 2738 4355 2906 Aug in meines.
