6200 4232
4606 214 4870 442 re
2690 253 2875 460 J
5854 371 6061 596 21.
3172 378 5997 738 Es was nahe zu Nelleydindee, da Heil werbelte wegen
5540 392 5836 656 tib
3111 635 5904 895 de Trim besoit déflig.  cois p wenn berd for
3122 721 6001 1156 at der Morgen im Waldstraße sey. - (aber die Frage
3189 942 5847 1338 mer  as unglichstol in der heute
3225 1092 5990 1530 Vll Lubey liet rollt, a votant c'est de
3254 1320 5929 1745 Molle weilen sagt er Milling ernst¬
3243 1563 6011 1984 me telle victiulent lesd en de fleur pracht
3207 1730 5797 2133 Une in Tuhn graff er plöttert auf ei de
3147 1934 5829 2344 fueige, die übe vor Sorgl kragen, und
3186 2126 5869 2508 hort einen ab. - Einen mit beleitlichen Art -
3849 2351 5915 2718 nicht läge, eine allein Ein Unternehmung
3179 2290 5961 2872 N hulle was zu ist die klein Verbräßung
3193 2547 5847 3079 at, had it a wd Mllentine und tuell nyci Hilde
3150 2729 5747 3254 yor nyleit Länge ud Hand. Bef noch ein
5323 2751 5965 3015 2 Blätter
4830 2890 5387 3047 zurück
3118 2947 5508 3321 ndt Rechte, d ausdre die Corke.
3182 3122 5754 3510 Der längere - - Ich weiter Weste in F- Ell
3204 3386 5726 3746 wert so wehrt auf eben, ich weis wust —
3193 3596 5672 3939 als is a one of the one.
