6204 4104
440 386 2689 640 Dedlage kann auf ein Wien; zutreten
477 620 1439 816 tourir.
606 762 2340 996 Mull inst brl - hei glant...
505 904 2123 1134 Hrenart wie wohl denken.
613 1073 1605 1253 and pai tes baills
559 1148 2269 1426 H. Rittweide, weldern nach
626 1368 2560 1625 at Grues I built in eir breit argig
1023 1510 1368 1632 wollt
660 1544 2441 1778 den ich nicht begernet vant i Rej.
674 1686 2546 1930 Rudlebten; zu Ert in Ue Re¬
674 1866 2733 2123 im Zyn,ollen des mußel Sont
694 2001 2821 2337 Legleben mär. sal. ich sehe t wur
775 2194 2665 2526 Seurje je suis m’en cette
789 2438 1910 2672 sladt u Jaren.-
813 2445 2780 2878 E.v.S.- carl ten - de Berlin
901 2787 2875 3081 Sch. Sont Abend in J.M. (1 Hinck)
989 2956 2706 3210 weil und gegen Schwarte
1026 3129 2252 3379 Milders, the -
952 3346 2685 3576 Til km ne wohl denk, I had
911 3498 2753 3745 wel compt – ab mit nos vale umst
1077 3681 2276 3884 schaftulos pla St.
3183 220 5550 538 mir ein Mortiret jenre sein, dessen xxx
3170 491 5885 769 der durch der Stadt Offizierschänkte des Gyrn
5459 521 5797 664 eiven
3180 725 5645 975 Theil zu erunter Correprise geführt halb
3173 857 5445 1161 at es mit der Fall zuweinäre.
3325 1124 5794 1422 Ma decht in solche Fälle, auf Schimen
3176 1327 5543 1568 on die letzte hoch Aufteile und eine wir
3170 1548 5608 1771 <gap/>
3183 1724 5564 1984 an die örper holmorgheit, die viel¬
3200 1937 5797 2269 ein unglibliche Eiszug knupfen, und
3200 2174 5838 2425 mittant nicht gern münen. So plos denke
3190 2408 5746 2658 air en jeur spale l'beaktinde, at can ihr
3234 2553 5716 2875 allafrede St. Dct. op anowelten, set ist
3200 2729 5699 3109 aller andere Maxe, die mit dem ihm so
4808 2973 5245 3122 ment.
3173 2943 5814 3254 de partit chez bevorstand, keiner sie am
3170 3173 5723 3593 nary hath; - Rauwe in emparaltem as ffelle
3197 3400 5926 3840 Johann Bernthenien, die unter eine Plastgabe
3251 3688 5733 3955 nere Gefände und zu Nabeyern plaße
