6184 4168
3826 280 5191 586 Dr. Schöne
3127 506 5228 803 Sieseper auf der Terrne des Stohls
1998 596 2321 809 G.C.H.F.P
5365 743 5744 892 me in
3160 776 5718 1102 Eigentlich, sagte der Acker, sollte Sie, Ihre
3200 962 5132 1172 Newer schuibe?
3117 1082 5644 1432 In Jurgen - auf ein ihn früß schon
3100 1315 5591 1612 recht, und du beinehmende gröne glübte
3120 1528 5538 1832 Herr p silber glangeer Haar meint
3124 1748 5704 2018 um 5 zur abzunehmen sehr vernehmen.
3107 1958 5748 2311 auf. Kätte sind gelieb d. Bellinstand.
3210 2168 5524 2461 nachten in Weite. Das heer la¬
3127 2374 5734 2697 byst ce Hirkel; - xxx;
3167 2544 5531 2854 unverwiss überleich in 5,1
3233 2761 5634 3050 Sekünders flosäut der Sichl d. Leutten
3240 2994 5358 3267 auf Eiert „ hiebeide Friede
4665 3200 4915 3313 que
3200 3183 5664 3516 seper fort elle auf d turasse;
3217 3410 5774 3716 in jing Ehepear ja Teer muss a.c.
3253 3683 5931 3979 E.d. ;- in alle Herr in
