6088 4184
5127 453 5288 609 10
3523 576 5454 849 auxführnissen,
3537 828 5681 1019 führte und in dem beträchtliche Vermögenswerte
3529 1016 5670 1207 auf dem Spiel zu stehen schienen,- und von man-
3540 1166 5651 1371 cherlei anderem; bis Doktor Mülling gegen elf
3542 1303 5725 1486 Uhr mit lauem Lächeln bemerkte: "Es wäre viel-
4198 1445 4662 1551 selbst zu treffen
5293 1439 5662 1551 Schaft
3529 1510 5561 1682 leicht Zeit sich schlafen zu legen. Es kann
3529 1622 5550 1849 nie schaden bei solchen Gelegenheiten wenn
3529 1794 5656 1980 man gut ausgeruht ist. Leiberger nichte nur
4067 1909 5151 2040 mir zum tädten sehr
3482 1975 5610 2125 wir wünschten ihm Gute Nacht und spazierten
4807 2068 5596 2190 noch ein Stunden
3507 2089 5648 2272 in der schönen warmen Sommernacht durch
3548 2240 5744 2494 die stille kleine Stadt Von diesem nächtlichen
3835 2395 4504 2502 it in kein
3548 2406 5640 2619 Gang erinnere ich mich kaum mehr an etwas an-
3103 2491 4422 2658 in Erinnerung geblieb en
4531 2551 5162 2666 tiefstimmigung
3559 2611 5605 2778 deres als ausserordentlich dunkle Schlag-
3548 2737 5607 2958 schatten, die ein Barockhaus in einer Seiten-
3548 2871 5615 3116 strasse auf das mondbeglänzte Pflaster warf.
3542 3026 5692 3256 Sicher haben wir auch über mancherlei geredet;
3553 3179 5654 3395 gewiss aber kein Wort von dem morgigen Duell;
3529 3335 5676 3512 nur zum Abschied, im Gang vor unseren Zimmern
3624 3469 5678 3687 sagten wir beinahe zugleich: "Also, fünf Uhr"
