6200 4200
3531 331 4590 621 behörd uncehl -
364 388 1292 637 but I don't
3595 526 4846 705 Ober M. enfang nicht kur¬
354 476 2809 863 "Estant not updont, erleible est une
3518 567 5615 826 Viller in set you & Januimste on kle
317 695 2772 1069 Sr bewerken - for an on a bed
3518 793 3851 992 Yorl –
3511 830 5450 1197 Men tifes ere Binnenblig - last.
246 1005 1551 1302 I will were...
3521 1072 4819 1366 Mr - your Torfurs -
499 1130 2765 1524 We faide a full esi. Bibak for
3619 1238 5635 1518 Sehr als ungezweckt – und die dela¬
351 1416 3022 1653 in- Eenen herrli Somertz-
3511 1464 4256 1659 meine Codis-
3619 1514 4914 1814 Uen Frege - deveil pr eté : -
398 1578 3109 1899 o Perrin in ca jedr, non Ankacor.
3511 1710 5673 1990 Bek vedhnte u Hotel, hall, in-Fried.
381 1838 3062 2148 Auflegte, Umadender -; in Bl.
3592 1916 4324 2135 le Thiède.
3693 1946 5639 2243 im unterlauf auf ein Tins Carl
368 2054 3079 2310 en Betout poste... Mill -; in in en
3578 2169 5551 2442 &c. w. eget.. Ch. aif zahlt is ood
357 2260 2890 2516 The 5 purging his life as you give me
3528 2354 4506 2580 wie icht beide.
2280 2418 2897 2587 I have that
3676 2438 5460 2718 We was lose - - febr? - hem -
341 2489 2499 2732 a Herren, die eben a.M.
2614 2560 2786 2759 P.
3544 2674 4624 2924 (Matr. Crois-).
378 2664 2887 3002 julis war, nicht nachlebhaft an¬
3841 2688 5861 2995 Schon Malv:- & Autr. Mye ulgyes -
401 2877 2782 3207 Trust omm; - a ca fite Moul, -
3625 2924 5409 3140 mit ein Anle nicht wisschen ist.-
3727 3082 5646 3292 - Welt der kaltend wegen Hoffnau - die
411 3106 2880 3393 wul and theilenre w auch woll
3669 3197 5679 3426 In derb Stlehullen. Ist war u
357 3295 2897 3561 7t bewegebel, bald geplante - ab
3666 3332 5528 3575 inde jeune - jetzt te nr — a losheft
3625 3511 4873 3757 zyn un alledicht - - wie -
445 3524 2941 3845 ich plleich auf ein, und auch in
