6200 4168
4316 287 4611 429 peu
3164 280 5716 636 in the telent untoif it we d the
160 345 636 575 Turin.
3934 516 5102 673 Puy & Bony.  The
178 498 2709 767 La Will de jusqu'a luy
3182 560 5694 789 Lichter ist. Sie in keine
164 745 2644 1004 der jägern will östernostete, univertalt
4956 753 5745 942 "instient"
3098 815 5938 1065 de heureur unwillkerlef de Malitiers
145 942 2753 1189 ab auch, ich in ein den und lekhaft, für
3229 1007 5705 1425 - Je bien en a
167 1080 2916 1415 J'ai de pas fait à une dernier plaiter.
244 1327 2829 1694 Art Cnt. Unburg unpl hicl.
3193 1349 4982 1618 die sie heer verpflichtet.
3236 1513 5891 1854 Will at boper de Bof  Sui Minville.
211 1560 735 1829 Wm.
302 1640 2782 2040 Wolf Gebtum.  Testis Hm Ljusstell.
3204 1727 5807 2054 blösten bezahlt.  Etantum unse Cœur
313 1905 2851 2244 Sie uns da wird je in
3171 2025 5822 2280 Sert... de M et Bibl.  Un il nulle
331 2109 2847 2425 belen.. It - it oagh Sec'y Rochumt
3185 2200 5745 2509 Kaufte sehr gefällt.
356 2367 2844 2658 Iften Wugomf und bis – uf sehr.
3196 2476 5836 2829 eine erwe, hinzw. nährend sehr
422 2607 2756 2862 e tocurive... que if nicht... Mr
3204 2705 6076 2982 an dehalte me... Ich bin zugewicht verpfer¬
396 2745 2887 3102 Dr. Grievy werth ist... das stött +
1873 2938 2345 3058 havill. -
3134 2967 6047 3313 det. en tritt à une feu de affidist their ou
415 2996 2880 3284 auf die andre Sache des auf geschrieben
3134 3185 5767 3527 bei volnf selbst. Dieser wegen
476 3196 2785 3444 I am the Mort mehr ist
3120 3407 6051 3782 zuge an - - - als auf nicht xxx bewor zu nehmen.
495 3418 2804 3731 Adh ist alle erlebt. Aber
3396 3640 5796 3982 Forsloy. In me. Erea heim
513 3654 2804 3927 Sie, die ich will, de rue nebst
