6216 4152
577 143 1314 369 (Invention)
2822 208 3058 462 52
3320 197 3506 369 51
530 261 2632 541 Verstorben, j. werken
3291 301 5723 620 with the wei plicke - ixii wolle
129 458 2718 784 que la fille nuit a été (ma vérité a peu
3291 487 5701 924 neemif blerl. or cempte can
186 680 2929 1013 am eherstafte S in.
1475 834 1826 1046 (insent)
3245 784 6038 1175 couce d'où il peut il – comme
154 906 2937 1268 IJos. fimple it is - Zentrich of Juf. Raum
133 1071 2890 1354 manne. (Ab mir lassen jenig sein m
3263 1085 5809 1386 une et rien – une scène et beur¬
5307 1286 5608 1551 No. 7
2392 1325 2811 1483 Und
150 1275 2847 1590 ist wohl auf die seit dem 1. Df. woll¬
3463 1293 5701 1701 Febullell beft a kopf - 21
193 1522 2890 1826 verclaerd um so in beid.? Als
3363 1576 5945 1852 etre nieuwe.  Merck Fichst  M
3993 1837 4229 1977 sera
186 1723 2883 2031 Es ist nicht
3288 1794 5694 2149 Mit Alles ist corbei....... In an die
158 2009 3040 2317 Gesch, all must do me with.
3320 2070 5809 2360 Seubil - wer ich nie wieder sche
197 2238 2664 2657 Gel - Meinimmeri fort
3302 2263 5540 2611 bres voyons cherche. tel de
2464 2521 2990 2736 Besund
208 2600 2797 2919 partied or je met ut tre nogd
3323 2503 5676 2861 Jurant. (We wast in the
197 2811 2879 3098 wanssen spint, in or starkes fitt in
3316 2772 5687 3123 M. kommt à d'une cire une
988 2983 1848 3155 is well & best
197 3098 2775 3399 in Beutschen mit ihr zu viel - ja
3298 3134 4144 3374 tissen.”
211 3216 2668 3535 wie weil ichs mit kommt, —
3452 3241 5472 3624 Sir Il bewyl une Crise lui à la
215 3463 2095 3793 wohin op Angst ni auf.
2278 3553 2625 3771 fait
3352 3492 5214 3775 ab hoff ere - nach Samml
559 3685 2399 3918 (da Janiart gebiete endurch)
3381 3732 5529 3914 an   umstorben  um
