6120 4056
3825 310 5504 476 A.Toutheil (une estant à une et nouveau
3277 426 5723 576 Wir sagten ihm Adieu und liessen ihn allein die Stie
3283 598 5632 746 ge hinaufgehen. Wir Beide aber, Mülling und ich, ohne
3299 720 5723 912 uns verabredet zu haben,wandelten noch in der schöne
3299 921 5717 1056 warmen Sommernacht durch die Strassen der schlafende
3289 990 5811 1244 Stadt/Man denkt in solchen Fällen auch als Sekundant
3277 1203 5736 1378 nicht gern an die letzten Möglichkeiten einer solche
3299 1353 5676 1544 Unternehmung) oder gar an die äusseren Notwendigkei-
4536 1463 5028 1585 from the Sep.
3292 1485 5592 1660 ten (und Pflichten,)die sich an einen unglücklichen
4479 1626 5090 1735 d'en unfereux
3292 1657 5723 1804 Ausgang knüpfen würden. Man spricht auch nicht gerne
3292 1823 5629 1970 davon, als könnten Worte etwas heraufbeschwören, was
4182 1936 5281 2030 A Schickeul geschrieben wol bezah¬
3311 1926 5570 2174 vom Schicksal eineswegs Bestimmung gewesen wäre.
3289 2108 5638 2318 Wir xxx Zwei redeten,wie in der Stunde vorher zu
4360 2237 4639 2334 lantet
3280 2259 5595 2484 Dritt, von (allen möglichen anderen) Dingen, die mit
4151 2390 4417 2481 benovele
3292 2393 5676 2616 dem, was morgen sein sollte, vorerst keinerlei Zusam-
3292 2584 5739 2800 menhang hatte. Vor ein paar alten auffallend schönen
3292 2700 5717 2913 Barockhäusern unterhielten wir uns über Baukunst im
3286 2894 5758 3101 Allgemeinen und die Banalität neuerer Architektur in
3286 3017 5664 3236 jungen Städten, (gerieten anlässlich des wunderbaren
3299 3198 5754 3380 Sternenhimmels über-uns in ein etwas oberflächliches
5028 3311 5357 3411 (a in the
3299 3361 5707 3540 und rasch versandende Erörterung über Unendlichkeit
3305 3540 5736 3709 und Unsterblichkeit, tauschten dann allerlei Er-
