6200 4216
5559 244 5851 689 18
3246 233 5246 609 Salle Seit in Testitibleib C.J.
289 303 2971 731 in Noch in Rysen in an Ausflugungen
3260 501 5382 783 his to the ouilous is in the ten
250 598 2766 904 un eu befreuerd tann, bviel
3267 678 4769 964 st de on vreſsig ici
170 870 2853 1193 einer, in ihm in Exemplar
3294 852 5594 1242 Mie in Hotel (wie Flicht) wt
3253 1082 4074 1371 willes.
254 1138 2713 1475 2 Sump Cx, long, de me rin in
3409 1200 5489 1579 Glef sey. - Mes renfegemes
230 1385 2856 1725 lt unhe auf ein Spazien gelieb -
3319 1454 5524 1739 pême - n'a le M,-crennout
237 1593 2689 1847 an eierem der bal hatt me sind
3336 1705 5420 1948 tout ouolé. - Votre tels
3364 1819 4606 2108 Trigkeit in Nunt
240 1812 2887 2150 P.S. clagthalte... Ober-
3959 2018 4397 2188 Yours
3500 1965 5698 2303 – M yls i Fall mit Tuchleissen
170 2077 2971 2435 Geschäft jedeswel in Anlassd zu
3451 2237 5472 2498 voir le tout — a tout ci
2286 2289 2439 2418 en
209 2338 2891 2640 at haut hof - do; - of holl c ine. for
3451 2390 5604 2693 in i'ce byl. Exp. homelte.
226 2609 2613 2884 Pro¬  St falle ist werden. Nach
3524 2609 5587 2912 meapd Sladten - 1. Regel
3527 2814 5326 3103 ber Fall nicht treff woll.
237 2786 2731 3204 u teil gefälle  - Abo.. Aber auf ist
3569 3068 5103 3364 Wm 2... fift wer
296 3089 2793 3444 sollg vnfehing - en Nov - weg daß
3607 3211 5451 3566 zufbemerkt. es ja woll an
257 3308 2668 3646 Mort haangetrungen... Isicht
3639 3461 4780 3764 at Mochaerfret
5580 3628 6015 3896 1 mr
3670 3590 5528 3931 N im Mal zu selbst.
237 3681 3023 3952 ich beschwer auf xxx dass ich aufgetreten
5496 3847 5761 4018 yours
