6200 4248
130 295 2708 745 am Frei in S.. Seit.. 2 geb. wt.
192 618 2640 1016 He is 6 to pon of fynlterl un
814 913 2592 1153 am the T. - in it even
350 999 2465 1424 du mort et - ou un cinq
336 1239 1733 1500 falt mit dem Leben sein noch).
384 1397 2598 1703 To j d Nimtant yor... Ch. selber. Aber
360 1634 1287 1891 Sir schirjes
879 1843 1637 2053 (Übrigens
323 2039 1747 2368 (Fernkne id 23:-)
408 2224 2849 2502 Jos tutet Jo n fait fait c'entière de ou
457 2499 2979 2767 Geschickt    J. Vielmehrf dert
542 2712 2743 2962 Es mr eine wärt Mückl. d. nach, weil un
529 2870 2543 3106 nist erciemen bei dem ich Schömant in-
584 2986 2832 3309 Es fahr in Junicht, in der Insinuirge
532 3182 2677 3505 in ew. der Herrn - Tronnykompt dort die
556 3426 2592 3649 will for mr edr July komogitue pd a
566 3484 2430 3814 was in that – a hall of date here.
566 3735 2557 4078 scandin; - du Beschrycz war est
3209 299 5804 614 Gewesen 25 Schritte, in Bonn, Paul Brplmert
3230 505 5976 817 her y kompfasset sa.. If that.  he notillent.
3220 711 5708 1050 aufbrudene zu Franz Schilf konnfalls – wäre
5368 752 5749 958 Navn
3302 968 5729 1243 dann in Ehen: Ich im und kommen:
3233 1167 5842 1455 Fonction to  u - a nassm Verdulga
3206 1383 5962 1768 für her ist; es wie möglich um kr. Rethey
3230 1589 5808 1957 wof S.H. auf un; - it toorbe to
3168 1823 5773 2169 ff 1 was If bekommend if It was from
3110 2066 5808 2420 Kluges, und er von mir nicht angenehme.
3172 2255 5866 2674 nicht nein. Es gern das heute nur in
3106 2465 5770 2801 um ein Zwek in anleftet u Regell mit die
3117 2701 5547 2997 pa-warte; xxx — xxx
3093 2942 5674 3257 im Raad, die wir Franz sammert; wie sonst in
3096 3192 5519 3491 von.. Hanandern, sch. hatt ich bis
3113 3381 5677 3711 im Beill nicht gesehen: er wie in Kelle
3347 3625 5773 3965 Brymen; mittet schöne kann. Dies fällt
