6056 4104
3004 260 3450 462 21/2.1928
3310 499 5503 691 Sie standen von Tische auf, ich desgleichen; sie
3303 673 5558 866 trat auf mich zu, nahm meinen Kopf in beide Hände
3337 841 5622 1040 und küsste mich auf die Lippen. Es war keineswegs
3303 985 5680 1199 ein glühender Kuss, es war eher ein feierlicher Akt
3300 1156 5601 1346 der Verlobung, der Besitzergreifung,mit dem wir in
3291 1309 5163 1499 eine neue Phase unseres Daseins traten.
3674 1447 5558 1646 (Später) während wir uns umschlungen hiel-
3285 1612 5601 1780 ten mit jener unvergleichbaren Geschwindigkeit, wie
4891 1743 5087 1832 schent
3291 1753 5610 1991 sie dem Traum eigen ist, der sich weigert in Schlaf
3273 1860 5555 2098 zu verlöschen, flogen tausende Gedanken und Bilder
3279 2089 5637 2245 durch meinen Sinn, vernünftige, abenteuerliche, tolle,
3270 2236 5552 2395 nicht wie zur Wahl gestellt, sondern jedes mit der
3264 2374 5723 2597 Eindringlichkeit wirklichen Geschehens Ich flüsterte
3267 2527 5698 2741 ihr ins Ohr: „Eduard ist totzer ist im Duell gefallen
3255 2689 5683 2884 für eine Andere, du hast weder etwas zu fürchten, noch
3255 2805 5677 3056 etwas zu bereuen“, Sie blintzelte durch die Lider, at-
3248 2998 5552 3163 mete wie erlöst auf. Nein, sie atmete nicht auf,sie
3248 3126 5594 3300 starrt mit Entsetzen auf mich, stürzt davon in den
3258 3303 5683 3484 Garten, schreit in die Stille: Eduard ist tot, da drin
4169 3398 4931 3521 Ist auf auf andern
3233 3404 5613 3729 liegt sein Mörder – Nun fühle ich wieder ihre Nähe,
