6072 4136
5240 423 5402 609 35
3364 567 5630 819 zwischen dem Bedürfnis ein (wenig) zu kuppeln oder
3373 735 5654 909 einander die Liebhaber wegzunehmen, Agathe redete
4877 879 5225 981 nicht eben
3367 888 5534 1083 ihr wohl noch ein wenig zu, aber es klang nicht
3379 990 5648 1276 besonders ernst. Und während sie (zuk Aline sprach,
3550 1200 3824 1306 cherft.
3385 1240 5579 1387 fiel plötzlich flüchtig, aber (umso) lockender ein
3391 1351 5504 1606 so (zärtlicher), ein so verheissungsvoller Blick
4991 1489 5447 1597 -1. wptl. p.r
4202 1504 4505 1600 à 1841.
3382 1534 5579 1687 auf mich, dass mich schwindelte. Und es war doch
3385 1684 5591 1828 nicht der erste Blick dieser Art. Hatte ich sie
3986 1804 4199 1912 ment.
3397 1855 5498 1996 denn früher nicht bemerkt? und erinnerte mich
3385 1969 5687 2152 plötzlich so deutlich? Neulich im Bad, als sie aus
4532 2113 5054 2215 né auf de trois
3391 2116 5600 2344 dem Wasser stieg und ich oben auf dem Trambolin
3779 2266 4694 2371 auf aus den Rabe mein
3400 2263 5597 2440 sass mit schlenkernden Beinen - (und zuletzt auf
3391 2422 5552 2635 dem Ausflug,ehe sie sich in meinen Arm gehängt
3773 2581 5378 2686 3.. In that we oft, nicht u. wie ein uns, Bemerk
3397 2671 5558 2770 hatte ganz harmlos, wie sie es ja manchmal tat,
3391 2728 5648 2932 aber nun als wusste ich, dass es gar nicht so harmlos
3397 2890 5402 3139 gewesen war. (Und früher die Bemerkung über
3391 3085 5483 3220 Eduard - das war ja allesganz anders als ich
3403 3187 5666 3394 bisher gedacht oder hatte denken wollen. Sie war
3403 3352 5675 3571 nicht an ihn gebunden, sie fühlte sich frei, schon
3409 3499 5819 3764 vorher hatte sie sich frei gefühlt. Aber was sollte
