6200 4264
3844 677 5617 927 Es war eines seiner ersten Duelle,-
3437 837 5535 1050 das vierte, wenn ich mich recht erinnere,
3413 996 5713 1219 bei dem ich als Sekundant fungierte. Es fand
3443 1171 5644 1382 im Juni statt an einem schönen Sommermorgen
3425 1354 5848 1556 in der Kavalleriekaserne einer Provinzstadt,
5334 1517 5785 1643 gelegener
3431 1487 5550 1677 nicht fern von den Salzkammergutseen. Se-
3660 1631 4274 1755 des h.M. c. Hôtel
3422 1622 5692 1908 hatte ich dort übernachten müssen um recht-
3422 1845 5620 1993 zeitig zur Stelle zu sein. Die Bedingungen
3419 1966 5650 2164 waren ernst gewesen. Fünfundzwanzig Schrit-
3422 2119 5559 2297 te mit Vorrücken, dreimaliger Kugelwechsel
3407 2258 5626 2459 bis zur Kampfunfähigkeit.Die beiden Kombat-
3841 2411 4039 2522 duae
3407 2435 5623 2637 tanten Franz und Edgar - ich nenne nurbdie
3428 2595 5731 2790 Vornamen, obwohl es nahezu ein Vierteljahrhun-
3401 2715 5451 2935 dert her ist und keiner der Beteiligten
3395 2884 5499 3070 mehr lebt äusser mir - die Familiennamen
3805 3031 4214 3127 I have in
3413 3064 5451 3251 dürften nur fremd kling und es wäre mir
3404 3197 4918 3404 nicht angenehm sie zu nennen.
3868 3338 5602 3531 Als Grund des Duells war mir ein
3648 3480 3961 3591 Mochte
3383 3489 5490 3705 heftiger Streit anlässlich einer kleinen
4079 3657 4560 3747 en Altesse
4882 3675 5195 3750 den ut
3383 3669 5433 3937 Ruderregatta/genannt worden. Neuigstens
