<?xml version="1.0" encoding="UTF-8" standalone="yes"?>
<PcGts xmlns="http://schema.primaresearch.org/PAGE/gts/pagecontent/2013-07-15" xmlns:xsi="http://www.w3.org/2001/XMLSchema-instance" xsi:schemaLocation="http://schema.primaresearch.org/PAGE/gts/pagecontent/2013-07-15 http://schema.primaresearch.org/PAGE/gts/pagecontent/2013-07-15/pagecontent.xsd">
    <Metadata>
        <Creator>prov=READ-COOP:name=TrHtr:version=2.1.0:model_id=51170:date=28_07_2023_01:44</Creator>
        <Created>2023-05-10T11:11:52.656+02:00</Created>
        <LastChange>2023-07-28T01:44:50.351+02:00</LastChange>
        <TranskribusMetadata docId="1428128" pageId="55384463" pageNr="141" tsid="131313082" status="IN_PROGRESS" userId="64420" imgUrl="https://files.transkribus.eu/Get?id=BLNVZWEUNBMGBBNOVAUUHPFY&amp;fileType=view" xmlUrl="https://files.transkribus.eu/Get?id=CRGRNJJKLRKREVEWGYEKOWJO" imageId="44659362"/>
    </Metadata>
    <Page imageFilename="1428128_0141.jpg" imageWidth="6200" imageHeight="4104">
        <ReadingOrder>
            <OrderedGroup id="ro_1711825289579" caption="Regions reading order">
                <RegionRefIndexed index="0" regionRef="tr_1"/>
            </OrderedGroup>
        </ReadingOrder>
        <TextRegion id="tr_1" custom="readingOrder {index:0;}">
            <Coords points="184,355 5983,355 5983,3905 184,3905"/>
            <TextLine id="tr_1_tl_1" custom="readingOrder {index:0;}">
                <Coords points="5809,435 5837,435 5867,466 5894,449 5932,442 5959,469 5976,469 5990,279 5942,276 5918,286 5884,262 5823,258"/>
                <Baseline points="5833,417 5893,411 5983,405"/>
                <TextEquiv>
                    <Unicode>Pr</Unicode>
                </TextEquiv>
            </TextLine>
            <TextLine id="tr_1_tl_2" custom="readingOrder {index:1;}">
                <Coords points="2146,534 2330,500 2435,531 2469,514 2565,571 2639,551 2629,357 2568,405 2388,381 2224,408 2180,374 2139,398"/>
                <Baseline points="2165,507 2254,501 2344,501 2433,507 2523,518 2612,524 2642,524"/>
                <TextEquiv>
                    <Unicode>où</Unicode>
                </TextEquiv>
            </TextLine>
            <TextLine id="tr_1_tl_3" custom="readingOrder {index:2;}">
                <Coords points="3224,619 4486,568 5037,694 5762,697 5721,333 5272,340 5119,449 4214,310 3214,374"/>
                <Baseline points="3239,513 3328,501 3418,507 3507,507 3596,513 3686,518 3775,518 3865,524 3954,530 4044,530 4133,542 4223,542 4312,542 4402,542 4491,548 4581,554 4670,560 4760,566 4849,572 4939,578 5028,584 5118,584 5207,584 5297,590 5386,584 5475,590 5565,602 5654,614 5744,626 5768,632"/>
                <TextEquiv>
                    <Unicode>myst Civiteing - until I was -</Unicode>
                </TextEquiv>
            </TextLine>
            <TextLine id="tr_1_tl_4" custom="readingOrder {index:3;}">
                <Coords points="177,616 765,503 1197,602 2010,531 2010,310 1864,388 1639,333 1435,408 939,388 480,265 177,398"/>
                <Baseline points="196,513 286,507 375,507 465,507 554,507 644,507 733,507 823,507 912,507 1002,507 1091,507 1181,507 1270,507 1360,513 1449,513 1539,507 1628,507 1717,513 1807,513 1896,518 1986,536 2020,540"/>
                <TextEquiv>
                    <Unicode>I he in in it</Unicode>
                </TextEquiv>
            </TextLine>
            <TextLine id="tr_1_tl_5" custom="readingOrder {index:4;}">
                <Coords points="2085,622 2129,616 2173,639 2218,619 2350,639 2360,626 2388,629 2384,517 2333,503 2262,551 2187,517 2139,548 2109,517 2082,517"/>
                <Baseline points="2099,602 2189,602 2278,602 2368,608 2392,614"/>
                <TextEquiv>
                    <Unicode>me</Unicode>
                </TextEquiv>
            </TextLine>
            <TextLine id="tr_1_tl_6" custom="readingOrder {index:5;}">
                <Coords points="167,721 1003,820 1221,724 1721,806 1983,741 2126,847 2241,762 2816,789 2813,602 2656,565 2071,639 789,531 582,670 163,605"/>
                <Baseline points="184,715 274,721 363,721 453,721 542,721 632,727 721,721 811,721 900,727 990,727 1079,727 1169,721 1258,721 1348,721 1437,727 1527,727 1616,721 1706,727 1795,733 1884,733 1974,733 2063,739 2153,751 2242,745 2332,745 2421,745 2511,745 2600,757 2690,769 2779,781 2821,781"/>
                <TextEquiv>
                    <Unicode>once Compefent - of Mr fliegion.</Unicode>
                </TextEquiv>
            </TextLine>
            <TextLine id="tr_1_tl_7" custom="readingOrder {index:6;}">
                <Coords points="3235,820 5850,922 5840,707 5041,690 4799,582 4184,677 3718,571 3228,653"/>
                <Baseline points="3250,757 3340,745 3429,745 3519,745 3608,751 3698,757 3787,757 3877,763 3966,775 4056,769 4145,769 4235,769 4324,775 4414,781 4503,781 4593,781 4682,793 4772,799 4861,799 4951,805 5040,805 5130,805 5219,811 5308,817 5398,823 5487,823 5577,835 5666,847 5756,858 5845,876 5857,882"/>
                <TextEquiv>
                    <Unicode>which went;  fitle care of habe - i ten</Unicode>
                </TextEquiv>
            </TextLine>
            <TextLine id="tr_1_tl_8" custom="readingOrder {index:7;}">
                <Coords points="167,997 1456,935 2252,1058 2503,993 2503,891 2292,820 2119,901 1639,745 1034,895 728,816 167,874"/>
                <Baseline points="184,954 274,948 363,942 453,942 542,936 632,936 721,936 811,936 900,942 990,942 1079,948 1169,948 1258,942 1348,936 1437,930 1527,936 1616,936 1706,936 1795,942 1884,936 1974,942 2063,942 2153,942 2242,942 2332,930 2421,936 2511,948"/>
                <TextEquiv>
                    <Unicode>Lesung hinein  - : -  plos?</Unicode>
                </TextEquiv>
            </TextLine>
            <TextLine id="tr_1_tl_9" custom="readingOrder {index:8;}">
                <Coords points="3214,1000 3452,1095 3823,1010 3959,1099 4595,1048 4758,1126 5024,1041 5813,1068 5204,844 4945,949 4762,850 4558,915 4320,837 3211,912"/>
                <Baseline points="3233,984 3322,990 3412,996 3501,1002 3591,1002 3680,996 3769,990 3859,996 3948,996 4038,1002 4127,1008 4217,1014 4306,1014 4396,1014 4485,1020 4575,1026 4664,1026 4754,1037 4843,1043 4933,1043 5022,1043 5112,1043 5201,1037 5291,1031 5380,1026 5470,1031 5559,1031 5648,1043 5738,1055 5821,1079"/>
                <TextEquiv>
                    <Unicode>cung; - write fleuf siff</Unicode>
                </TextEquiv>
            </TextLine>
            <TextLine id="tr_1_tl_10" custom="readingOrder {index:9;}">
                <Coords points="177,1221 2510,1187 2629,1160 2633,1000 2333,1085 2170,1007 2058,1082 1395,1024 1139,1126 711,1007 180,1031"/>
                <Baseline points="196,1181 220,1175 310,1175 399,1169 489,1169 578,1169 668,1169 757,1169 847,1163 936,1163 1026,1163 1115,1163 1204,1163 1294,1163 1383,1163 1473,1157 1562,1157 1652,1151 1741,1151 1831,1151 1920,1151 2010,1151 2099,1151 2189,1145 2278,1151 2368,1151 2457,1151 2547,1151 2636,1157"/>
                <TextEquiv>
                    <Unicode>Stalin in in Boto in</Unicode>
                </TextEquiv>
            </TextLine>
            <TextLine id="tr_1_tl_11" custom="readingOrder {index:10;}">
                <Coords points="3231,1323 5687,1343 5683,1139 5136,1112 4908,1190 4388,1065 4248,1160 3932,1065 3228,1133"/>
                <Baseline points="3245,1222 3334,1222 3423,1228 3513,1228 3602,1240 3692,1240 3781,1240 3871,1240 3960,1240 4050,1240 4139,1246 4229,1246 4318,1246 4408,1252 4497,1258 4587,1258 4676,1258 4766,1264 4855,1264 4945,1270 5034,1264 5124,1264 5213,1264 5302,1264 5392,1264 5481,1264 5571,1264 5660,1276 5696,1282"/>
                <TextEquiv>
                    <Unicode>will if ragen. I fell - I offent</Unicode>
                </TextEquiv>
            </TextLine>
            <TextLine id="tr_1_tl_12" custom="readingOrder {index:11;}">
                <Coords points="214,1459 401,1524 1058,1401 1435,1469 2153,1401 2745,1551 2745,1275 2531,1224 1636,1364 1299,1252 837,1326 214,1207"/>
                <Baseline points="232,1419 322,1407 411,1419 501,1413 590,1407 680,1407 769,1401 858,1401 948,1401 1037,1401 1127,1401 1216,1407 1306,1407 1395,1407 1485,1407 1574,1407 1664,1407 1753,1407 1843,1395 1932,1389 2022,1389 2111,1389 2201,1389 2290,1395 2380,1401 2469,1407 2559,1407 2648,1413 2737,1425 2755,1425"/>
                <TextEquiv>
                    <Unicode>nicht nicht zu hemen – to er telys</Unicode>
                </TextEquiv>
            </TextLine>
            <TextLine id="tr_1_tl_13" custom="readingOrder {index:12;}">
                <Coords points="3211,1500 3840,1619 5826,1527 5823,1401 5649,1330 3976,1408 3847,1320 3435,1398 3207,1337"/>
                <Baseline points="3227,1467 3316,1473 3406,1479 3495,1479 3585,1479 3674,1485 3763,1485 3853,1485 3942,1485 4032,1485 4121,1485 4211,1491 4300,1491 4390,1497 4479,1497 4569,1497 4658,1497 4748,1497 4837,1497 4927,1491 5016,1491 5106,1491 5195,1491 5285,1491 5374,1497 5464,1503 5553,1503 5643,1509 5732,1515 5821,1527 5833,1527"/>
                <TextEquiv>
                    <Unicode>in du Aug - byt un de Fage auf wen-</Unicode>
                </TextEquiv>
            </TextLine>
            <TextLine id="tr_1_tl_14" custom="readingOrder {index:13;}">
                <Coords points="214,1769 837,1629 1109,1701 1476,1639 1728,1748 2034,1626 2633,1670 2656,1514 2173,1446 1503,1592 813,1449 218,1578"/>
                <Baseline points="232,1682 244,1682 334,1664 423,1652 513,1646 602,1634 691,1634 781,1634 870,1628 960,1628 1049,1622 1139,1628 1228,1634 1318,1634 1407,1628 1497,1628 1586,1634 1676,1628 1765,1628 1855,1622 1944,1616 2034,1616 2123,1622 2213,1628 2302,1634 2392,1640 2481,1640 2570,1640 2660,1652"/>
                <TextEquiv>
                    <Unicode>Jm P. Leuley - ne offent bev.</Unicode>
                </TextEquiv>
            </TextLine>
            <TextLine id="tr_1_tl_15" custom="readingOrder {index:14;}">
                <Coords points="3197,1748 3687,1837 4007,1762 5816,1823 5813,1636 5452,1582 4922,1670 4684,1571 3197,1537"/>
                <Baseline points="3215,1711 3304,1723 3394,1723 3483,1729 3573,1729 3662,1729 3752,1735 3841,1729 3931,1729 4020,1729 4109,1735 4199,1735 4288,1741 4378,1741 4467,1747 4557,1753 4646,1759 4736,1753 4825,1753 4915,1753 5004,1753 5094,1753 5183,1753 5273,1747 5362,1747 5452,1741 5541,1747 5631,1747 5720,1747 5810,1753 5821,1759"/>
                <TextEquiv>
                    <Unicode>Lipple -  Trenst muss  ich weiss ja tafs</Unicode>
                </TextEquiv>
            </TextLine>
            <TextLine id="tr_1_tl_16" custom="readingOrder {index:15;}">
                <Coords points="170,2000 527,1898 687,1969 782,1894 2565,1891 2595,1765 1755,1728 1190,1813 758,1677 173,1765"/>
                <Baseline points="190,1896 274,1884 363,1879 453,1879 542,1879 632,1879 721,1879 811,1884 900,1884 990,1884 1079,1879 1169,1873 1258,1867 1348,1873 1437,1873 1527,1867 1616,1861 1706,1855 1795,1855 1884,1855 1974,1855 2063,1855 2153,1855 2242,1861 2332,1867 2421,1873 2511,1873 2600,1890"/>
                <TextEquiv>
                    <Unicode>Kullert    this an</Unicode>
                </TextEquiv>
            </TextLine>
            <TextLine id="tr_1_tl_17" custom="readingOrder {index:16;}">
                <Coords points="3177,2088 3820,1990 4452,2109 5139,1990 5860,2112 5857,1826 5490,1912 4993,1796 4177,1881 3405,1833 3173,1714"/>
                <Baseline points="3191,1962 3280,1968 3370,1980 3459,1980 3549,1980 3638,1980 3728,1974 3817,1974 3907,1968 3996,1962 4086,1962 4175,1968 4265,1974 4354,1974 4444,1980 4533,1986 4622,1986 4712,1992 4801,1986 4891,1986 4980,1986 5070,1986 5159,1986 5249,1986 5338,1986 5428,1986 5517,1986 5607,1980 5696,1986 5786,1986 5863,1998"/>
                <TextEquiv>
                    <Unicode>C. C'est a été prévenant elle</Unicode>
                </TextEquiv>
            </TextLine>
            <TextLine id="tr_1_tl_18" custom="readingOrder {index:17;}">
                <Coords points="218,2160 425,2218 701,2099 1463,2078 2718,2150 2718,2017 2017,1935 1874,2014 486,1939 218,2000"/>
                <Baseline points="238,2111 328,2111 417,2099 507,2093 596,2093 685,2075 775,2069 864,2075 954,2075 1043,2075 1133,2075 1222,2081 1312,2081 1401,2075 1491,2075 1580,2069 1670,2069 1759,2069 1849,2069 1938,2063 2028,2063 2117,2063 2207,2069 2296,2081 2386,2099 2475,2093 2565,2093 2654,2099 2726,2111"/>
                <TextEquiv>
                    <Unicode>&amp; fry, tieweet wnt ruf - mich - ich</Unicode>
                </TextEquiv>
            </TextLine>
            <TextLine id="tr_1_tl_19" custom="readingOrder {index:18;}">
                <Coords points="3224,2313 3432,2218 4633,2231 4959,2337 5564,2224 5932,2309 5928,2105 5071,2109 4809,2020 4449,2112 4010,2031 3221,2122"/>
                <Baseline points="3239,2195 3328,2201 3418,2213 3507,2213 3596,2207 3686,2207 3775,2207 3865,2213 3954,2213 4044,2201 4133,2201 4223,2201 4312,2201 4402,2207 4491,2201 4581,2201 4670,2201 4760,2201 4849,2195 4939,2195 5028,2201 5118,2201 5207,2201 5297,2207 5386,2207 5475,2207 5565,2219 5654,2224 5744,2236 5833,2248 5923,2266 5941,2266"/>
                <TextEquiv>
                    <Unicode>of wech I - a tort ist - uf hie zu weil sehr</Unicode>
                </TextEquiv>
            </TextLine>
            <TextLine id="tr_1_tl_20" custom="readingOrder {index:19;}">
                <Coords points="531,2224 565,2241 626,2224 724,2262 905,2224 1000,2286 1071,2241 1160,2248 1156,2150 1082,2129 932,2129 898,2150 823,2126 789,2160 690,2122 565,2170 527,2156"/>
                <Baseline points="548,2213 638,2219 727,2219 817,2224 906,2224 996,2230 1085,2230 1169,2230"/>
                <TextEquiv>
                    <Unicode>all - her</Unicode>
                </TextEquiv>
            </TextLine>
            <TextLine id="tr_1_tl_21" custom="readingOrder {index:20;}">
                <Coords points="5500,2354 5534,2340 5571,2367 5622,2374 5666,2347 5755,2394 5775,2384 5833,2405 5877,2401 5854,2272 5792,2275 5765,2255 5711,2279 5673,2255 5615,2282 5520,2252 5483,2275"/>
                <Baseline points="5511,2320 5601,2338 5690,2350 5780,2368 5869,2392 5887,2392"/>
                <TextEquiv>
                    <Unicode>with his</Unicode>
                </TextEquiv>
            </TextLine>
            <TextLine id="tr_1_tl_22" custom="readingOrder {index:21;}">
                <Coords points="187,2408 680,2323 2031,2459 2837,2411 2789,2211 1003,2286 180,2139"/>
                <Baseline points="202,2332 292,2326 381,2320 471,2320 560,2320 650,2320 739,2320 829,2320 918,2326 1008,2326 1097,2332 1187,2332 1276,2332 1366,2326 1455,2326 1544,2326 1634,2338 1723,2332 1813,2332 1902,2338 1992,2338 2081,2338 2171,2344 2260,2344 2350,2350 2439,2356 2529,2368 2618,2374 2708,2380 2797,2386 2845,2392"/>
                <TextEquiv>
                    <Unicode>fehre weile -; -  mie fakl iis</Unicode>
                </TextEquiv>
            </TextLine>
            <TextLine id="tr_1_tl_23" custom="readingOrder {index:22;}">
                <Coords points="3197,2507 4146,2442 4316,2531 4918,2463 5700,2575 5704,2360 3962,2258 3428,2381 3197,2303"/>
                <Baseline points="3215,2451 3304,2445 3394,2445 3483,2439 3573,2445 3662,2445 3752,2445 3841,2445 3931,2445 4020,2445 4109,2445 4199,2439 4288,2439 4378,2445 4467,2439 4557,2433 4646,2427 4736,2421 4825,2421 4915,2421 5004,2415 5094,2415 5183,2415 5273,2421 5362,2427 5452,2433 5541,2439 5631,2445 5714,2463"/>
                <TextEquiv>
                    <Unicode>dre at at het genom M-c heb ver</Unicode>
                </TextEquiv>
            </TextLine>
            <TextLine id="tr_1_tl_24" custom="readingOrder {index:23;}">
                <Coords points="194,2677 820,2568 2809,2646 2806,2456 2463,2548 1898,2418 459,2391 190,2480"/>
                <Baseline points="208,2576 298,2559 387,2541 477,2535 566,2535 656,2535 745,2535 835,2535 924,2535 1014,2541 1103,2541 1193,2547 1282,2547 1371,2559 1461,2559 1550,2565 1640,2559 1729,2559 1819,2559 1908,2559 1998,2565 2087,2570 2177,2570 2266,2570 2356,2576 2445,2576 2535,2576 2624,2576 2714,2576 2803,2570 2815,2576"/>
                <TextEquiv>
                    <Unicode>if hab - Angubled &amp; Besiuner - met</Unicode>
                </TextEquiv>
            </TextLine>
            <TextLine id="tr_1_tl_25" custom="readingOrder {index:24;}">
                <Coords points="3228,2752 4289,2697 5143,2782 5252,2704 5524,2820 5956,2820 5952,2558 5792,2514 3224,2480"/>
                <Baseline points="3245,2678 3334,2678 3423,2678 3513,2678 3602,2672 3692,2672 3781,2678 3871,2684 3960,2678 4050,2678 4139,2678 4229,2678 4318,2678 4408,2678 4497,2678 4587,2684 4676,2684 4766,2678 4855,2672 4945,2666 5034,2672 5124,2678 5213,2678 5302,2684 5392,2690 5481,2696 5571,2702 5660,2714 5750,2720 5839,2732 5929,2743 5965,2737"/>
                <TextEquiv>
                    <Unicode>Gest... was hab of elles.</Unicode>
                </TextEquiv>
            </TextLine>
            <TextLine id="tr_1_tl_26" custom="readingOrder {index:25;}">
                <Coords points="170,2837 741,2762 1942,2860 2762,2813 2789,2633 806,2568 408,2697 170,2663"/>
                <Baseline points="190,2761 280,2755 369,2761 459,2761 548,2761 638,2761 727,2761 817,2761 906,2761 996,2761 1085,2755 1175,2761 1264,2767 1288,2767 1318,2767 1407,2773 1497,2773 1586,2773 1676,2773 1765,2773 1855,2767 1944,2767 2034,2773 2123,2773 2213,2767 2302,2767 2392,2767 2481,2773 2570,2779 2660,2785 2749,2791 2797,2791"/>
                <TextEquiv>
                    <Unicode>nener in Ferien und des Rönnen¬</Unicode>
                </TextEquiv>
            </TextLine>
            <TextLine id="tr_1_tl_27" custom="readingOrder {index:26;}">
                <Coords points="5541,2884 5575,2881 5629,2901 5666,2898 5687,2911 5700,2901 5711,2905 5714,2894 5758,2898 5735,2789 5697,2786 5663,2765 5619,2786 5592,2772 5564,2786 5547,2813 5527,2816"/>
                <Baseline points="5553,2857 5643,2875 5732,2893 5762,2893"/>
                <TextEquiv>
                    <Unicode>wch</Unicode>
                </TextEquiv>
            </TextLine>
            <TextLine id="tr_1_tl_28" custom="readingOrder {index:27;}">
                <Coords points="1119,2864 1228,2874 1272,2905 1313,2871 1371,2898 1463,2874 1527,2877 1524,2843 1490,2830 1463,2837 1415,2809 1360,2826 1333,2816 1316,2833 1286,2816 1262,2826 1204,2782 1119,2830"/>
                <Baseline points="1139,2863 1228,2863 1318,2863 1407,2863 1497,2869 1533,2869"/>
                <TextEquiv>
                    <Unicode>upon</Unicode>
                </TextEquiv>
            </TextLine>
            <TextLine id="tr_1_tl_29" custom="readingOrder {index:28;}">
                <Coords points="3231,2993 3582,3020 3711,2939 4099,3041 5292,2976 5643,3041 5639,2894 5493,2813 3228,2792"/>
                <Baseline points="3245,2905 3334,2910 3423,2916 3513,2922 3602,2928 3692,2922 3781,2928 3871,2916 3960,2916 4050,2916 4139,2916 4229,2910 4318,2905 4408,2910 4497,2910 4587,2910 4676,2910 4766,2916 4855,2916 4945,2916 5034,2922 5124,2922 5213,2928 5302,2928 5392,2934 5464,2940 5481,2940 5571,2940 5648,2946"/>
                <TextEquiv>
                    <Unicode>durch ihn leiden müssen. nur bei</Unicode>
                </TextEquiv>
            </TextLine>
            <TextLine id="tr_1_tl_30" custom="readingOrder {index:29;}">
                <Coords points="201,3058 2758,3034 2758,2874 2398,2799 1439,2911 653,2809 201,2854"/>
                <Baseline points="220,2976 310,2988 399,3000 489,3000 578,2994 668,2994 757,3000 847,3000 936,3000 1026,2994 1115,2988 1204,2988 1294,2982 1383,2982 1473,2982 1562,2982 1652,2982 1741,2988 1831,2982 1920,2982 2010,2982 2099,2976 2189,2970 2278,2964 2368,2964 2457,2976 2547,2982 2636,2988 2726,3000 2767,3006"/>
                <TextEquiv>
                    <Unicode>im Gutes    Tjille - ük Ries -</Unicode>
                </TextEquiv>
            </TextLine>
            <TextLine id="tr_1_tl_31" custom="readingOrder {index:30;}">
                <Coords points="3235,3228 5391,3347 5823,3292 5820,3027 5330,3122 4867,3024 4350,3105 3983,3000 3820,3065 3228,2993"/>
                <Baseline points="3250,3155 3340,3161 3429,3161 3519,3167 3608,3167 3698,3167 3787,3161 3877,3161 3966,3155 4056,3155 4145,3155 4235,3155 4324,3161 4414,3161 4503,3167 4593,3167 4682,3167 4772,3167 4861,3167 4951,3167 5040,3173 5130,3173 5219,3179 5308,3185 5398,3191 5487,3191 5577,3191 5666,3203 5756,3215 5833,3233"/>
                <TextEquiv>
                    <Unicode>sullef - wenn in flut nicht sla.</Unicode>
                </TextEquiv>
            </TextLine>
            <TextLine id="tr_1_tl_32" custom="readingOrder {index:31;}">
                <Coords points="194,3289 1255,3303 2024,3197 2551,3279 2775,3252 2775,3126 2561,3170 2119,3041 1480,3150 684,3058 194,3173"/>
                <Baseline points="214,3203 304,3209 393,3215 483,3215 572,3215 662,3215 751,3221 841,3215 930,3221 1020,3215 1109,3209 1198,3203 1288,3203 1377,3203 1467,3203 1556,3203 1646,3203 1735,3203 1825,3197 1914,3197 2004,3197 2093,3197 2183,3197 2272,3203 2362,3215 2451,3221 2541,3221 2630,3227 2720,3239 2785,3256"/>
                <TextEquiv>
                    <Unicode>- ich wenigst, daß man der Sam</Unicode>
                </TextEquiv>
            </TextLine>
            <TextLine id="tr_1_tl_33" custom="readingOrder {index:32;}">
                <Coords points="3248,3496 3571,3415 4663,3544 5109,3442 5782,3530 5779,3411 5452,3306 3238,3224"/>
                <Baseline points="3262,3435 3352,3423 3441,3418 3531,3412 3620,3418 3710,3418 3799,3406 3889,3406 3978,3400 4068,3400 4157,3406 4247,3406 4336,3412 4426,3418 4515,3418 4605,3423 4694,3423 4784,3429 4873,3435 4962,3441 5052,3441 5141,3441 5231,3453 5320,3453 5410,3459 5499,3465 5589,3477 5678,3489 5768,3507 5792,3513"/>
                <TextEquiv>
                    <Unicode>lant – u/ bis tiefbeneigt - drach ein</Unicode>
                </TextEquiv>
            </TextLine>
            <TextLine id="tr_1_tl_34" custom="readingOrder {index:33;}">
                <Coords points="245,3558 694,3544 782,3462 1048,3548 1395,3462 1656,3551 2201,3462 2548,3534 2656,3496 2656,3292 241,3279"/>
                <Baseline points="262,3423 351,3418 441,3418 530,3423 620,3423 709,3423 799,3423 888,3423 978,3423 1067,3429 1157,3429 1246,3423 1336,3423 1425,3418 1515,3418 1604,3418 1694,3418 1783,3418 1873,3423 1962,3423 2052,3423 2141,3429 2230,3429 2320,3435 2409,3447 2499,3453 2588,3465 2666,3465"/>
                <TextEquiv>
                    <Unicode>Suhy bringt – if weil fort ren</Unicode>
                </TextEquiv>
            </TextLine>
            <TextLine id="tr_1_tl_35" custom="readingOrder {index:34;}">
                <Coords points="3371,3731 4088,3796 4364,3694 5806,3843 5786,3561 5581,3520 5272,3653 4513,3486 3922,3534 3568,3411 3354,3520"/>
                <Baseline points="3382,3632 3471,3638 3561,3644 3650,3644 3740,3644 3829,3644 3919,3644 4008,3644 4098,3638 4187,3644 4276,3656 4366,3656 4455,3662 4545,3674 4634,3686 4724,3692 4813,3704 4903,3710 4992,3722 5082,3722 5171,3728 5261,3734 5350,3740 5440,3752 5529,3763 5619,3787 5708,3805 5798,3817 5810,3817"/>
                <TextEquiv>
                    <Unicode>nicht anweis – und weit iure dass er</Unicode>
                </TextEquiv>
            </TextLine>
            <TextLine id="tr_1_tl_36" custom="readingOrder {index:35;}">
                <Coords points="194,3704 738,3673 1027,3779 1126,3704 1364,3762 1677,3680 1942,3762 2078,3704 2027,3537 1343,3582 823,3476 578,3554 194,3469"/>
                <Baseline points="214,3668 304,3656 393,3662 483,3656 572,3662 662,3668 751,3668 841,3674 930,3680 1020,3686 1109,3686 1198,3680 1288,3680 1377,3674 1467,3674 1556,3674 1646,3674 1735,3668 1825,3662 1914,3668 2004,3668 2087,3674"/>
                <TextEquiv>
                    <Unicode>it A m if it d in Huf</Unicode>
                </TextEquiv>
            </TextLine>
            <TextLine id="tr_1_tl_37" custom="readingOrder {index:36;}">
                <Coords points="2150,3690 2214,3704 2258,3680 2432,3711 2459,3697 2480,3714 2524,3690 2588,3690 2578,3527 2374,3527 2350,3513 2303,3554 2258,3537 2173,3585 2143,3575"/>
                <Baseline points="2165,3662 2254,3668 2344,3674 2433,3680 2523,3680 2594,3698"/>
                <TextEquiv>
                    <Unicode>heren</Unicode>
                </TextEquiv>
            </TextLine>
            <TextLine id="tr_1_tl_38" custom="readingOrder {index:37;}">
                <Coords points="248,3922 2663,3905 2663,3748 2592,3741 1826,3707 1452,3789 1265,3718 1078,3799 888,3714 248,3704"/>
                <Baseline points="268,3889 340,3889 429,3895 518,3889 608,3889 697,3883 787,3871 876,3871 966,3877 1055,3883 1145,3889 1234,3889 1324,3895 1413,3895 1503,3883 1592,3889 1682,3883 1771,3883 1861,3883 1950,3883 2040,3889 2129,3883 2219,3871 2308,3871 2397,3877 2487,3877 2576,3883 2670,3879"/>
                <TextEquiv>
                    <Unicode>liegt. —  Kommt nicht eröhren, und in</Unicode>
                </TextEquiv>
            </TextLine>
        </TextRegion>
    </Page>
</PcGts>
