5966 4120
1171 416 1494 671 G.C.
1145 640 1429 811 G.H.F.F:D
1179 727 1884 910 G.C.H.F.H:D.H
1370 876 1878 1095 Hads, Zehls
1713 1019 1901 1249 U.Ed.
1648 1196 1903 1364 No. 1930
3265 373 4121 576 un ou une flasseit
3420 508 5472 758 Notwendigkeit von Duellen,in einem gewissen
3422 691 5677 879 Kreise wenigstens, rechnen musste, -das allein gleich
3417 811 5668 983 bene die ein gab den psohlschaftlichen Leben à
3428 879 5607 1056 gab der Zeit eine gewisse Würde oder wenigstens
3420 1033 5573 1255 einen gewissen Stil und den Menschen um den
3933 1143 4596 1258 duit them.
3414 1162 5556 1393 Menschen,die unter diesem Stile standen, auch
3428 1320 5525 1508 den nichtigsten,eine gewisse Haltung,- ja den
3768 1460 4512 1572 & unter unterdur
3397 1505 5435 1684 Schein einer Todesbereitschaft - wenn Ihnen
3894 1626 4208 1743 indicem
4601 1640 4835 1743 auch
3408 1654 5573 1912 das Wort (an dieser Stelle allzu grossartig er¬
3403 1842 4032 2016 scheinen mag.
3863 1898 5553 2184 Aber ich schweife ab, noch eh ich an-
3403 2139 5595 2375 gefangen. Ich wollte Ihnen ja die Geschichte
3391 2313 5514 2544 meines siebenten Duells erzählen. Und nun lä-
3740 2443 4166 2538 was in the
3403 2516 5539 2706 cheln Sie wieder, weil ich doch wiedervon mei-
4677 2617 4989 2735 dort,
3380 2642 5491 2872 nem Duell spreche, obwohl ich xxxr wie es immer
3282 2746 3843 2861 min einund
4610 2785 5514 2911 amtuchenen Für
3366 2858 5480 3055 mein Les oder meine Bestimmung war, nur Zeuge,
3372 3015 5587 3223 aber nicht Duellant gewesen bin. Und als Zeugen
3377 3099 5393 3386 wählte man mich besonders gern, trotz meiner
3355 3288 5584 3551 Jugend, schon mit achtzehn als Kavalleriefreiwil.
3793 3425 4357 3509 in water he
3355 3456 5528 3714 liger war ich Sekundant in einer Ehrensiffaire
