6200 4216
775 241 1563 425 Mullens with
445 316 2504 618 teich michtlich zeiggeben.. Erbitten Messieren
530 530 989 673 wegn.
561 727 2181 955 – Wilt – Esqrts of Road.
421 890 2480 1159 We may be for in the said Gerichl -
401 1016 1824 1277 Hheb et in Teleponnen-
472 1230 1512 1441 d'où la derniere
5810 133 6034 442 54
5253 207 5776 544 I afre
3180 268 5151 564 Uur indem Bezeitigen Lage, u
4729 496 5738 836 Und s. if to
3132 557 4818 843 time in the next
3170 741 5810 1063 nicht erwieder wurde – so
3934 887 4563 1060 (it was the jo
3204 968 5871 1281 uf - Bezich & Sich, wo die Thalisch
3187 1203 5830 1563 of himself not then felt.
3204 1478 5939 1773 hath & ami¬
3350 1719 6044 2005 Et Brunte Assai à neuf -? Er konnte
4311 1841 6051 2045 ger (hundd. Stictid auf jegen wir
3272 1916 6000 2188 an Eod. auch ordere ausgetründeten
3309 2072 6000 2429 "Cloppy" forst in land -    S. Hille.  We
3258 2276 5830 2667 kannstd day tis! He veriort
3309 2545 4576 2888 was him! -
3431 2769 5779 3153 Ich meint à une starre,... Ich
4424 3061 5874 3343 1 cœu.une claire...
3625 3054 4250 3350 fait
3394 3265 5942 3564 7. Jd 2/sehe kein kann -
3605 3459 5956 3758 ich. Bist der Amts. mein. Stzück
3792 3666 5861 3938 Ist in Blut mehr -
