6136 4136
3345 437 5549 664 auch keineswegs meinem Blick aus, als wir schie-
1528 457 2108 652 Jurge geboden
3348 638 5526 853 den, doch sah sie mich auch nicht anders an als
3351 818 5686 1022 sie Mülling und Aline ansah. Aline war ihre Freun-
3357 975 5607 1167 din, wir beide die Sekundanten ihres verstorbenen
4067 1074 4448 1176 überdies
3365 1089 5659 1296 Mannes, Mülling auch sein Anwalt und sein
3362 1240 5479 1438 ältester Freund. Als wir Drei. Mülling, ich und
3377 1435 5578 1639 Aline nach unten dem See zu gingen, sprachen wir
3374 1598 5610 1761 von der unglaublichen Selbstbeherrschung, von der
3386 1715 5613 1889 unvergleichlichen Haltung, die sie bewahrt hatte.
3427 1886 5517 2087 Man fragte mich,ob sie auch schon die erste,
3397 2055 5625 2213 von mir überbrachte Nachricht in solcher Fassung
3392 2207 5549 2376 entgegengenommen, ja nur ihre Totenblässe hatte
3429 2373 5517 2530 ihre Bewegung verraten, aber Tränen hatte ich
3395 2489 5587 2731 nicht gesehen. Ich hatte keineswegs die Empfin-
3415 2667 4317 2847 dung, dass ich log.
3790 2774 5604 2946 Sie reiste tatsächlich noch am gleichen
3421 2955 5496 3165 Abend allein ab un brachte die Leiche ihres
3418 3124 5764 3258 Gatten am nächsten Morgen nach Wien. Am Tage drauf
3427 3290 5715 3415 fand das Begräbnis statt. Ich sandte einen beson-
3429 3432 5680 3636 ders schönen Kranz und ging hinter dem Sarge mit
