6040 4120
5251 414 5426 562 45
3388 473 5419 743 tief. /Ich tauche aus Flut und Tod und Traum
3391 697 5637 899 wieder empor, so tief ich gewesen, so unerbittlich
3376 881 5481 1068 kam ich an die Oberfläche und während Agathe
3397 964 5686 1197 schlief war ich völlig wach, wacher als je. In all
3376 1194 5545 1356 ihrer Unerbittlichkeit war die Wirklichkkeit da,
3369 1326 5785 1507 alle Träume fort. Die Gardinen bewegten sich stärker
3373 1470 5484 1657 in dem nachmittägigen Sommerwind, der um diese
3369 1626 5831 1854 Stunde immer vom See herangeweht kam. Wie spät mochte
3351 1786 5745 1964 es sein? Nach den Schatten, nach dem Stand der Sonne
3354 1933 5735 2185 kaum mehr als vier, die Zeit ungefähr, in der Mülling
3357 2111 4901 2332 mich im Hotel aufsuchen wollte. —
