6200 4168
97 239 970 495 dein en un
1753 232 2772 495 of wea for of
1504 270 1663 516 De
166 426 1143 714 gutlich.
322 599 1272 842 Einhilen Ein
166 735 2796 1053 Nur in diesen Eigenblick fühlte ich, ich in
173 953 1573 1282 for ihn pitterte berglich
409 1147 1708 1424 Seite Cefundtlent über¬
333 1258 2138 1573 Es wäre & wilt es a noch lebte
256 1476 2498 1701 Esra a Centew jurere une andre.
430 1660 2904 1972 Oder: Wie ich isi so erste konnte - def. f.
149 1864 395 2103 my
513 1895 2218 2197 ter nicht de an bevaht
392 2065 1590 2377 agulit inneigling
385 2311 2315 2557 Ode: if regen: up hebif jelod
392 2502 2526 2789 nen ich ich nicht genugt dir zu seyn. -
367 2779 2089 3063 Un même donc je tête mais
3403 184 4286 412 In Lurell Schicke
5461 215 6001 475 [illegible]
3243 229 6043 631 In selbe Aigenblick hat Mittwis ein. Er seit werig
3233 475 5967 887 Nur dienste noch nur ein ich Blick.
5461 523 5960 665 cette fraxe
3978 683 4546 845 Sas daran
3240 710 6005 1085 reich — ich begriff, daß er weise Votel aussernt
3184 932 5949 1344 et un ote vite bgriff, une cément
4331 967 5516 1154 wie auch in er fällt könne,
3226 1161 5984 1587 nicht gefinden. Offert sine is uns nicht nicht
4608 1230 5561 1396 l'iscompt ce Jeube
3188 1414 5835 1764 zweite, die erschicklich sein, nachdem ich
3226 1514 5949 1944 ist das beim Bed. gehärtelleuge lassen.
3247 1757 5852 2245 Er tue auf möge nur druckte ich t wortlos.
3243 1982 5967 2401 de Hand.   Aufnöstures    pust
3205 2211 5856 2613 di Stike in der klein kann – w- er in
3319 2349 3545 2477 me
3229 2405 5648 2779 unter dort Broggheit; in leitel
3257 2599 5845 2918 alle nach einer boven... Wir denkunden
3326 2810 5811 3222 Eccol. (sagte April - Agath wis¬
3313 3067 5707 3330 du mont, - die nuitStadt
3351 3267 5918 3576 sich legetn – wie dann I Herstell etc.
3333 3468 5901 3791 né de tippe offert.
