6144 4008
3010 152 3338 358 2.7.1928.
4896 436 5099 581 en
3328 530 5849 655 hatte, dass er mit den Andern auf diese Waffe losgegan-
3048 601 5710 774 (in den gen war. Dann kam der Zweikampf zwischen Pechy und
4389 713 5115 818 (au de un foir de cet
5237 720 5440 824 aller
3065 753 5781 946 u. mich Biberhofer zur Sprache in dem Biderhofer in die Luft
3102 824 3264 973 me
3328 902 5805 1098 geschossen hatte. (Wo mochte übrigens diese Kugel lie-
3331 1031 5680 1267 gen? (Man sagte, er wollte sterben. Aber es war ihm
3321 1183 5838 1402 nicht gelungen.er hatte nur einen Streifschuss erhal-
3791 1318 4159 1409 Mornate
3328 1348 5896 1537 ten. Dann das sonderbare Duell zwischen dem Baron Heb-
3031 1453 5724 1713 Won ling, der damals Freiwilliger gewesen war und seinem
4139 1629 4338 1723 Esine
4703 1629 4977 1750 Glwer
3328 1659 5646 1818 Oberst Reisenauer. Mein erstes, vielmehr das erste,
4916 1781 5183 1892 Ann
3315 1808 5818 1977 bei dem ich Sekundant gewesen war. Ein höchst merkwür-
3328 1950 5842 2122 diger Fall, dass ein Oberst sich mit einem Freiwilligen
4889 2105 5041 2189 me
3315 2112 5845 2271 seines Regiments schlug. Aber es hatte sich nicht ver-
3673 2274 3919 2345 serve
3301 2287 5980 2483 meiden lassen. (Heute konnte man ja davon reden.) Der Obers
3308 2382 3598 2494 hatte
4271 2399 4632 2494 zugenden
3240 2419 5795 2608 die keineswegs noch alte sehr fesche Baronin Hebling,
3548 2558 5031 2666 dessen ich in dem auffelen zugegen klern,
3304 2581 4690 2757 die mit ihrem Sohn im Theater
4680 2571 5764 2777 gewesen war, für xxxx
4234 2706 4690 2801 in date in the
3308 2747 5835 2909 dessen Maitresse gehalten und ihn am nächsten Tag halb
3304 2906 5727 3098 dienstlich, halb freundschaftlich ermahnt, sich nicht
3315 3014 5561 3213 mit zweifelhaften Damen öffentlich im Theater zu
3609 3179 5061 3281 Cette pièce luissierche, - gulle-cœuf besigt
3311 3173 5828 3433 zeigen. Das Allersonderbarste war aber, dass der Oberst
