6216 4216
5818 184 6048 456 34
3147 261 5645 544 wie a Belonig ine Einverlied in
2769 244 3013 572 32
166 332 2840 615 Inhalt 8 Traundiänner, am Lacher, Theil
3243 484 5878 809 and were there in with Auge upon him. It
205 548 2946 812 Können, über den Ries, alle man ich, ein kurze
187 685 2964 1063 Leder; – Schritte der Stafen, zur
3260 650 5719 1007 sterd in in beide; - is nove
279 929 2847 1286 Verend heerif - at die Huf bereit, - in wulle
3292 901 6048 1307 Allein xxx in ihrem Gegenwähr¬
5225 1134 5454 1293 der
240 1134 2960 1424 fählte ich nicht in keher bleib auf / Vriesd¬
3190 1084 5836 1459 peil fast, vuicule argente  - - Alieu jou
533 1258 1385 1445 meckte mit jetzt
4847 1325 5359 1477 duflad
212 1381 2964 1706 vif halb wurf, statt, at af Fakic gevy thoms -
3211 1321 6058 1653 in eir frock soll, xyz bezahlt in ein wufl
4953 1551 6048 1763 auf den Hochgelahrten
177 1547 2890 1858 in une Ecke de Salm gedruck
3250 1533 5988 1893 gelb immerkeit gehlend is, beiden der Werttrungen
198 1773 2886 2123 aab nof i he de beiden Fian Ayall. Clon
3232 1699 5599 2056 Flikalousil, we were in demel him
152 1932 2985 2324 eintral but of yor but when
3204 2010 5807 2349 dame unie en Bet - a bewel wie ein
162 2176 2819 2480 o  -    T.A.   M. de Faut
3200 2233 5716 2536 Aulant gebelltion Cibe wes wierde
166 2321 2914 2667 und tun – sind at in in der Thun mitse¬
3193 2568 5776 2837 ne me de nicht an geregst, dass ich S. W.
134 2596 2911 2978 werden, eben ich mit den Frau, und
3211 2724 5988 3056 Trib. him of half the present her will
127 2893 2847 3169 I am in the Emolte in under and I have
3200 2974 6023 3342 ﻿Jouer du permette – vifertig in de 12 tge
127 3024 2830 3423 at the - to Nint of Agnll Jorkey
3285 3253 5507 3589 das zweifel zu der Zeit gehen¬
131 3260 2572 3617 Sie im und alle heute mit meisri – und
5165 3532 5603 3667 mented
152 3522 2766 3900 the Revd - oh l-prog, of me I am any
3268 3501 5942 3872 eine um eine letzte Desseurte kleinkend
5514 3847 5730 4052 by
