6200 4264
276 373 2496 707 in this. I am not in that
243 645 2755 959 die Hülle hatte ich ich kle föhrt der
301 820 2609 1151 Reise übernehstet. denn ihr gern
311 1015 2836 1332 Asb. is a all from it for. 3 0 - p
327 1274 2758 1533 auf M - ich
318 1520 2927 1747 juriteubt un buit au de juillet Ainsi
263 1666 2865 2006 Wissich an der gleich Teilen noch
327 1899 2924 2259 & a jusd. mieresse. (mein IJschon)
292 2123 2826 2470 uns in d Vill. des Jahrikant 9th was
716 2334 1523 2496 un un est.
295 2386 2677 2719 nur zu zahl war und xyz
357 2518 2963 2898 mit Frauen. Er allein in der Trostw.
360 2755 2950 3073 Auf von ihr Tilschen in der Geford¬
376 2979 2784 3300 Mit Vater erklängst Zeugerte nach¬
642 3199 2590 3491 Ihre sich gute und viel nur
506 3429 1669 3786 kann gebrochen. —
3170 626 4778 820 Mertelle Echar allef p
3303 778 5546 1021 Yours Wie mondelke = Er willen auch, do ich
3338 959 4907 1222 die Stedler..... Ich erkläfern.
3484 1147 4269 1348 Ehes Sich seit
3484 1225 5688 1501 1) Ed Vn Ed. an Thos d forltsoss at
3549 1416 5481 1656 H Jurist  I Eritivatie of Janat
3646 1578 5533 1802 stlef im Micilium ist hat, die
3462 1734 5037 2042 + Mir oppert de d, ses f.
3345 1935 5552 2243 Un tres trèvres-je arres, bien-il de je
3368 2136 5850 2327 Lents-se et hulle- ich. Er woll, eben so müsend
3711 2330 5808 2531 schi wie in See sil kontz Vous ab,
3309 2360 3520 2525 at
4223 2457 5705 2574 idem dt., als aus d. will, als.
3517 2505 5646 2729 Bill Wien -; Ich fogt in gegen Oben
3530 2671 5620 2937 (Klellerl) - - H K. M. and
3452 2836 5053 3118 Böh. - Gutgelernt. oberfahrt
3546 3001 5637 3251 Milt we in alt Friend, in all All-
3546 3176 5513 3387 „ Ed -; -   ich macht die Ehr
3656 3348 5481 3611 hof zu Jäger denzahlt kam, saff.
3578 3526 5312 3786 auf xyz weiter
3630 3718 5280 3912 schaft – wenn ich dann in zu
3598 3854 4285 4032 Seit übernte
