6184 4168
5593 181 5876 528 15
2952 337 5421 674 Mrs. Dr. Beh. he inerlel at
2987 601 5513 1050 nase beinge al. If take
3009 910 5459 1228 un état de sa Sorge jetage. Ich
2997 1091 5551 1438 nicht einiger Eilgenommen an Fr
3086 1330 5443 1686 Glad upon you.. Eccon.
3044 1549 5421 1921 [illegible]  -    A if
3175 1801 5354 2135 auf der letz. z. geben hiert
3121 2090 5370 2430 um michte sein. - So is sich
3134 2281 5583 2717 langene..  Ira Tis machte
3124 2545 5507 2943 und zur konnte früher; - u
3153 2885 5491 3127 nächst einig, wie wir
3219 3067 5297 3436 Jeld... und Tele¬
3213 3398 5265 3706 nehrofst zu als erste,
3299 3614 5341 3977 Ar d lasse; – und neben ist
