6136 4200
723 1942 933 2092 of the
669 2126 1043 2274 elb, xxx
700 2228 1083 2421 tlomb.85
868 2390 1228 2566 le, il y
1057 2515 1585 2758 G.H.F.Hae
3456 553 5426 641 glauben Sie mir, ich bin nun gefasst genug.
3456 680 5571 780 Doktor Mülling, berichten Sie und schonungslos
3467 868 5406 989 von Anfang bis Ende. Ich will keine Frage
3467 1012 5511 1091 stellen, ich werde Sie nicht unterbrechen, er-
3484 1151 5582 1262 zählen Sie",-mit erlöschender Stimme fügte sie
3484 1310 4547 1409 hinzu,“wie es geschah.“
3887 1460 5545 1556 Mit keinem Zucken ihrer Lippen ver-
3484 1610 5497 1712 riet sie sich. Niemals wieder habe ich eine
3498 1769 5455 1897 Frau so bewundert und keine vielleicht hat
3498 1908 5775 2036 mir je solches Graueneingeflösst als diese junge
3504 2089 5565 2186 Frau,während sie Mülling zuhörte,in die Ecke
3510 2200 5571 2370 des Divans gelehnt, xx vor einer Stunde noch
3510 2299 5735 2554 die Stätte unserer (gemeinsamen) Lust gewesen war.
3504 2520 5494 2665 In all seiner inneren Bewegung kam Mülling
3521 2696 5667 2846 seine berufsmässige Gewohnheit, wohlgesetzt und
3521 2812 5698 2988 geordnet auch vor der Oeffentlichkeit zu reden,
3527 2954 5673 3127 zustatten; er erzählte den Verlauf der Angele-
3521 3116 5732 3320 genheit (von dem Moment an, da wir beide, Mülling
3521 3291 5676 3464 und ich Eduard am Bahnhof in der kleinen Stadt
3527 3467 5724 3660 abgeholt hatten (auf die nach Lage der Umstände
