6200 4200
389 286 2043 545 Sich nicht zu vermehrt,
395 506 2700 808 Mr ber she, Mll i nt
389 747 2550 1034 wendet auf ein toll kirche,
374 952 2504 1236 obre un autre et & tabe
1504 1088 2791 1281 in der schön wen ferner
389 1199 2604 1528 Mariat naffee in Moil 1.
434 1416 2712 1778 Hilafen Heitop...  Mr Seall
470 1567 2899 2031 is up telle, and at Lckowen
431 1872 2619 2200 nicht zu - die letzt Nogleße
440 2104 2670 2369 in solst Unleendt.. I
1796 2275 2010 2417 obé
455 2290 2348 2676 en De Notarien Meil, K.I.
470 2583 2718 2899 on en iztuklich binnen kurz
407 2839 2568 3083 wird in so- xxx
416 3014 2661 3369 the Towr at Bunt Mark
380 3249 2330 3550 du été février
341 3466 2667 3837 in copuleig. I birth-
3710 491 5847 672 städten, gerieten anlässlich des wunderba
3707 672 5762 817 ren Sternenhimmels, der über uns hing, in
3707 787 5777 952 eine etwas oberflächliche und rasch ver¬
3722 955 5702 1100 sandende Erörterung über Unendlichkeit
3716 1082 5753 1287 und Unsterblichkeit, gedachten eines Aus-
3722 1275 5814 1471 flugs in grösserer Gesellschaft, gelegent-
3716 1398 5717 1588 lich dessenwir uns vor erst acht Tagen
3722 1564 5832 1733 kennen gelernthatten,tauschten unsere Er-
3734 1745 5741 1905 innerungen über unsere Erfahrungen wäh-
5494 1844 5657 1947 un
3746 1847 5630 2064 rend des Freiwilligenjahres, das kaum
3734 2043 5883 2203 fünf Jahre zurück lag, schlæssen daran Be-
3740 2167 5868 2339 merkungen über das Leben der Offiziere in
3728 2342 5612 2495 kleinen,besonders gewissen von aller
3728 2486 5814 2625 Kultur entfernten Garnisonen,- aber wenn
3740 2592 5687 2779 auch von jedem die ser Themen ein ganz
3752 2746 5786 2960 kurzer Weg auf die Umstände hätte führen
3746 2914 5693 3101 müssen denen wir unsere Anweseheit in
3737 3092 5838 3291 diesem Städtchen mit unserem nächtlichen
3758 3285 5904 3384 Spaziergang verdankten - es war mit keinem
3746 3375 5826 3620 Wort von dem morgigen Duell, von den Per-
3758 3523 5702 3788 sönlichkeiten der puellanten oder der
