<?xml version="1.0" encoding="UTF-8" standalone="yes"?>
<PcGts xmlns="http://schema.primaresearch.org/PAGE/gts/pagecontent/2013-07-15" xmlns:xsi="http://www.w3.org/2001/XMLSchema-instance" xsi:schemaLocation="http://schema.primaresearch.org/PAGE/gts/pagecontent/2013-07-15 http://schema.primaresearch.org/PAGE/gts/pagecontent/2013-07-15/pagecontent.xsd">
    <Metadata>
        <Creator>prov=READ-COOP:name=TrHtr:version=2.1.0:model_id=51170:date=28_07_2023_01:44</Creator>
        <Created>2023-05-10T11:11:46.933+02:00</Created>
        <LastChange>2023-07-28T01:44:25.695+02:00</LastChange>
        <TranskribusMetadata docId="1428128" pageId="55384254" pageNr="102" tsid="131313042" status="IN_PROGRESS" userId="64420" imgUrl="https://files.transkribus.eu/Get?id=SUUVZPVTVSNCISHWOFMNWFNZ&amp;fileType=view" xmlUrl="https://files.transkribus.eu/Get?id=UWTZJHZVHQSRYUBLSTLMPTTI" imageId="44659154"/>
    </Metadata>
    <Page imageFilename="1428128_0102.jpg" imageWidth="6200" imageHeight="4216">
        <ReadingOrder>
            <OrderedGroup id="ro_1711825223897" caption="Regions reading order">
                <RegionRefIndexed index="0" regionRef="tr_1"/>
            </OrderedGroup>
        </ReadingOrder>
        <TextRegion id="tr_1" custom="readingOrder {index:0;}">
            <Coords points="137,302 6049,302 6049,3957 137,3957"/>
            <TextLine id="tr_1_tl_1" custom="readingOrder {index:0;}">
                <Coords points="981,433 1212,404 1284,447 1547,375 1810,454 1973,386 2456,393 2431,242 1695,242 1511,310 1374,263 1259,321 977,267"/>
                <Baseline points="997,352 1086,358 1176,358 1265,364 1355,364 1445,370 1534,370 1624,376 1713,370 1803,370 1893,364 1982,376 2072,376 2161,376 2251,376 2340,376 2430,376 2460,376"/>
                <TextEquiv>
                    <Unicode>zweifelt überfang: ulterwurde</Unicode>
                </TextEquiv>
            </TextLine>
            <TextLine id="tr_1_tl_2" custom="readingOrder {index:1;}">
                <Coords points="3109,519 3332,609 4825,617 5269,483 5521,617 5896,602 6008,577 6012,285 5539,418 4627,285 3711,429 3112,328"/>
                <Baseline points="3129,459 3218,465 3308,477 3397,489 3487,507 3577,513 3642,507 3654,507 3684,507 3774,507 3863,507 3953,501 4042,501 4132,489 4221,477 4311,471 4401,471 4490,471 4580,465 4669,471 4759,471 4848,477 4938,477 5028,477 5117,477 5207,477 5296,477 5386,483 5476,483 5565,489 5655,489 5744,489 5834,489 5923,471 6013,459"/>
                <TextEquiv>
                    <Unicode>que notre poir s'Hollante. Vernefem¬6</Unicode>
                </TextEquiv>
            </TextLine>
            <TextLine id="tr_1_tl_3" custom="readingOrder {index:2;}">
                <Coords points="115,577 2726,523 2676,281 2423,415 1810,451 1720,371 801,415 627,310 115,296"/>
                <Baseline points="137,489 226,483 316,483 406,483 495,495 585,501 674,501 764,501 853,507 943,501 1033,501 1122,495 1212,495 1301,495 1391,489 1480,489 1570,489 1660,489 1749,489 1839,489 1928,495 2018,495 2108,495 2197,495 2287,495 2376,495 2466,495 2555,495 2645,495 2735,507 2740,501"/>
                <TextEquiv>
                    <Unicode>Ein Bellner, eleganten, als die werden die Notilgast</Unicode>
                </TextEquiv>
            </TextLine>
            <TextLine id="tr_1_tl_4" custom="readingOrder {index:3;}">
                <Coords points="130,736 2517,703 2517,588 2218,545 1854,617 1699,519 1370,501 1176,577 700,508 130,577"/>
                <Baseline points="149,692 197,680 286,674 376,662 465,668 555,668 644,674 734,674 824,674 913,668 1003,668 1092,668 1182,668 1271,668 1361,668 1451,668 1540,674 1630,668 1719,668 1809,668 1898,668 1988,668 2078,668 2167,668 2257,662 2346,656 2436,650 2526,638"/>
                <TextEquiv>
                    <Unicode>gung willos ut der Terane in michte der bei.</Unicode>
                </TextEquiv>
            </TextLine>
            <TextLine id="tr_1_tl_5" custom="readingOrder {index:4;}">
                <Coords points="3199,707 3743,840 4519,689 5463,869 5903,837 5853,577 3199,631"/>
                <Baseline points="3218,704 3224,704 3314,698 3403,698 3493,704 3583,698 3672,692 3762,686 3851,686 3887,692 3977,698 4066,692 4156,692 4245,686 4335,680 4425,680 4514,680 4604,686 4693,692 4783,698 4872,698 4962,698 5052,698 5141,704 5231,716 5320,716 5410,722 5499,728 5589,734 5679,740 5768,746 5858,740 5911,740"/>
                <TextEquiv>
                    <Unicode>Kosten verhalten werden müßen Stiell.</Unicode>
                </TextEquiv>
            </TextLine>
            <TextLine id="tr_1_tl_6" custom="readingOrder {index:5;}">
                <Coords points="4201,844 4248,851 4313,797 4392,833 4414,811 4526,837 4598,808 4746,851 4804,819 4904,829 4969,804 4966,721 4886,714 4796,757 4688,689 4605,728 4537,685 4490,718 4335,689 4194,732"/>
                <Baseline points="4216,782 4305,788 4395,788 4484,794 4574,806 4663,806 4753,812 4843,818 4932,806 4980,794"/>
                <TextEquiv>
                    <Unicode>the seven</Unicode>
                </TextEquiv>
            </TextLine>
            <TextLine id="tr_1_tl_7" custom="readingOrder {index:6;}">
                <Coords points="123,934 974,970 2254,833 2622,927 2687,700 126,732"/>
                <Baseline points="143,842 185,842 274,847 364,853 453,853 543,865 632,865 722,865 812,865 901,865 991,859 1080,853 1170,853 1260,847 1349,847 1439,842 1528,842 1618,842 1707,836 1797,836 1887,836 1976,836 2066,836 2155,830 2245,830 2334,830 2424,836 2514,836 2603,836 2693,836"/>
                <TextEquiv>
                    <Unicode>Rerren wohl zu er teublenend und aber mit Empell</Unicode>
                </TextEquiv>
            </TextLine>
            <TextLine id="tr_1_tl_8" custom="readingOrder {index:7;}">
                <Coords points="3195,985 4425,894 5846,1100 5839,898 5655,829 4219,851 4053,746 3938,837 3188,808"/>
                <Baseline points="3212,895 3302,901 3391,907 3481,907 3571,907 3660,895 3750,889 3839,877 3929,871 4018,865 4108,865 4198,877 4287,889 4377,889 4466,889 4556,895 4645,901 4735,913 4825,913 4914,919 5004,931 5093,931 5183,943 5272,949 5362,955 5452,961 5541,967 5631,979 5720,979 5810,985 5846,985"/>
                <TextEquiv>
                    <Unicode>Ihr vorlässige Anlaßung</Unicode>
                </TextEquiv>
            </TextLine>
            <TextLine id="tr_1_tl_9" custom="readingOrder {index:8;}">
                <Coords points="2164,941 2196,948 2221,941 2243,952 2268,934 2283,945 2319,941 2369,956 2358,829 2319,829 2312,837 2254,829 2218,873 2193,873 2175,858 2157,858"/>
                <Baseline points="2185,919 2275,913 2364,931 2376,931"/>
                <TextEquiv>
                    <Unicode>4</Unicode>
                </TextEquiv>
            </TextLine>
            <TextLine id="tr_1_tl_10" custom="readingOrder {index:9;}">
                <Coords points="4627,1096 4663,1096 4764,1010 4807,1010 4829,1031 4894,1024 4962,1071 5009,1046 5096,1067 5088,941 5005,927 4941,945 4923,930 4901,956 4865,934 4840,952 4807,938 4742,952 4706,934 4620,966"/>
                <Baseline points="4639,991 4729,1009 4819,1003 4908,1015 4998,1015 5087,1033 5105,1039"/>
                <TextEquiv>
                    <Unicode>verfasst</Unicode>
                </TextEquiv>
            </TextLine>
            <TextLine id="tr_1_tl_11" custom="readingOrder {index:10;}">
                <Coords points="148,1028 966,1150 1666,1046 1868,1111 2643,1057 2532,905 2369,974 1955,880 1143,876 844,988 635,902 148,945"/>
                <Baseline points="167,1015 232,1015 322,1015 412,1015 501,1021 591,1027 680,1027 770,1027 859,1033 949,1039 1039,1039 1128,1045 1218,1045 1307,1051 1397,1045 1486,1021 1576,1021 1666,1015 1755,1009 1845,1003 1934,1003 2024,1003 2113,997 2203,997 2293,997 2382,997 2472,997 2561,1003 2651,1009"/>
                <TextEquiv>
                    <Unicode>the avis unverklärt is;  Sie sovie de</Unicode>
                </TextEquiv>
            </TextLine>
            <TextLine id="tr_1_tl_12" custom="readingOrder {index:11;}">
                <Coords points="3217,1172 3339,1172 3451,1129 3686,1197 3812,1161 3974,1204 3974,959 3725,1046 3624,966 3516,981 3440,1035 3357,999 3217,1024"/>
                <Baseline points="3236,1110 3266,1116 3356,1116 3445,1116 3535,1116 3624,1122 3714,1128 3803,1122 3893,1116 3983,1098"/>
                <TextEquiv>
                    <Unicode>Aullen if</Unicode>
                </TextEquiv>
            </TextLine>
            <TextLine id="tr_1_tl_13" custom="readingOrder {index:12;}">
                <Coords points="3996,1233 4043,1248 4093,1204 4169,1183 4208,1219 4306,1230 4331,1204 4371,1241 4414,1226 4425,1042 4309,1021 4255,970 4230,977 4183,938 4122,945 4061,916 4010,930"/>
                <Baseline points="4018,1128 4072,1128 4162,1116 4251,1110 4341,1110 4430,1110"/>
                <TextEquiv>
                    <Unicode> xxx</Unicode>
                </TextEquiv>
            </TextLine>
            <TextLine id="tr_1_tl_14" custom="readingOrder {index:13;}">
                <Coords points="4511,1212 4713,1111 4930,1233 5258,1140 5756,1237 5748,1089 5622,1067 5438,1104 5262,1053 4962,1075 4872,1021 4508,1075"/>
                <Baseline points="4526,1128 4616,1122 4705,1110 4795,1116 4884,1110 4974,1116 5063,1122 5153,1128 5243,1128 5332,1140 5422,1146 5511,1158 5601,1152 5691,1158 5762,1164"/>
                <TextEquiv>
                    <Unicode>- Ihnen u. m. -</Unicode>
                </TextEquiv>
            </TextLine>
            <TextLine id="tr_1_tl_15" custom="readingOrder {index:14;}">
                <Coords points="130,1320 1244,1215 2687,1251 2842,1233 2845,1143 2593,1067 133,1100"/>
                <Baseline points="155,1206 244,1212 334,1206 423,1212 513,1212 603,1218 692,1218 782,1212 871,1212 961,1218 1051,1212 1140,1212 1230,1206 1319,1212 1409,1212 1498,1200 1588,1200 1678,1194 1767,1200 1857,1200 1946,1200 2036,1200 2125,1200 2215,1200 2305,1194 2394,1194 2484,1194 2573,1200 2663,1200 2752,1200 2842,1200 2854,1206"/>
                <TextEquiv>
                    <Unicode>klein Touranten wird Halle hin Brur</Unicode>
                </TextEquiv>
            </TextLine>
            <TextLine id="tr_1_tl_16" custom="readingOrder {index:15;}">
                <Coords points="811,1302 1208,1352 1345,1309 1594,1392 1872,1298 2294,1342 2326,1208 811,1266"/>
                <Baseline points="830,1289 919,1301 1009,1301 1098,1307 1188,1307 1277,1307 1367,1307 1457,1295 1546,1295 1636,1289 1725,1289 1815,1295 1904,1301 1994,1295 2084,1295 2173,1295 2263,1301 2334,1307"/>
                <TextEquiv>
                    <Unicode>dient des gros peineux</Unicode>
                </TextEquiv>
            </TextLine>
            <TextLine id="tr_1_tl_17" custom="readingOrder {index:16;}">
                <Coords points="3217,1392 4122,1421 4511,1316 4962,1457 5925,1475 5921,1331 5348,1143 4933,1233 4782,1132 4443,1241 3873,1190 3610,1280 3217,1183"/>
                <Baseline points="3236,1331 3326,1337 3415,1343 3505,1343 3594,1343 3684,1343 3774,1343 3863,1337 3953,1331 4042,1325 4132,1325 4221,1313 4311,1313 4401,1313 4490,1313 4580,1313 4669,1307 4759,1307 4848,1313 4938,1313 5028,1307 5117,1313 5207,1325 5296,1337 5386,1343 5476,1355 5565,1367 5655,1379 5744,1391 5834,1397 5923,1415 5935,1415"/>
                <TextEquiv>
                    <Unicode>même à jeuneur tll - xxx un</Unicode>
                </TextEquiv>
            </TextLine>
            <TextLine id="tr_1_tl_18" custom="readingOrder {index:17;}">
                <Coords points="234,1504 2838,1461 2838,1320 2539,1280 1608,1385 743,1259 234,1298"/>
                <Baseline points="256,1427 346,1415 435,1409 525,1409 615,1409 704,1409 794,1409 883,1421 973,1415 1062,1421 1152,1415 1242,1415 1331,1415 1421,1409 1510,1415 1600,1409 1689,1403 1779,1403 1869,1403 1958,1403 2048,1397 2137,1397 2227,1403 2317,1397 2406,1397 2496,1403 2585,1409 2675,1415 2764,1433 2848,1439"/>
                <TextEquiv>
                    <Unicode>Halle klouge du    une ame klein hoffen</Unicode>
                </TextEquiv>
            </TextLine>
            <TextLine id="tr_1_tl_19" custom="readingOrder {index:18;}">
                <Coords points="3199,1630 4396,1569 4901,1662 5362,1576 5507,1681 5615,1605 5615,1453 4904,1450 4764,1349 4353,1432 4227,1378 4100,1461 3199,1399"/>
                <Baseline points="3218,1564 3296,1570 3385,1570 3475,1570 3565,1570 3654,1564 3744,1552 3833,1552 3923,1546 4012,1540 4102,1534 4192,1528 4281,1534 4371,1534 4460,1534 4550,1540 4639,1540 4729,1540 4819,1546 4908,1534 4998,1534 5087,1534 5177,1528 5267,1534 5356,1540 5446,1546 5535,1552 5625,1552"/>
                <TextEquiv>
                    <Unicode>du retreffend willest à jour une</Unicode>
                </TextEquiv>
            </TextLine>
            <TextLine id="tr_1_tl_20" custom="readingOrder {index:19;}">
                <Coords points="202,1673 2633,1612 2658,1497 2247,1414 746,1558 206,1507"/>
                <Baseline points="220,1642 244,1642 334,1636 423,1630 513,1630 603,1630 692,1630 782,1636 871,1636 961,1636 1051,1630 1140,1618 1230,1618 1319,1618 1409,1618 1498,1618 1588,1618 1678,1618 1767,1606 1857,1606 1946,1588 2036,1582 2125,1570 2215,1570 2305,1570 2394,1570 2484,1570 2573,1570 2663,1594"/>
                <TextEquiv>
                    <Unicode>Torvoriter. In der wenig Teilen</Unicode>
                </TextEquiv>
            </TextLine>
            <TextLine id="tr_1_tl_21" custom="readingOrder {index:20;}">
                <Coords points="1962,1695 2207,1666 2315,1695 2434,1662 2524,1724 2615,1666 2669,1706 2708,1695 2708,1608 2622,1612 2532,1576 2362,1605 2272,1572 2207,1598 2117,1572 2045,1626 1962,1616"/>
                <Baseline points="1982,1666 2072,1666 2161,1666 2251,1666 2340,1666 2430,1660 2520,1660 2609,1660 2699,1666 2717,1666"/>
                <TextEquiv>
                    <Unicode>de le cet sager.</Unicode>
                </TextEquiv>
            </TextLine>
            <TextLine id="tr_1_tl_22" custom="readingOrder {index:21;}">
                <Coords points="815,1825 2625,1778 2726,1763 2730,1688 1994,1702 1904,1648 1562,1717 1439,1659 1295,1742 1122,1666 819,1691"/>
                <Baseline points="834,1823 853,1809 943,1791 1033,1785 1122,1785 1212,1785 1301,1785 1391,1773 1480,1773 1570,1773 1660,1767 1749,1761 1839,1761 1928,1761 2018,1755 2108,1755 2197,1749 2287,1749 2376,1743 2466,1743 2555,1737 2645,1737 2735,1743"/>
                <TextEquiv>
                    <Unicode>og Paar erhobricht; auf de sehr</Unicode>
                </TextEquiv>
            </TextLine>
            <TextLine id="tr_1_tl_23" custom="readingOrder {index:22;}">
                <Coords points="3217,1818 4028,1836 4158,1756 5615,1828 5669,1688 4378,1565 4003,1670 3220,1634"/>
                <Baseline points="3242,1785 3260,1779 3350,1779 3439,1779 3529,1779 3618,1779 3708,1779 3797,1779 3887,1773 3977,1767 4066,1755 4156,1749 4245,1755 4335,1755 4425,1761 4514,1761 4604,1761 4693,1761 4783,1761 4872,1761 4962,1761 5052,1761 5141,1761 5231,1761 5320,1755 5410,1755 5499,1755 5589,1749 5679,1749"/>
                <TextEquiv>
                    <Unicode>trill hal ja niet instu bestede.</Unicode>
                </TextEquiv>
            </TextLine>
            <TextLine id="tr_1_tl_24" custom="readingOrder {index:23;}">
                <Coords points="260,1818 444,1886 469,1868 505,1897 577,1868 642,1890 671,1861 765,1919 826,1908 829,1691 757,1702 732,1677 707,1702 577,1652 465,1699 422,1673 263,1677"/>
                <Baseline points="280,1815 370,1815 459,1815 549,1815 638,1809 728,1809 818,1815 834,1823"/>
                <TextEquiv>
                    <Unicode>kan zu.</Unicode>
                </TextEquiv>
            </TextLine>
            <TextLine id="tr_1_tl_25" custom="readingOrder {index:24;}">
                <Coords points="811,1900 1154,1947 1403,1864 2258,1886 2467,1818 2921,1886 2957,1745 815,1789"/>
                <Baseline points="834,1823 907,1869 997,1881 1086,1881 1176,1881 1265,1881 1355,1869 1445,1863 1534,1857 1624,1857 1713,1851 1803,1845 1893,1851 1982,1845 2072,1839 2161,1833 2251,1827 2340,1827 2430,1821 2520,1815 2609,1815 2699,1821 2788,1833 2878,1851 2961,1869"/>
                <TextEquiv>
                    <Unicode>-der es da tun vielleicht, in der fortränst &amp; speitse</Unicode>
                </TextEquiv>
            </TextLine>
            <TextLine id="tr_1_tl_26" custom="readingOrder {index:25;}">
                <Coords points="4544,1886 4666,1850 4739,1890 4793,1875 4811,1893 4897,1886 4955,1839 5085,1832 5088,1771 4987,1763 4962,1785 4897,1771 4832,1789 4742,1760 4645,1810 4616,1781 4551,1774"/>
                <Baseline points="4568,1845 4639,1845 4729,1851 4819,1851 4908,1845 4998,1827 5093,1822"/>
                <TextEquiv>
                    <Unicode>exercite</Unicode>
                </TextEquiv>
            </TextLine>
            <TextLine id="tr_1_tl_27" custom="readingOrder {index:26;}">
                <Coords points="5074,1875 5157,1893 5175,1879 5186,1890 5218,1864 5243,1875 5276,1868 5283,1774 5254,1771 5229,1785 5186,1771 5139,1781 5081,1771"/>
                <Baseline points="5095,1867 5189,1863 5278,1857 5290,1857"/>
                <TextEquiv>
                    <Unicode>dire</Unicode>
                </TextEquiv>
            </TextLine>
            <TextLine id="tr_1_tl_28" custom="readingOrder {index:27;}">
                <Coords points="281,2048 2957,1976 2957,1886 2467,1814 2312,1893 1634,1850 1147,1944 671,1861 288,1940"/>
                <Baseline points="304,2000 370,2000 459,2000 549,2000 638,2006 728,2006 818,1994 907,1988 997,1994 1086,1988 1176,1982 1265,1976 1355,1970 1445,1964 1534,1958 1624,1958 1713,1952 1803,1946 1893,1952 1982,1952 2072,1952 2161,1946 2251,1934 2340,1934 2430,1922 2520,1916 2609,1916 2699,1928 2788,1934 2878,1940 2967,1952"/>
                <TextEquiv>
                    <Unicode>in dem es, beantrag denlet a, daß es be¬</Unicode>
                </TextEquiv>
            </TextLine>
            <TextLine id="tr_1_tl_29" custom="readingOrder {index:28;}">
                <Coords points="3228,2070 3992,2146 5146,2070 5262,2153 5965,2084 5965,1929 5662,1872 4634,1854 4255,1955 4028,1861 3444,1922 3228,1839"/>
                <Baseline points="3248,2012 3284,2018 3373,2012 3463,2006 3553,2012 3642,2000 3732,2000 3821,2000 3911,2006 4001,2006 4090,2006 4180,2012 4269,2006 4359,2000 4448,2000 4538,1994 4628,1994 4717,2000 4807,1994 4896,1994 4986,1994 5075,1982 5165,1982 5255,1982 5344,1976 5434,1982 5523,1988 5613,1982 5702,1988 5792,2000 5882,2006 5971,2006"/>
                <TextEquiv>
                    <Unicode>ein¬    Es weiße Beits ja legevolge</Unicode>
                </TextEquiv>
            </TextLine>
            <TextLine id="tr_1_tl_30" custom="readingOrder {index:29;}">
                <Coords points="231,2254 995,2268 1464,2153 2330,2203 2575,2117 2730,2185 2946,2146 2950,2048 2654,1965 2102,2063 1580,1983 1399,2088 238,2034"/>
                <Baseline points="250,2209 268,2215 358,2209 447,2209 537,2203 627,2197 716,2197 806,2191 895,2185 985,2179 1074,2161 1164,2155 1254,2149 1343,2143 1433,2143 1522,2137 1612,2137 1701,2131 1791,2131 1881,2131 1970,2131 2060,2125 2149,2119 2239,2113 2328,2108 2418,2108 2508,2102 2597,2102 2687,2108 2776,2108 2866,2113 2955,2125"/>
                <TextEquiv>
                    <Unicode>sich unter der andern sie mit gemeßelten.</Unicode>
                </TextEquiv>
            </TextLine>
            <TextLine id="tr_1_tl_31" custom="readingOrder {index:30;}">
                <Coords points="3271,2304 4407,2337 5038,2200 5961,2340 5961,2113 5828,2088 4093,2149 3271,2027"/>
                <Baseline points="3290,2209 3379,2215 3469,2209 3559,2209 3648,2209 3738,2209 3827,2203 3917,2209 4006,2203 4096,2215 4186,2215 4275,2209 4365,2215 4454,2215 4544,2209 4634,2197 4723,2191 4813,2197 4902,2197 4992,2197 5081,2197 5171,2203 5261,2203 5350,2203 5440,2197 5529,2203 5619,2203 5708,2203 5798,2215 5888,2221 5971,2227"/>
                <TextEquiv>
                    <Unicode>to. The age in Amsterl in yeve till</Unicode>
                </TextEquiv>
            </TextLine>
            <TextLine id="tr_1_tl_32" custom="readingOrder {index:31;}">
                <Coords points="4728,2312 4858,2348 4904,2301 5106,2333 5186,2301 5283,2312 5283,2203 5146,2243 4984,2196 4728,2218"/>
                <Baseline points="4747,2287 4837,2299 4926,2299 5016,2305 5105,2299 5195,2293 5284,2299 5290,2299"/>
                <TextEquiv>
                    <Unicode>I am,</Unicode>
                </TextEquiv>
            </TextLine>
            <TextLine id="tr_1_tl_33" custom="readingOrder {index:32;}">
                <Coords points="480,2463 1024,2492 1500,2358 2741,2366 2845,2276 2492,2207 2272,2283 1742,2247 1518,2167 1284,2276 487,2229"/>
                <Baseline points="501,2400 519,2394 609,2400 698,2400 788,2400 877,2394 967,2400 1056,2388 1146,2376 1236,2376 1325,2370 1415,2358 1504,2358 1594,2358 1684,2364 1773,2358 1863,2352 1952,2352 2042,2352 2131,2352 2221,2352 2311,2334 2400,2334 2490,2328 2579,2328 2669,2322 2758,2328 2848,2328"/>
                <TextEquiv>
                    <Unicode>frivine feet, bewecke, hills in hath we</Unicode>
                </TextEquiv>
            </TextLine>
            <TextLine id="tr_1_tl_34" custom="readingOrder {index:33;}">
                <Coords points="2294,2452 2358,2467 2387,2449 2517,2463 2550,2441 2589,2456 2654,2445 2697,2467 2723,2445 2773,2456 2802,2449 2795,2348 2737,2366 2708,2344 2586,2402 2470,2337 2423,2380 2384,2384 2326,2355 2286,2366"/>
                <Baseline points="2311,2412 2400,2418 2490,2424 2579,2430 2669,2436 2758,2442 2812,2442"/>
                <TextEquiv>
                    <Unicode>de Thoulouse.</Unicode>
                </TextEquiv>
            </TextLine>
            <TextLine id="tr_1_tl_35" custom="readingOrder {index:34;}">
                <Coords points="3238,2535 5806,2564 5806,2340 5626,2308 4425,2348 4270,2272 3588,2398 3238,2322"/>
                <Baseline points="3260,2424 3350,2436 3439,2442 3529,2448 3618,2448 3708,2448 3797,2448 3887,2448 3977,2454 4066,2448 4156,2448 4245,2448 4335,2442 4425,2436 4514,2436 4604,2436 4693,2436 4783,2430 4872,2430 4962,2436 5052,2436 5141,2436 5231,2436 5320,2430 5410,2436 5499,2430 5589,2430 5679,2424 5768,2430 5816,2430"/>
                <TextEquiv>
                    <Unicode>Meiner St. Murich Ministl. he is</Unicode>
                </TextEquiv>
            </TextLine>
            <TextLine id="tr_1_tl_36" custom="readingOrder {index:35;}">
                <Coords points="1352,2459 1414,2496 1461,2485 1525,2528 1562,2499 1590,2517 1644,2470 1724,2485 1749,2459 1825,2510 1900,2492 1900,2387 1818,2402 1717,2366 1673,2384 1500,2355 1432,2395 1392,2366 1352,2373"/>
                <Baseline points="1373,2454 1463,2454 1552,2454 1642,2454 1731,2454 1821,2454 1910,2448"/>
                <TextEquiv>
                    <Unicode>wir schlossen</Unicode>
                </TextEquiv>
            </TextLine>
            <TextLine id="tr_1_tl_37" custom="readingOrder {index:36;}">
                <Coords points="2131,2528 2214,2510 2283,2532 2358,2510 2492,2535 2568,2521 2694,2593 2780,2564 2773,2456 2723,2445 2697,2467 2636,2445 2358,2467 2247,2423 2124,2420"/>
                <Baseline points="2149,2478 2239,2502 2328,2508 2418,2508 2508,2520 2597,2520 2687,2526 2776,2537 2788,2537"/>
                <TextEquiv>
                    <Unicode>vitive &amp; iten</Unicode>
                </TextEquiv>
            </TextLine>
            <TextLine id="tr_1_tl_38" custom="readingOrder {index:37;}">
                <Coords points="494,2546 523,2539 555,2550 577,2539 685,2611 754,2611 754,2452 710,2459 692,2449 674,2467 649,2456 627,2474 577,2459 530,2496 494,2481"/>
                <Baseline points="513,2537 603,2531 692,2531 764,2537"/>
                <TextEquiv>
                    <Unicode>art;</Unicode>
                </TextEquiv>
            </TextLine>
            <TextLine id="tr_1_tl_39" custom="readingOrder {index:38;}">
                <Coords points="321,2690 692,2622 981,2748 1305,2589 1893,2564 2200,2669 2990,2640 2990,2553 2690,2589 2038,2420 1497,2535 930,2456 689,2596 321,2470"/>
                <Baseline points="340,2627 429,2627 519,2627 609,2621 698,2621 788,2621 877,2621 967,2609 1056,2609 1146,2597 1236,2597 1325,2585 1415,2579 1504,2579 1594,2573 1684,2567 1773,2561 1863,2561 1952,2561 2042,2561 2131,2573 2221,2585 2311,2603 2400,2609 2490,2621 2579,2621 2669,2627 2758,2627 2848,2627 2938,2633 2997,2633"/>
                <TextEquiv>
                    <Unicode>aufde dünstig af den Torgsel gerecht waren</Unicode>
                </TextEquiv>
            </TextLine>
            <TextLine id="tr_1_tl_40" custom="readingOrder {index:39;}">
                <Coords points="3256,2748 3404,2676 3866,2798 4663,2723 5903,2788 5842,2553 4230,2604 3502,2510 3253,2589"/>
                <Baseline points="3272,2681 3362,2675 3451,2675 3541,2675 3630,2669 3720,2669 3809,2663 3899,2669 3989,2663 4078,2663 4168,2663 4257,2663 4347,2657 4436,2663 4526,2663 4616,2663 4705,2669 4795,2663 4884,2663 4974,2663 5063,2663 5153,2663 5243,2675 5332,2681 5422,2687 5511,2687 5601,2687 5691,2693 5780,2699 5870,2705 5905,2705"/>
                <TextEquiv>
                    <Unicode>glücklich Bürgung war ist unglickliche</Unicode>
                </TextEquiv>
            </TextLine>
            <TextLine id="tr_1_tl_41" custom="readingOrder {index:40;}">
                <Coords points="1122,2770 1176,2780 1262,2716 1280,2726 1313,2712 1338,2716 1345,2615 1320,2622 1287,2607 1233,2651 1204,2647 1194,2636 1168,2636 1158,2647 1150,2636 1132,2636"/>
                <Baseline points="1146,2711 1170,2711 1260,2705 1349,2699"/>
                <TextEquiv>
                    <Unicode>til</Unicode>
                </TextEquiv>
            </TextLine>
            <TextLine id="tr_1_tl_42" custom="readingOrder {index:41;}">
                <Coords points="252,2914 2027,2813 2672,2903 2827,2874 2824,2672 2550,2640 2319,2744 1464,2658 963,2795 757,2665 249,2712"/>
                <Baseline points="274,2830 364,2836 453,2836 543,2836 632,2836 722,2830 812,2830 901,2824 991,2818 1080,2812 1170,2818 1260,2818 1349,2818 1439,2818 1528,2812 1618,2806 1707,2806 1797,2800 1887,2806 1976,2806 2066,2812 2155,2818 2245,2824 2334,2830 2424,2842 2514,2848 2603,2848 2693,2854 2782,2860 2836,2866"/>
                <TextEquiv>
                    <Unicode>septemps il, bemerkte de Schefelle, en</Unicode>
                </TextEquiv>
            </TextLine>
            <TextLine id="tr_1_tl_43" custom="readingOrder {index:42;}">
                <Coords points="3278,2950 4609,2856 6033,2943 6030,2842 5802,2878 5435,2744 5341,2824 5193,2748 3271,2744"/>
                <Baseline points="3296,2842 3385,2842 3475,2848 3565,2848 3654,2848 3744,2854 3833,2860 3923,2860 4012,2866 4102,2866 4192,2866 4281,2866 4371,2866 4460,2860 4550,2854 4639,2854 4729,2860 4819,2860 4908,2866 4998,2872 5087,2866 5177,2866 5267,2866 5356,2866 5446,2872 5535,2884 5625,2896 5714,2908 5804,2920 5894,2926 5983,2932 6037,2938"/>
                <TextEquiv>
                    <Unicode>Re &amp; nimmel etc.  Sif Sie und tot xxx.</Unicode>
                </TextEquiv>
            </TextLine>
            <TextLine id="tr_1_tl_44" custom="readingOrder {index:43;}">
                <Coords points="252,3029 884,3112 2889,3080 2885,2954 2607,2863 2009,2946 1533,2849 249,2914"/>
                <Baseline points="268,3015 358,3015 447,3009 537,3009 627,2997 716,2997 806,2991 895,2985 985,2985 1074,2985 1164,2979 1254,2985 1343,2985 1433,2985 1522,2991 1612,2991 1701,2985 1791,2985 1881,2991 1970,2991 2060,2997 2149,3003 2239,3003 2328,3009 2418,3015 2508,3021 2597,3027 2687,3033 2776,3045 2866,3051 2896,3051"/>
                <TextEquiv>
                    <Unicode>überftige Strenge uf quaet von Ihre Kiellen¬</Unicode>
                </TextEquiv>
            </TextLine>
            <TextLine id="tr_1_tl_45" custom="readingOrder {index:44;}">
                <Coords points="5247,3033 5564,3033 5597,3054 5662,3022 5788,3036 5781,2917 5640,2935 5539,2885 5496,2921 5424,2899 5384,2928 5323,2889 5243,2932"/>
                <Baseline points="5267,2997 5356,2997 5446,3003 5535,3015 5625,3027 5714,3015 5798,3033"/>
                <TextEquiv>
                    <Unicode>punt</Unicode>
                </TextEquiv>
            </TextLine>
            <TextLine id="tr_1_tl_46" custom="readingOrder {index:45;}">
                <Coords points="3336,3127 4122,3062 4288,3159 4425,3069 5114,3174 6040,3141 6004,2997 5474,3076 4825,2921 4587,3040 4053,2896 3332,2935"/>
                <Baseline points="3356,3063 3445,3057 3535,3063 3624,3063 3714,3063 3803,3063 3893,3063 3983,3063 4072,3063 4162,3057 4251,3057 4341,3057 4430,3057 4520,3063 4610,3069 4699,3075 4789,3075 4878,3075 4968,3081 5058,3087 5147,3093 5237,3105 5326,3099 5416,3105 5505,3105 5595,3117 5685,3117 5774,3123 5864,3129 5953,3135 6043,3141 6049,3141"/>
                <TextEquiv>
                    <Unicode>V. Stahl Erkennung — Lesellt ist eine?</Unicode>
                </TextEquiv>
            </TextLine>
            <TextLine id="tr_1_tl_47" custom="readingOrder {index:46;}">
                <Coords points="505,3217 811,3314 2095,3174 2546,3278 2835,3238 2835,3119 2402,3109 2297,3033 2102,3105 1479,3040 793,3123 505,3040"/>
                <Baseline points="525,3200 615,3206 704,3200 794,3200 883,3194 973,3188 1062,3182 1152,3176 1242,3176 1331,3170 1421,3170 1510,3170 1600,3170 1689,3170 1779,3170 1869,3170 1958,3170 2048,3176 2137,3176 2227,3182 2317,3188 2406,3188 2496,3200 2585,3206 2675,3218 2764,3224 2842,3236"/>
                <TextEquiv>
                    <Unicode>Wills Schultell &amp; Kopf.. It habe.. It was</Unicode>
                </TextEquiv>
            </TextLine>
            <TextLine id="tr_1_tl_48" custom="readingOrder {index:47;}">
                <Coords points="3303,3379 4331,3278 5806,3401 5802,3148 5723,3119 5027,3184 3952,3065 3300,3170"/>
                <Baseline points="3320,3272 3409,3272 3499,3266 3588,3266 3666,3272 3708,3272 3797,3278 3887,3278 3977,3272 4066,3266 4156,3266 4245,3272 4335,3272 4425,3272 4514,3278 4604,3284 4693,3296 4783,3296 4872,3302 4962,3302 5052,3302 5141,3308 5231,3308 5320,3308 5410,3308 5499,3302 5589,3302 5679,3308 5768,3302 5816,3302"/>
                <TextEquiv>
                    <Unicode>Es kan. Man sie selbst ein.</Unicode>
                </TextEquiv>
            </TextLine>
            <TextLine id="tr_1_tl_49" custom="readingOrder {index:48;}">
                <Coords points="285,3440 2034,3422 2560,3516 2914,3440 2874,3289 2387,3350 1605,3206 808,3314 285,3192"/>
                <Baseline points="304,3385 334,3385 423,3391 513,3397 603,3397 692,3385 782,3385 871,3379 961,3379 1051,3373 1140,3368 1230,3368 1319,3368 1409,3368 1498,3362 1588,3362 1678,3362 1767,3362 1857,3356 1946,3362 2036,3368 2125,3373 2161,3373 2251,3379 2340,3385 2430,3391 2520,3397 2609,3403 2699,3409 2788,3409 2878,3415 2920,3421"/>
                <TextEquiv>
                    <Unicode>recht um ein gehabt. Offenbarnehmen auf die</Unicode>
                </TextEquiv>
            </TextLine>
            <TextLine id="tr_1_tl_50" custom="readingOrder {index:49;}">
                <Coords points="3390,3556 3870,3559 3938,3610 4133,3509 4508,3534 4515,3375 4407,3332 4100,3347 3963,3289 3397,3408"/>
                <Baseline points="3409,3541 3439,3535 3529,3535 3618,3541 3708,3541 3797,3559 3887,3535 3977,3517 4066,3505 4156,3505 4245,3505 4335,3505 4425,3505 4514,3511"/>
                <TextEquiv>
                    <Unicode>melet par</Unicode>
                </TextEquiv>
            </TextLine>
            <TextLine id="tr_1_tl_51" custom="readingOrder {index:50;}">
                <Coords points="566,3628 718,3588 847,3631 956,3588 1046,3650 1226,3595 1417,3599 1630,3678 1735,3635 1731,3509 1608,3469 1446,3498 1021,3426 880,3480 563,3494"/>
                <Baseline points="585,3583 674,3588 764,3583 853,3577 943,3571 1033,3577 1122,3577 1212,3583 1301,3594 1391,3594 1480,3600 1570,3594 1660,3594 1743,3594"/>
                <TextEquiv>
                    <Unicode>je suis in waltchel il</Unicode>
                </TextEquiv>
            </TextLine>
            <TextLine id="tr_1_tl_52" custom="readingOrder {index:51;}">
                <Coords points="3985,3621 4039,3617 4061,3639 4089,3628 4115,3653 4158,3664 4216,3631 4328,3660 4328,3516 4299,3512 4248,3549 4212,3520 4133,3509 4086,3549 3985,3556"/>
                <Baseline points="4006,3612 4066,3612 4156,3612 4245,3618 4335,3606"/>
                <TextEquiv>
                    <Unicode>in the</Unicode>
                </TextEquiv>
            </TextLine>
            <TextLine id="tr_1_tl_53" custom="readingOrder {index:52;}">
                <Coords points="3794,3779 4003,3750 4219,3823 4529,3750 4843,3859 5081,3747 5471,3750 5766,3823 5766,3610 5550,3678 4663,3552 4313,3664 3794,3610"/>
                <Baseline points="3815,3744 3893,3744 3983,3744 4072,3744 4162,3756 4251,3756 4341,3756 4430,3750 4520,3744 4610,3738 4699,3738 4789,3738 4878,3738 4968,3744 5058,3744 5147,3744 5237,3750 5326,3744 5416,3744 5505,3738 5595,3738 5685,3732 5774,3738"/>
                <TextEquiv>
                    <Unicode>So hätte der Reifwürst.</Unicode>
                </TextEquiv>
            </TextLine>
            <TextLine id="tr_1_tl_54" custom="readingOrder {index:53;}">
                <Coords points="555,3902 743,3776 1237,3743 1533,3750 1814,3862 1944,3790 2532,3815 2553,3660 552,3613"/>
                <Baseline points="573,3750 662,3744 752,3744 842,3744 931,3744 1021,3744 1110,3738 1200,3738 1289,3732 1379,3738 1469,3744 1558,3744 1648,3744 1737,3750 1827,3756 1916,3750 2006,3756 2096,3762 2185,3768 2275,3768 2364,3768 2454,3768 2543,3756 2561,3750"/>
                <TextEquiv>
                    <Unicode>Offerbe uwe 1. ad Juge un betal.</Unicode>
                </TextEquiv>
            </TextLine>
            <TextLine id="tr_1_tl_55" custom="readingOrder {index:54;}">
                <Coords points="671,3992 1706,3902 2849,3952 2842,3714 2243,3866 1125,3758 667,3812"/>
                <Baseline points="686,3869 776,3875 865,3875 955,3875 1045,3869 1134,3875 1224,3881 1313,3881 1403,3887 1492,3887 1582,3899 1672,3899 1761,3899 1851,3893 1940,3893 2030,3905 2119,3905 2209,3905 2299,3905 2388,3905 2478,3905 2567,3905 2657,3905 2746,3911 2836,3917 2854,3917"/>
                <TextEquiv>
                    <Unicode>Butt Consistät... Melchie Gullen</Unicode>
                </TextEquiv>
            </TextLine>
            <TextLine id="tr_1_tl_56" custom="readingOrder {index:55;}">
                <Coords points="325,3909 361,3906 371,3916 382,3909 447,3938 469,3938 480,3927 527,3931 527,3779 498,3779 480,3794 429,3776 389,3797 364,3783 325,3794"/>
                <Baseline points="346,3899 435,3899 525,3899 537,3899"/>
                <TextEquiv>
                    <Unicode>verh</Unicode>
                </TextEquiv>
            </TextLine>
            <TextLine id="tr_1_tl_57" custom="readingOrder {index:56;}">
                <Coords points="3765,3931 4180,3945 4284,3992 4389,3945 4879,3981 4883,3851 4757,3819 4447,3895 4374,3848 4259,3888 3927,3877 3769,3797"/>
                <Baseline points="3786,3923 3815,3923 3905,3929 3995,3929 4084,3935 4174,3941 4263,3947 4353,3941 4442,3941 4532,3935 4622,3929 4711,3923 4801,3923 4890,3905"/>
                <TextEquiv>
                    <Unicode>and was soon for</Unicode>
                </TextEquiv>
            </TextLine>
        </TextRegion>
    </Page>
</PcGts>
