6088 4088
5084 366 5649 562 eine solche
3775 509 5752 715 "Sie glauben doch wohl nicht, dass diese Be-
3387 591 4824 854 ziehung die Sache erleichtert.“
1907 591 2529 875 Décembre
3817 776 5710 1017 "Es kommt wohl nicht darauf an", erlaubte
3376 929 5838 1195 ich mir zu bemerken," für wen von uns Beiden es leich
3401 1078 3863 1266 ter wäre.“
3839 1170 5752 1476 Wir fuhren im Bahnhof Ischl ein. Es war
3397 1402 5856 1622 ein herrlicher Sommertag, am Perron ein wahres) Gedrän-
3010 1483 3358 1661 Nekent
3394 1533 5795 1797 ge von Ankommenden, Ausflüglern, Erwartenden; -irgend
3006 1629 3273 1814 &c.
3397 1743 5849 1942 ein Bekannter grüsste Mülligg, ein paar junge Mädchen
2935 1786 3323 1964 in Beyrn
2999 1857 5859 2102 Herrn, die eben in einen benachbarten Waggon ein-
4258 1999 4461 2102 with
3394 2024 5685 2259 gestiegen waren, grüssten mich lebhaft vom Fenster
5347 2156 5720 2255 P.S. Toutes
3394 2188 5809 2408 aus; unter anderen Umständen wäre ich wohl zu ihnen
5514 2302 5870 2416 je en e chose,
3394 2312 5934 2561 herangetreten, hätte ein paar Worte mit ihnen geplauden
3380 2465 5870 2679 aber ich gebärdete mich so eilig und rasch trat ich mit
3394 2643 5831 2874 Milling aus dem Stationsgebäude auf die Strasse. Ein
3429 2764 3646 2867 mahl
3721 2761 4376 2874 (liebe des buto)
3177 2739 5913 3003 hr Fiaker war bestellt, ein paar bekannte Herren, der Baron
3405 2938 5742 3145 Spranger und der Schauspieler Bandorf, die eben zum
4689 3084 5560 3188 in halte we gnayel
3387 3102 5802 3348 Bahnhof geschlendert kamen, grüssten uns während der
5301 3237 5507 3340 dar
3387 3241 5831 3454 Wagen schon mit uns davonsauste. In ein paar Minuten
4966 3390 5237 3511 Spenn
3383 3394 5678 3650 waren wir auf der Landstrasse, eine Stunde lag für
