<?xml version="1.0" encoding="UTF-8" standalone="yes"?>
<PcGts xmlns="http://schema.primaresearch.org/PAGE/gts/pagecontent/2013-07-15" xmlns:xsi="http://www.w3.org/2001/XMLSchema-instance" xsi:schemaLocation="http://schema.primaresearch.org/PAGE/gts/pagecontent/2013-07-15 http://schema.primaresearch.org/PAGE/gts/pagecontent/2013-07-15/pagecontent.xsd">
    <Metadata>
        <Creator>prov=READ-COOP:name=TrHtr:version=2.1.0:model_id=51170:date=28_07_2023_01:43</Creator>
        <Created>2023-05-10T11:11:37.069+02:00</Created>
        <LastChange>2023-07-28T01:43:57.981+02:00</LastChange>
        <TranskribusMetadata docId="1428128" pageId="55383889" pageNr="40" tsid="131312955" status="IN_PROGRESS" userId="64420" imgUrl="https://files.transkribus.eu/Get?id=DQPIRMNKEGARPFZKMNJUECBL&amp;fileType=view" xmlUrl="https://files.transkribus.eu/Get?id=VHWCVLONBFIGRIQZLQYHUYWI" imageId="44658849"/>
    </Metadata>
    <Page imageFilename="1428128_0040.jpg" imageWidth="6072" imageHeight="4152">
        <ReadingOrder>
            <OrderedGroup id="ro_1711825117158" caption="Regions reading order">
                <RegionRefIndexed index="0" regionRef="tr_1"/>
            </OrderedGroup>
        </ReadingOrder>
        <TextRegion id="tr_1" custom="readingOrder {index:0;}">
            <Coords points="2929,409 5810,409 5810,3631 2929,3631"/>
            <TextLine id="tr_1_tl_1" custom="readingOrder {index:0;}">
                <Coords points="2910,550 2989,556 3079,521 3131,556 3189,550 3253,570 3303,530 3376,524 3379,378 3317,402 3291,375 3213,416 3050,402 2989,361 2913,390"/>
                <Baseline points="2929,477 2935,471 3024,465 3114,459 3203,465 3292,459 3382,459"/>
                <TextEquiv>
                    <Unicode>29.1.1928</Unicode>
                </TextEquiv>
            </TextLine>
            <TextLine id="tr_1_tl_2" custom="readingOrder {index:1;}">
                <Coords points="5168,524 5226,518 5279,538 5305,515 5325,518 5314,323 5290,332 5276,320 5253,323 5232,335 5183,308 5174,320 5157,323"/>
                <Baseline points="5184,495 5273,495 5333,507"/>
                <TextEquiv>
                    <Unicode>36</Unicode>
                </TextEquiv>
            </TextLine>
            <TextLine id="tr_1_tl_3" custom="readingOrder {index:2;}">
                <Coords points="3402,792 5331,728 5642,783 5645,614 4880,649 4522,544 3402,690"/>
                <Baseline points="3418,769 3501,769 3591,763 3680,769 3770,763 3859,763 3949,763 4038,751 4128,751 4217,745 4307,745 4396,745 4486,745 4575,739 4665,745 4754,745 4844,739 4933,733 5022,739 5112,727 5201,727 5291,727 5380,733 5470,727 5559,727 5649,727"/>
                <TextEquiv>
                    <Unicode>Aline ging. “Auf Wiedersehen,gnädige Frau“, sagte</Unicode>
                </TextEquiv>
            </TextLine>
            <TextLine id="tr_1_tl_4" custom="readingOrder {index:3;}">
                <Coords points="3402,856 4286,940 4580,821 5546,835 5546,751 3405,794"/>
                <Baseline points="3418,847 3495,847 3585,847 3674,847 3764,847 3853,841 3943,841 4032,835 4122,835 4211,835 4301,829 4390,823 4480,823 4569,817 4659,823 4748,817 4838,817 4927,811 5017,805 5106,805 5195,805 5285,805 5374,805 5464,805 5553,817"/>
                <TextEquiv>
                    <Unicode>ich und ich merkte, dass es das erste Wort war,</Unicode>
                </TextEquiv>
            </TextLine>
            <TextLine id="tr_1_tl_5" custom="readingOrder {index:4;}">
                <Coords points="4391,908 4959,885 5055,925 5171,885 5416,890 5418,829 5052,826 4857,873 4729,829 4391,853"/>
                <Baseline points="4408,900 4438,900 4527,888 4617,888 4706,888 4796,894 4885,888 4975,882 5064,882 5154,870 5243,870 5333,870 5422,859"/>
                <TextEquiv>
                    <Unicode>es ist.., hier du Roi —</Unicode>
                </TextEquiv>
            </TextLine>
            <TextLine id="tr_1_tl_6" custom="readingOrder {index:5;}">
                <Coords points="3419,1021 3888,1080 4802,975 5028,1068 5276,995 5392,1051 5613,1013 5616,885 3422,914"/>
                <Baseline points="3436,996 3477,996 3567,996 3656,996 3746,990 3835,990 3925,990 4014,990 4104,990 4193,984 4283,984 4372,984 4462,978 4551,972 4641,972 4730,972 4820,966 4909,966 4999,966 5088,966 5178,966 5267,966 5357,960 5446,954 5536,954 5625,948"/>
                <TextEquiv>
                    <Unicode>das ich sprach und ich selbst hörte es (mit über-</Unicode>
                </TextEquiv>
            </TextLine>
            <TextLine id="tr_1_tl_7" custom="readingOrder {index:6;}">
                <Coords points="4481,1085 4604,1065 4688,1080 4746,1059 4767,1080 4790,1068 4819,1080 4816,989 4787,975 4752,998 4717,986 4676,1016 4653,992 4612,1004 4580,978 4545,981 4505,1016 4478,1007"/>
                <Baseline points="4498,1055 4587,1049 4676,1043 4766,1055 4826,1055"/>
                <TextEquiv>
                    <Unicode>du St</Unicode>
                </TextEquiv>
            </TextLine>
            <TextLine id="tr_1_tl_8" custom="readingOrder {index:7;}">
                <Coords points="3419,1158 3565,1234 4243,1243 5046,1123 5200,1208 5366,1123 5660,1161 5721,1053 3419,1068"/>
                <Baseline points="3436,1157 3489,1151 3579,1151 3668,1145 3758,1151 3847,1145 3937,1145 4026,1145 4116,1145 4205,1139 4295,1133 4384,1139 4474,1133 4563,1133 4653,1127 4742,1127 4832,1121 4921,1121 5011,1115 5100,1115 5190,1121 5279,1121 5368,1115 5458,1109 5547,1109 5637,1109 5726,1109"/>
                <TextEquiv>
                    <Unicode>triebener Helligkeit geradezu)schmetternd klingen.</Unicode>
                </TextEquiv>
            </TextLine>
            <TextLine id="tr_1_tl_9" custom="readingOrder {index:8;}">
                <Coords points="4842,1234 4863,1240 4900,1213 4921,1228 4941,1216 4959,1225 4973,1211 5008,1208 5034,1240 5066,1251 5075,1123 5055,1117 4970,1164 4941,1144 4906,1147 4892,1161 4848,1144"/>
                <Baseline points="4861,1205 4897,1205 4987,1193 5076,1193"/>
                <TextEquiv>
                    <Unicode>nur hätte</Unicode>
                </TextEquiv>
            </TextLine>
            <TextLine id="tr_1_tl_10" custom="readingOrder {index:9;}">
                <Coords points="3422,1388 4048,1382 4187,1307 4557,1379 5590,1318 5593,1179 4240,1243 3568,1234 3428,1161"/>
                <Baseline points="3442,1318 3448,1312 3537,1312 3627,1306 3716,1300 3806,1300 3895,1300 3984,1300 4074,1300 4163,1288 4253,1288 4342,1288 4432,1288 4521,1282 4611,1282 4700,1282 4790,1282 4879,1282 4969,1276 5058,1276 5148,1270 5237,1270 5327,1270 5416,1270 5506,1270 5595,1270"/>
                <TextEquiv>
                    <Unicode>Agathe begleitete die Freundin auf die Veranda.</Unicode>
                </TextEquiv>
            </TextLine>
            <TextLine id="tr_1_tl_11" custom="readingOrder {index:10;}">
                <Coords points="3422,1536 4636,1478 5334,1528 5535,1475 5538,1324 4444,1394 4196,1307 4071,1382 3425,1388"/>
                <Baseline points="3442,1461 3483,1461 3573,1461 3662,1455 3752,1455 3841,1455 3931,1449 4020,1449 4110,1449 4199,1449 4289,1443 4378,1443 4468,1443 4557,1437 4647,1437 4736,1437 4826,1437 4915,1431 5005,1431 5094,1431 5184,1431 5273,1431 5363,1425 5452,1419 5541,1419"/>
                <TextEquiv>
                    <Unicode>Dort blieb sie mit ihr eine Weile stehen, dann</Unicode>
                </TextEquiv>
            </TextLine>
            <TextLine id="tr_1_tl_12" custom="readingOrder {index:11;}">
                <Coords points="3413,1630 3608,1731 4007,1647 4932,1665 5072,1592 5587,1653 5590,1435 5229,1536 3413,1534"/>
                <Baseline points="3430,1622 3448,1616 3537,1616 3627,1616 3716,1610 3806,1610 3895,1610 3984,1604 4074,1604 4163,1598 4253,1598 4342,1598 4432,1592 4521,1592 4611,1592 4700,1586 4790,1586 4879,1586 4969,1586 5058,1586 5148,1586 5237,1586 5327,1586 5416,1580 5506,1574 5595,1580"/>
                <TextEquiv>
                    <Unicode>hörte ich wieder Schritte über die Treppe,über</Unicode>
                </TextEquiv>
            </TextLine>
            <TextLine id="tr_1_tl_13" custom="readingOrder {index:12;}">
                <Coords points="3437,1813 5599,1830 5619,1653 3437,1682"/>
                <Baseline points="3454,1771 3477,1771 3567,1771 3656,1765 3746,1765 3835,1765 3925,1765 4014,1759 4104,1759 4193,1753 4283,1753 4372,1753 4462,1753 4551,1753 4641,1747 4730,1741 4820,1741 4909,1741 4999,1741 5088,1741 5178,1741 5267,1741 5357,1735 5446,1735 5536,1730 5625,1730"/>
                <TextEquiv>
                    <Unicode>den Kies, offenbar sah Agathe der Freundin noch</Unicode>
                </TextEquiv>
            </TextLine>
            <TextLine id="tr_1_tl_14" custom="readingOrder {index:13;}">
                <Coords points="3419,1961 5576,1999 5520,1801 3841,1865 3422,1807"/>
                <Baseline points="3436,1926 3525,1926 3615,1926 3704,1920 3794,1914 3883,1914 3973,1914 4062,1914 4152,1914 4241,1908 4330,1908 4420,1908 4509,1903 4599,1903 4688,1903 4778,1897 4867,1897 4957,1891 5046,1897 5136,1891 5225,1891 5315,1885 5404,1885 5494,1885 5583,1891"/>
                <TextEquiv>
                    <Unicode>nach ehe sie sich entschloss wieder ins Zimmer</Unicode>
                </TextEquiv>
            </TextLine>
            <TextLine id="tr_1_tl_15" custom="readingOrder {index:14;}">
                <Coords points="3431,2098 5095,2133 5098,1996 4994,1958 4735,1956 4609,2025 4318,1961 4217,2022 3434,2002"/>
                <Baseline points="3448,2081 3495,2076 3585,2076 3674,2076 3764,2076 3853,2070 3943,2070 4032,2070 4122,2070 4211,2070 4301,2070 4390,2070 4480,2064 4569,2064 4659,2058 4748,2046 4838,2040 4927,2040 5017,2034 5106,2028"/>
                <TextEquiv>
                    <Unicode>hereinzutreten.  Unum solle ich von</Unicode>
                </TextEquiv>
            </TextLine>
            <TextLine id="tr_1_tl_16" custom="readingOrder {index:15;}">
                <Coords points="3635,2276 5066,2293 5154,2226 5613,2226 5616,2124 3638,2118"/>
                <Baseline points="3650,2254 3656,2260 3746,2243 3835,2231 3925,2225 4014,2225 4104,2219 4193,2219 4283,2219 4372,2213 4462,2213 4551,2213 4641,2213 4730,2213 4820,2207 4909,2207 4999,2207 5088,2207 5178,2207 5267,2201 5357,2201 5446,2195 5536,2195 5625,2189"/>
                <TextEquiv>
                    <Unicode>Warum habe ich nicht gesprochen, so lange</Unicode>
                </TextEquiv>
            </TextLine>
            <TextLine id="tr_1_tl_17" custom="readingOrder {index:16;}">
                <Coords points="3437,2436 4161,2456 4371,2375 4898,2453 5186,2360 5535,2415 5590,2279 3437,2322"/>
                <Baseline points="3454,2392 3537,2386 3627,2386 3716,2386 3806,2386 3895,2380 3984,2380 4074,2380 4163,2374 4253,2374 4342,2374 4432,2368 4521,2362 4611,2362 4700,2362 4790,2362 4879,2356 4969,2356 5058,2356 5148,2350 5237,2356 5327,2350 5416,2344 5506,2344 5595,2350"/>
                <TextEquiv>
                    <Unicode>Aline da war. Es wäre doch tausendmal leichter</Unicode>
                </TextEquiv>
            </TextLine>
            <TextLine id="tr_1_tl_18" custom="readingOrder {index:17;}">
                <Coords points="3454,2567 3780,2628 5101,2590 5314,2514 5642,2540 5645,2430 3457,2444"/>
                <Baseline points="3471,2553 3501,2553 3591,2541 3680,2541 3770,2541 3859,2541 3949,2541 4038,2541 4128,2535 4217,2529 4307,2529 4396,2523 4486,2523 4575,2517 4665,2517 4754,2517 4844,2517 4933,2511 5022,2511 5112,2511 5201,2511 5291,2511 5380,2505 5470,2505 5559,2499 5649,2505"/>
                <TextEquiv>
                    <Unicode>gewesen als jetzt — so schien es mir, da sie nun</Unicode>
                </TextEquiv>
            </TextLine>
            <TextLine id="tr_1_tl_19" custom="readingOrder {index:18;}">
                <Coords points="3454,2773 3809,2712 4575,2782 5642,2677 5613,2590 5363,2564 3969,2648 3457,2570"/>
                <Baseline points="3471,2702 3501,2696 3591,2696 3680,2696 3770,2690 3859,2690 3949,2690 4038,2684 4128,2684 4217,2684 4307,2678 4396,2678 4486,2678 4575,2672 4665,2672 4754,2672 4844,2666 4933,2666 5022,2666 5112,2666 5201,2660 5291,2660 5380,2660 5470,2660 5559,2660 5649,2648"/>
                <TextEquiv>
                    <Unicode>davon war - und schon war Agathe wieder im Zim-</Unicode>
                </TextEquiv>
            </TextLine>
            <TextLine id="tr_1_tl_20" custom="readingOrder {index:19;}">
                <Coords points="3445,2927 4732,2933 5107,2846 5480,2895 5590,2884 5593,2741 3448,2764"/>
                <Baseline points="3465,2857 3543,2857 3633,2857 3722,2851 3811,2851 3901,2845 3990,2845 4080,2839 4169,2839 4259,2839 4348,2833 4438,2833 4527,2833 4617,2833 4706,2833 4796,2827 4885,2827 4975,2827 5064,2821 5154,2821 5243,2821 5333,2815 5422,2815 5512,2815 5601,2809"/>
                <TextEquiv>
                    <Unicode>mer, ich war entschlossen jetzt zu sprechen und</Unicode>
                </TextEquiv>
            </TextLine>
            <TextLine id="tr_1_tl_21" custom="readingOrder {index:20;}">
                <Coords points="3454,3044 3777,3114 4234,3032 4543,3090 5078,3000 5325,3073 5651,3023 5651,2887 5264,2869 5154,2927 3457,2936"/>
                <Baseline points="3471,3012 3507,3006 3597,3006 3686,3006 3776,3006 3865,3000 3955,3000 4044,2994 4134,2994 4223,2988 4313,2988 4402,2994 4492,3000 4581,2994 4671,2988 4760,2982 4849,2982 4939,2976 5028,2976 5118,2976 5207,2976 5297,2970 5386,2970 5476,2970 5565,2970 5655,2976"/>
                <TextEquiv>
                    <Unicode>sprach auch: „Gnädige  Frau, ich habe Ihnen eine</Unicode>
                </TextEquiv>
            </TextLine>
            <TextLine id="tr_1_tl_22" custom="readingOrder {index:21;}">
                <Coords points="3483,3201 3809,3256 4103,3154 4286,3201 4342,3157 4414,3163 4417,3108 4286,3073 4091,3102 3963,3053 3774,3108 3489,3105"/>
                <Baseline points="3501,3167 3531,3161 3621,3161 3710,3161 3800,3155 3889,3149 3979,3149 4068,3149 4157,3143 4247,3143 4336,3131 4426,3125"/>
                <TextEquiv>
                    <Unicode>traurige Botschaft -</Unicode>
                </TextEquiv>
            </TextLine>
            <TextLine id="tr_1_tl_23" custom="readingOrder {index:22;}">
                <Coords points="4112,3245 4336,3250 4362,3227 4464,3250 4534,3221 4569,3256 4607,3256 4685,3236 4691,3122 4636,3131 4589,3105 4522,3134 4438,3134 4385,3172 4342,3157 4275,3201 4202,3163 4115,3201"/>
                <Baseline points="4128,3233 4157,3233 4247,3227 4336,3221 4426,3221 4515,3215 4605,3209 4694,3203"/>
                <TextEquiv>
                    <Unicode>nt es klam nicht</Unicode>
                </TextEquiv>
            </TextLine>
            <TextLine id="tr_1_tl_24" custom="readingOrder {index:23;}">
                <Coords points="3838,3355 4208,3408 4534,3344 4641,3396 5666,3361 5701,3157 5465,3221 4813,3192 4595,3259 3838,3236"/>
                <Baseline points="3853,3310 3913,3304 4002,3304 4092,3304 4181,3298 4271,3298 4360,3298 4450,3298 4539,3292 4629,3292 4718,3292 4808,3292 4897,3287 4987,3281 5076,3287 5166,3287 5255,3287 5345,3281 5434,3281 5524,3281 5613,3281 5703,3287"/>
                <TextEquiv>
                    <Unicode>Nein, ich sprach es nicht aus, nur in mei-</Unicode>
                </TextEquiv>
            </TextLine>
            <TextLine id="tr_1_tl_25" custom="readingOrder {index:24;}">
                <Coords points="3460,3486 5535,3536 5698,3515 5701,3367 3460,3399"/>
                <Baseline points="3477,3483 3555,3471 3644,3471 3734,3471 3823,3465 3913,3460 4002,3460 4092,3460 4181,3460 4271,3460 4360,3454 4450,3448 4539,3448 4629,3448 4718,3448 4808,3448 4897,3442 4987,3442 5076,3442 5166,3436 5255,3436 5345,3436 5434,3436 5524,3436 5613,3436 5703,3442"/>
                <TextEquiv>
                    <Unicode>nem Innern sagte ich es ganz deutlich, für Einen,</Unicode>
                </TextEquiv>
            </TextLine>
            <TextLine id="tr_1_tl_26" custom="readingOrder {index:25;}">
                <Coords points="3463,3672 4150,3643 4769,3739 5183,3632 5532,3710 5803,3681 5805,3498 3466,3553"/>
                <Baseline points="3483,3621 3573,3621 3662,3621 3752,3621 3841,3615 3931,3615 4020,3615 4110,3615 4199,3615 4289,3609 4378,3609 4468,3609 4557,3609 4647,3609 4736,3603 4826,3603 4915,3603 5005,3603 5094,3603 5184,3597 5273,3597 5363,3597 5452,3597 5541,3591 5631,3597 5720,3597 5810,3603"/>
                <TextEquiv>
                    <Unicode>der Gedanken lesen konnte, wäre es ganz vernehmlich</Unicode>
                </TextEquiv>
            </TextLine>
        </TextRegion>
    </Page>
</PcGts>
