6112 4040
4861 322 5043 507 a p
5103 394 5360 570 12
4184 409 4915 596 Mecr du Conseil
3600 489 5735 683 Gülling, als wollte er sich wegen seines langen
3573 659 5968 844 Schweigens entschuldigen: "Man fasst es nicht gleich,
3838 793 4211 931 Sonter
3549 811 5849 1020 auch wenn man einigermassen vorbereitet war. Ich
3564 957 5843 1178 schaute ziemlich verwundert auf.) (Ich fasste seine
4435 1107 4683 1211 I am Sir
3564 1118 5783 1303 Bemerkung sonderbarerweise in dem Sinne auf, als
3561 1268 5783 1435 hätten die Bedingungen des Duells den unglückli-
3564 1411 5789 1625 chen Ausgang vorhergehen lassen müssen.)
3570 1581 5744 1754 Fachmann in mir regte sich) ich erinnerte Doktor
4751 1733 5139 1834 in Revd
3543 1733 5762 1900 Mülling daran, dass bei der Distanz (von dreissig
4193 1870 4978 1986 Tretel der Beitrung
3549 1873 5801 2112 Schritten ohne Vorrücken und ohne Zie-
4656 2019 4963 2135 that is
4101 2031 4328 2135 sol the
3564 2037 5932 2285 len ein tötlicher Ausgang, dasselbst eine Verletzung
3555 2186 5759 2386 zu den grössten Seltenheiten gehört. (Die Duell-
3555 2350 5735 2598 litertur für mir so ziemlich gegenwärtig. Ich
3570 2499 5837 2723 erwähnte solche (von denen ich gelesen, andere, von
3549 2663 5768 2848 denen man mir erzählt hat und eines, dem ich als
3555 2821 5807 2980 Sekundant beigezogen war; damals hatte es sich um
3576 2991 5750 3161 einen Zweikampf auf zwanzig Schritte gehandelt
3576 3108 5938 3334 und es war trotz des dreimaligen Kugelwechsels über
3576 3266 5771 3513 haupt nichts geschehen. Und der eine Gegner war
3570 3442 5774 3668 überdies ein berühmter Pistolenschütze gewesen.
3555 3597 5789 3850 Doktor Kopp, dem man es eigentlich übel genommen
