6104 4040
4011 234 4404 387 iubelé.
5463 237 5773 384 6 m der
3289 300 5610 547 liegenden Ecke nahmen keinerlei Notiz von uns, die
3286 512 5735 690 gegnerischen Sekundanten waren übrigens nicht
3292 606 5735 868 darunter. (Von dem, was für morgen bevorstand, sprachen
4867 737 5023 847 but
4320 747 4636 850 about
3289 809 5735 996 wir beinahe gar nicht, nur dass Doktor Mülling gleich
3299 965 5723 1121 anfangs sehr sachlich von dem Terrain berichtete, auf
3296 1112 5748 1321 dem das Duell stattfinden sollte und das ich mit ih
3299 1287 5723 1431 gleich nach unserer Ankunft besichtigt hatte; es war
3889 1365 5160 1462 M de Vuretu cù Mofe, dès puerl
3296 1421 5688 1587 die übliche Waldlichtung, kaum eine halbe Autostunde
3299 1568 5548 1787 von der Stadt entfernt, in der Nähe eines kleinen
3311 1737 5701 1943 Wirtshauses, in dem, wie Mülling heiter bemerkte, wohl
3311 1902 5823 2080 schon manches Versöhnungsfrihstück stat tgefunden hatte
3227 2009 5651 2246 (Ich nickte Leuberger nur und im weiteren Verlaufe
3311 2221 5682 2358 des Abendessens wurde,was für morgen bevorstand, mit
4395 2299 4558 2396 4:-
3299 2349 5701 2511 keinem Worte berührt.) Wir sprachen (von ganz anderen
4255 2452 5079 2565 und heißt den beymahl
3280 2468 5660 2696 Dingen,z.B. von einer Segelregatta,die am nächsten
5217 2602 5435 2696 Tun.
3299 2683 5735 2864 Sonntag stattfinden und bei der auch Leuberger start
3311 2818 5716 3018 so lte (im vorigen Jahr war er Sieger gewesen),-von
3296 2911 5754 3186 einem Lubau, den er für seine Villa beabsichtigte und
3292 3074 5673 3321 zu dem er weder Fabrikant von Beruf aber Dilettant
3311 3311 5626 3439 in allen möglichen anderen Dingen, selbst den Plan
3305 3442 5754 3649 entworfen hatte,-dann von einer der Vollendung nahen
