5939 4136
3409 565 5503 762 sermassen mitten in ein Schicksal, oder sagen
3420 724 5520 947 wir lieber an die Periperie eines Schicksals
4486 851 4666 962 it.
3409 904 5520 1109 gestellt zu sein, hatte etwas Bewegendes, Erhe-
3432 1077 5465 1257 bendes für mich. Aber dieses siebente Duell,
3420 1216 5593 1370 von dem ich Ihnen heute erzählen wollte, das un-
4006 1329 4880 1445 all une in order
5063 1335 5509 1445 puken —
3409 1344 5564 1564 terschied sich von jenen andern, die vorher und
3444 1480 3794 1587 apeter
3397 1570 5659 1744 nachher stattgefunden haben, dadurch, dass ich von
3400 1720 5419 1932 der Peripherie Gleichsam in den Mittelpunkt
3392 1845 5665 2065 rückte, dass ich aus der Episodenfigur eine Haupt¬
3409 2004 5688 2236 person wurde-und dass davon bis zum heutigen Tage
3409 2161 5578 2369 kein Mensch etwas erfahren hat. Sie verdienen
3403 2279 5732 2502 es eigentlich nicht, dass ich Ihnen davon berichte,
3403 2410 4315 2554 Sie, mit Ihrem ewigen
4376 2439 4724 2546 Lächelt
3409 2453 5656 2636 aber da Sie ja in Wirklickeit gar nicht existie-
3406 2633 5729 2850 ren, da ich ganz allein und einigermassen fröstelnd
3392 2743 5503 3015 in meinem sozusagen behaglichen Arbeitszimmer
3397 2925 5581 3168 sitze und weiss Gott warum eine so unbezwingli-
3389 3140 5419 3305 che Lust verspüre mir dieses ferne Erlebnis
3380 3250 5535 3499 in die Erinnerung zurückzurufen,-so werde ich
3374 3455 5596 3603 Ihnen auch weiterhin die Ehre erweisen zu Ihnen
3380 3620 5567 3832 zu reden, junger Mann, der immerhin so viel Takt
