6168 4184
5193 389 5361 542 10
4325 403 4581 601 bduait
3350 522 5494 715 uns Beiden, die wir Franz sekundierten. Wir
3350 723 5502 868 glaubten es aber nicht. Den Andern,Edhar,
3344 857 5443 1038 hatte ich bis zum Duell niemals gesehen.
3327 990 5604 1214 Er war Dragonerrittmeister,ein sehr stattli¬
3965 1126 4484 1225 nicht alte at
3355 1154 5604 1350 cher, auch noch junger Mann, xxx Sekundanten
3369 1325 5454 1503 und unser Duellant hatten in dem kleinen
3355 1475 5412 1634 Hotel der Provinzstadt übernachtet. Der
3364 1628 5525 1778 zweite Sekundant war ein alter Freund von
5528 1705 5803 1841 in the
4393 1744 4617 1858 abhäng
3375 1753 3653 1855 le dûard
3375 1733 5502 1988 Franz Dreis sig, wie Franz selbst. Ich ver-
3367 1920 5602 2065 dankte mein Amt nur dem zufälligen umstand,
3386 2113 5616 2286 dass ich in jenen Sommerwochen an dem glei-
3381 2218 5619 2380 chen geeufer meine Ferien verbrachte und in
3381 2399 5570 2550 der Villa des (Fabrikanten) Eduard wie viele
3398 2538 5582 2745 Andere öfter zu Faste war. Eduard war der
3369 2714 5638 2904 Geforderte. Wir Drei/soupierten am Aend vor-
3381 2848 5647 3043 her in dem kleinen Speisesaal des Hotels, Es
3369 3009 5638 3162 war im Grund ein ganz gemütlicher Abend, von
3386 3162 5585 3301 dem Duell wurde kaum gesprochen. Und trotz
3375 3270 5636 3472 der schweren bedingungen glaubten wir alle,
3392 3477 5548 3681 ich weiss nicht warum, keineswegs an einen
3384 3608 4439 3871 schlechten Ausgang.
