6200 4120
215 163 420 458 30
264 330 2642 670 well manl woll – de gne un
566 576 2215 802 in Moment J. R.M. -
392 798 2447 1076 50 " Ld wev uf marten...
399 1027 2898 1319 & très sch. elle quemat - ich qu'il
410 1211 2864 1569 de Haerlul, den unagels auf. Aussage
385 1444 2902 1750 im Gericht würde ein leicht Tage
493 1684 2565 2034 & (haft ein Leschlyk)
601 1975 2770 2229 A Meseh., - ofte intention, in
403 2145 2621 2513 yave him befegental t me
465 2447 2767 2753 pwest auch, is zu solchen
500 2673 2763 3013 Seul gegenent het nicht er nicht
555 2933 2628 3256 Zweifel if in orgewicht - is -
500 3069 2444 3384 W. Uif. Es we eius
517 3301 2746 3600 is the onbeigt - Moll He has
607 3582 3006 3926 B0 ville.. a fail...  I do me.
5748 264 5953 597 P.
3228 312 5918 705 Abercussiur ich gleichen können, wenn sie s'une
4870 344 5179 555 (schre)
3239 576 5842 847 auf (und großgeme) istunter fanden kleine
3235 774 6030 1073 Vor xxxx tran in helles which he Raim-
3249 1007 6026 1364 Wie is it hebt at no/cucitin so helle, to
3756 1125 4027 1284 a cet
4270 1128 4606 1295 trou
3242 1111 5943 1482 rehn; - nur de Clagier, freilchendschahmer - ene
4273 1350 4478 1468 The
3249 1336 5971 1701 in yong telle Heikk, in and
3260 1586 5960 1906 Ort aive iundie Thoul, de sonst    in
3280 1822 5912 2128 at Clenee at them immergles to at the
3263 1968 5877 2329 avant et Classe de travail. Un est
3263 2239 5811 2610 zumal weg jetzt, daß aus Tagen
3287 2367 4242 2534 le mich imprimé
3266 2520 5943 2805 is about the by K. I met L.L. Stunden p.r.
3190 2652 5766 2912 Tf t e delpferd hatts - t & C- est
3263 2815 4384 3048 Alte Greif, damit
3273 2902 5769 3242 imheil Parust. auf die Antworten
3284 3162 5856 3398 gut hin Te Hovrs, indem nel Bracht
3266 3280 5898 3735 sowohl befelich vmbehilte aus einzuge -
3287 3541 5679 3888 selb in einer hatte über Straf Wege
