6200 4200
278 261 2359 616 Jch beim bekommende – an die Fehltnent¬
377 505 1942 783 =abe my nalle jetungen -
361 738 2245 1007 Monsieur Schlegel nicht sehr.
311 877 2242 1218 Un seu tribustur und ist zu verleben —
333 1110 2214 1424 Gewiss; –   ich befürst. Ihnen.
169 1410 2395 1679 Od Su:  ningel – it auft noch ragen
241 1651 2092 1967 wie ich diese Verwandheit nur jetzt
533 2001 691 2189 D
283 2062 469 2292 Od
366 2184 2534 2436 The last of - excell keare for this & give
413 2428 1166 2550 ein-
347 2522 2400 2864 Su: Merckbrant, an mirfant for
430 2756 1240 2986 zi tillire -)
497 2883 2567 3194 Kind - J. Bewuft ein – & by
488 3125 1301 3377 rijing - h
522 3316 1437 3544 in fall in
3191 494 4462 755 Nun en amt ici mort.
3227 613 4826 852 I am prt getr.. Mir man loll.
4496 755 5886 985 IH k-  dit nicht auf ihn überlegen
3266 794 4149 991 Yflect dif u sebr -
3299 899 4149 1099 Eccursit Rf Corle
3269 1021 4063 1265 I/une ds c/est
3347 1149 4884 1351 Ich wohl doch mit ein nehmen
3269 1263 4792 1496 Se to be in kind - butging.
3258 1324 5081 1648 Er Nein- uttre en kei – a ud den
3333 1568 4007 1798 wittwerk
3380 1662 5611 1893 (hann in weas cin Pfefter    de kommet)
4901 1815 5481 2070 alle w
3405 1862 4840 2128 Er betragt doch – ich mehr es¬
3363 2065 3608 2220 en m
3460 2054 5614 2356 nin, wo bedeutetes - pf auf heute - eine
4820 2242 5916 2467 I have in
3402 2281 4562 2545 wenn in bedeutet.
4917 2364 5772 2525 am arde hilé's
4895 2417 6066 2650 Sie heb iue solch thaules.
3483 2475 4673 2675 Nein – ich zu den Spielyen
4834 2672 5558 2864 - sehr wir fort.
3494 2664 4773 2925 Odo: at one of the ca Horodly
3541 2839 4767 3144 Aber w weck davon ihm
3977 3055 5334 3286 Marie that the best phun
3682 3311 5106 3549 Er ist unter and fort im¬
4859 3458 5350 3699 de vif
3566 3477 4781 3843 H. Teleponn. En Telegin
3916 3652 4434 3843 entrerp¬
