6088 4248
4274 275 4837 553 L'obliger et
5375 353 5543 517 40
3413 437 5710 667 Agathe keinen Gast gehabt hätte. (So ergab es sich
3413 631 5671 885 von selbst) dass das Tischgespräch völlig harmlos
3425 787 5737 1005 war und sein musste. Dabei aber gänzlich ungezwun-
3419 957 5561 1173 gen, nicht nur von ihrer, auch von meiner Seite.
3419 1116 5662 1313 Während wir von den Alltäglchkeiten und kleinen
4325 1247 4577 1346 shans
3428 1253 5606 1466 Begebenheiten des Uferlebens sprachen, von Kahn-
3437 1463 5543 1621 fahrten, der sonntäglichen Regatta, abgetanenen
4888 1540 5052 1633 usn
2943 1412 3141 1648 in
3443 1579 5507 1744 und geplanten Ausflügen,sogar während Agathe
2907 1600 3344 1840 & pap of
4843 1693 5145 1789 Trincher
4690 1717 5615 1899 Gatten sprach - und
3443 1747 4565 1944 gelegentlich von ihrem
2910 1801 3401 1983 Mittelster
3461 1879 5492 2061 obwohl ich keinen Augenblick vergass.dass
2919 1947 3380 2142 (wch - is)
3449 2049 5606 2231 Eduard tot war und dass ich hergekommen war, um
2925 2091 3362 2297 ufgeben.
3443 2175 5627 2417 es Agathen zu berichten, alles das war, wenn auch
2913 2222 3389 2471 statt. ebr
3449 2315 5647 2501 Wirklichkeit, doch eine völlig andere, als die, in
3455 2495 5588 2689 der wir leben, (für die wir verantwortlich sind.)
3461 2680 5728 2863 auf der wir stehen wie auf einem festen Grund; es
3467 2845 5576 3003 war eine Wirklichkeit durch die wir schwebten
3452 2922 5680 3171 und die mit uns sohebte nicht traumhaft, sondern
3449 3090 5857 3308 mit wunderbar wachen Sinnen, doch ohne gefühlsmässige
3461 3281 5639 3494 Betonung. Dies galt für Agathe so gut wie für
3476 3425 5719 3652 mich, in der anderen Wirklichkeit, die wir verlas-
