6122 4024
5330 158 5501 386 20
5075 376 5514 521 Sie jetzt
3505 383 5600 594 uns und mit jedem Hufschlag wurde es weniger.
1980 472 2574 719 re saad, eiffer
2264 610 2548 769 G.H.F.P.
3666 584 5613 772 Nun schwiegen wir wieder. (Alle versäumten
3369 752 5854 908 zugleichkeiten und Unmöglichkeite gingen mir durch den
4010 868 4333 974 Gespel an
3330 858 5805 1063 Kopf.) Vielleicht war schon von dem Garnisonsstadt aus
3386 1059 5963 1208 die Gattin des Getöteten verständigt worden,behördlicher-
3373 1195 5894 1373 xxseits sozusagen. Damit wäre uns wenigstens das Bitter-
3330 1370 5821 1568 ste erspart gewesen. Aber man konnte nicht damit rech-
3310 1511 5778 1703 nen. Und überdies, das war klar. wir mussten zu ihr, wir
3303 1657 4297 1848 mussten sie sprechen.
3680 1802 5679 2003 Mussten wir wirklich? Zu ändern war nichts
2373 1924 2541 2089 .
3316 1967 5861 2191 mehr. Es war eine reine Formalität, diese Berichterstat-
3320 2145 5970 2360 tung an die Witwe. Hatte sie vielleicht schon eine Ahnung
3313 2277 5907 2472 Waren ihr nicht indess Zweifel aufgestiegen? War ihr die
3290 2442 5716 2600 Kletterpartie nicht verdächtigt geworden? Hatte sie
3280 2590 5795 2785 nicht am vorigen Sonntag den Rittmeister im Orte gese-
3293 2772 5719 2927 hen oder irgendwer anderer, der es ihr erzählt hatte?
3290 2904 5762 3095 Vielleicht trafen wir sie ohnmächtig, vielleich hatte
3290 3056 5590 3254 sie sich in der Verzweiflung umgebracht. vielleicht
3277 3191 5267 3386 hatten wir Vorwürfe von ihr zu gewärtigen?
