6088 4136
5320 372 5477 535 26
3382 472 5543 725 sich zu Unrecht Grand Hotel (Seeufer nannte, ich
3385 701 5549 901 stieg aus.Doktor Mülling (sagte, dass er mich um
3403 840 5580 1049 vier Uhr Nachmittag aufsuchen würde, drückte mir
3403 997 5595 1182 die Hand und liess sich von dem Kutscher weiter
3415 1170 5637 1384 führen zu dem Bauerngehöft, in dem er ein Zimmer
3403 1324 3823 1520 bewohnte
4591 1381 4878 1508 denen
3703 1402 5519 1668 Von den Bekannten, ich in der Halle
3403 1638 5688 1829 und auf der Stiege begegnete, liess ich mich nicht
3397 1804 5570 1953 aufhalten, begab mich rasch auf mein Zimmer und
3409 1937 5637 2128 vertauschte den Touristenanzug, der mir für meine
3403 2058 5580 2291 Mission doch nicht angemessen schien mit einem
3409 2246 5434 2403 dunkelgrauen Sommeranzug, sogar die Kravatte
3409 2406 5622 2578 schwarzgestreift wählte ich mit Bedacht, ich war
3421 2575 5534 2747 am Ende nur auf meinen Geschmack, ja auf weine
3428 2657 5573 2862 Intuition angewiesen, denn für einen Besuch, wie
3428 2853 5604 3029 er mir bevorstand. bestanden begreiflicherweise
3869 2953 4210 3074 Grellscht
3421 3013 5776 3210 keinerlei Vorschriften, nach denen man sich richten
3428 3183 5800 3364 konnte. (Von jener Sehnsucht, von jener Verliebtheit,
3428 3279 5852 3473 die ich ein paar Sekunden lang empfunden, war auf
3403 3455 5401 3703 nicht das Geringste mehr in mir vorhanden.
