6216 4280
3264 321 5897 742 Thiill – Lih – und Ewel Kerlwechsel
232 367 3047 660 Erhard, de Lifferte, so fries and without
724 560 1709 742 Ce sept un buckbr ng nicht
2458 603 2886 735 V. Röck
3289 564 5911 881 "Stowan, - o/c fill in tihum
232 599 3004 881 de bien, a été exis que self.
4210 721 4506 867 nt d
1420 771 1877 938 Ratley
246 821 3025 1063 will be in bleife xxx in B.M.
3296 788 5590 1102 hier nicht einmal ich gefert -
246 985 3114 1302 at Jurene ist is bese i chlefsh and inf an
3296 985 5997 1309 Es weg ihm die Bedingungen bestellt.
250 1167 664 1341 han -
3304 1167 5926 1541 aber für Rillweis und aber alhier
353 1356 3097 1605 Missyopuen noch auf ich hier verbließen St. Feber„
282 1488 3107 1855 is demarabours Immenantl. - - Auch geb. by Kullin
3321 1459 5876 1745 scherze d... ƒ   ʒ
5144 1613 5537 1741 lustr
328 1655 2918 1976 Nore w if I von thel oberfte ik fahrel -
3500 1673 5876 1987 Ihn auf weiß sie zweyst Sie acht ein
4980 1834 5212 1937 in
307 1802 3118 2183 et celle lui jâte tenir de Espands
3328 1901 5826 2180 Mr John, be in d. Frankreis
342 2066 2922 2319 – my hall was gereite, went -p-felt
3432 2041 5915 2390 no ellen be du jingent au. K. bin - sehr
346 2240 3136 2576 Bei valere Bekannt in die mir früher
2644 2301 2818 2412 Vec
3325 2315 6036 2654 me, he will sent. built a l ouget
285 2451 2879 2718 wotnte - ein weil ich zu gewillemen m.
3353 2501 5943 2808 & Van Nach angekleisend Mie B.
314 2640 2779 2915 worauf ich eine jene Stuf in d Tit
3364 2761 6008 3029 me à m s, hiel de l'assult icg même
350 2808 2294 3089 with Angelegenheit 10
3407 2979 5929 3275 Billets in Mänsche ab. in dass
460 3000 2818 3293 At paid in in Dr Kler Street be
5251 3214 5886 3400 res Abend
392 3189 3054 3507 de Vibere, Regill.  sevouest worden.-
3371 3232 5926 3578 da ab; –  Edl selbst, sich in haupts,
439 3411 2772 3828 5-    Hgouttur M
2073 3421 2751 3682 du il est
3414 3457 5822 3810 5. Trunterst. ab. —; angeblich im noch be
482 3582 2272 3856 ung beigert hatt. De an
4124 3639 4524 3796 Plattert.
3432 3692 5926 3974 eine sich Glathfrage in Furol zu machen; welc
496 3746 2968 4006 Hymer. Uwerde, “or Wagen wein
