6008 4120
5288 403 5452 558 44
3352 523 5525 745 Kies, ich weiss, dass man den Sarg mit dem toten
5119 677 5557 794 Gillflick
3352 733 5560 931 Leuberger bringt, ich muss fort sein (ehe man ihn
3358 861 5551 1075 draussen auf die Veranda stellt, kann mich nicht
3349 1019 5688 1171 rühren. Endlich mit ungeheuerer Anstrengung erhebe
3977 1127 5259 1223 asperte, you in a cpt of them.
2170 1136 2321 1317 G.F.P.
3358 1159 5647 1332 ich mich, ströcke mich,fühle wieder ihre Nähe, ihr
3352 1311 5586 1530 Würme, besinne mich, sinke sofort wieder in Traum,
3358 1510 4938 1682 will ihr nun sagen, dein Gatte ist
5011 1498 5636 1647 da öffnet sie
3364 1629 5478 1843 die Augen, legt mir die Finger auf die Lippen,
3370 1796 5574 1994 sprich nicht, ich weiss ja,ich hab es gewünscht,
3320 1930 5647 2132 (er hat nichts besseres verdient) was hab ich alles
3358 2067 5457 2281 durch ihn leiden müssen. Wir wollen uns unser
3370 2278 5533 2418 Glück nicht stören lassen. Ich drücke sie dank-
3355 2421 5501 2605 bar beruhigt an mich und weiss nun wieder, dass
3352 2555 5545 2756 ich geträumt habe (sinke gleich wieder in Traum,
3352 2721 5647 2905 halte sie fest in den Armen - o.gäbe es doch kein
3370 2847 5659 3063 Erwachen. Schlafen wir weiter, schlafen Wir in den
3349 3028 5533 3177 Tod hinein.- Ach nein, das ist uns nicht gegönnt,
3358 3200 5671 3384 aber anderes, hinunter an den See. Wir fahren weit
3370 3320 5618 3551 hinaus, ich lasse die Ruder treiben, die überlösst
3352 3481 5688 3703 sich mir, ich presse sie an mich. Der Kahn legt sich
3364 3621 5338 3854 auf die Seite und wir sinken in die Flut, so
