6200 4216
2678 193 2903 376 th
4823 312 5855 548 Aulger bost
2703 351 2941 649 12
3194 358 5820 656 Mes à l'enfant ou de Comp laisserum
260 428 2685 727 on Beitrif S.Y. c. inbeln.
3208 600 5862 860 "a 14 Tager, xxx, u/d der Weitber
228 656 2783 955 was a Nuf in not übertamp ill
3208 783 5942 1123 -  une mide de lille, une ob leseit
165 888 1516 1186 untellment..
3187 1042 6006 1295 -  int Seul en un for t Suivre -cipelle
284 1074 2794 1400 Mr ist enbynift:- bewulter - ud
3152 1257 5971 1590 pass it  diese lespen overstig; - hett was
256 1327 2808 1692 at the par Oud J. Well. we am
3184 1429 5974 1797 if all of and y in in Mlle Gntain
165 1674 2766 1938 even bale in lage gestellt
3194 1667 5883 1980 an Sie war auf ganz hitsch. wie wenn
239 1892 2632 2246 Ich aber sich plötzigkeit. Agath ist
3180 1860 5781 2183 in der f huis wie und früh hin
4882 2078 5230 2250 en
3187 2131 5732 2418 von mir wird - vielme  - aber
193 2092 2720 2369 will be - in 21 July, F., de
3229 2348 5869 2615 mais  si je ne peut-abé, mais il
161 2369 2682 2625 aussi d'une en juge Modif - et -
3342 2524 5925 2868 aber die Stad der Ehepaar - II Leiby
158 2555 2545 2871 un en Brouit-mehrteſthle
3254 2759 5623 3043 aber wenn d'Am blieb.
221 2804 2548 3127 weg we will pédare: -ch
3198 2927 5623 3292 N di Augi - a Mf und Agath - viele
172 3001 2636 3356 - Edo - in - pice to beip
3254 3240 5799 3499 ni en er; - enim erwarte sie ongeret
158 3278 2468 3598 Novemb in he, very if 4, I get
3236 3408 5525 3686 besde; nie sie wie auf u
172 3542 2745 3822 Eli -ich halte et in vutersche
3268 3594 5483 3829 verwendert, nicht,
3320 3805 5735 4022 zu schlimmen. v. Prof. und Augen um
393 3763 772 4079 Elep
