6200 4152
3240 249 5947 570 Mr de vrereglendlich Halting, die ne-
2761 293 2967 519 6
344 324 2984 735 zyn der Wille noti beinig urtheil.
3236 425 5944 839 bewagt hette - - Mir wollte - elle
647 587 2876 964 To jurgine in omtrent in all
3250 721 4689 951 armeiden hent noch
381 823 2916 1166 il  - uni vifondu glaat
3358 880 5967 1204 Sie sich thatsehleit vorher glaat (bei
344 1072 2936 1440 of - at Alm. Millig:- See went
3304 1139 5691 1399 aller ab, en tragte di Seul et
3253 1308 5970 1632 for fall on with tg wd Wien.  His
334 1322 2936 1598 Oul sagen Blut nicht aus — et un
5461 1510 5623 1763 J
3381 1500 5407 1814 Repatries to Rep. the Ville
256 1554 2903 1922 sehre – daß ich nie wich gewiss nicht
5148 1702 5401 1868 und
3429 1783 5920 2036 Will Kebel in
236 1794 2903 2107 an den an als heil es an Müller in
3358 1945 5886 2252 or Repit for anener Fyder still
236 2060 2785 2380 Alme " Aber we if him in bed
5212 2144 5859 2360 und
3331 2181 5168 2454 and nt
212 2296 2812 2606 et Schurrente et verstort heure - la
3344 2336 5768 2660 sonst einen Rev lezt nicht in
3415 2515 5859 2852 ußernde ein. Ihr
300 2545 2994 2893 überd in Duvelt, und Falk Fried¬
3432 2781 5657 3095 Rany is thell holld age
418 2781 2576 3105 - At mir durch den faeten gingen
3432 2953 5822 3290 in a du Tj fai même prêtre
357 3014 2461 3314 Wien to wil d. Jeuny
1288 3176 2501 3429 (2) de
357 3189 1183 3486 jur Frau
3459 3193 5603 3445 Sir the Anda Sec debite nt
1062 3371 1497 3523 d'où
384 3388 2680 3766 parfunte juges, spent with in
3429 3402 5701 3702 da hah nicht zweit —; ob tilte
3516 3604 5650 3880 Nur bei verkauft. Im weil Ich
401 3617 2562 3995 in de vyleill selbstbeten,
