6104 4248
5257 326 5417 498 41
3440 464 5555 703 sen hatten, befand sich der Diener, der lautlos
3420 647 5650 861 auftrug und einschenkte, aus dieser anderen Wirk-
3414 807 5678 987 lichkeit drang auch das Pfeifen des kleinen Dam-
3442 942 5504 1145 pfers zu uns her, in ihr lag der See unten im
3437 1094 5560 1313 Mittagsglanz,ohne dass wir ihn sahen, in diese
3451 1294 5678 1448 andere war auch Aline zurückgekehrt, in jener an-
3457 1432 5572 1609 dern lag ein toter Mann, den ich heute Morgens
3445 1564 5518 1794 tot um Waldesrand hatte hinsenken sehen. Ich
3442 1704 5588 1929 wusste auch, dass für mich, sowie Agathe der Mo-
3462 1898 5600 2087 ment kommen würde, da wir zu all dem wieder ge-
3451 2008 5673 2228 hörten und unser Dasein nach den dort geltenden
3471 2199 5656 2365 Gesetzen verlaufen müsste jetzt aber galten an-
3468 2351 4598 2554 dere Gesetze-oder keine.
3772 2469 5479 2714 Das Mahl war zu Ende, der Diener ver-
3488 2669 4877 2860 schwand und wir waren allein.
