6072 4088
2946 234 3389 443 5.1.1928.
5254 341 5434 620 18
3199 522 5652 790 etwa von Ischl aus, aber wir kämen ja jedenfalls noch
3221 778 5162 933 vor Eintreffen unserer Depesche am See an.
3623 835 5646 1075 Die Frage ist nur,“sagte Willy plötzlich,
3234 1094 5712 1249 wer von uns beiden Frau Agathe die - Nachricht über-
3209 1220 3869 1404 bringen soll."
3623 1274 5693 1558 Ich schaute mit einiger Vewunderung auf.“Igh
3221 1502 5614 1739 denke doch-- Es wird wohl nichts übrig bleiben, als
3215 1675 4024 1871 dass wir beide“ -
3692 1717 5795 2001 Er schüttelte den Kopf. "Wir können unmöglich
3221 2004 5763 2200 zu Zweit antreten,wie Komiteemitglieder, wie eine Ball-
3228 2156 4290 2336 einladung überbringen.“
3756 2146 5684 2526 Wir hätten doch (wohl gleich von dort aus
3247 2440 4306 2652 telegraphieren sollen“.
3718 2494 5753 2791 ÜMöglich, aber das haben wir nun einmal ver-
3234 2747 5592 2937 säumt. Und die Depesche hätte ja doch nur eine Art
3253 2905 5637 3114 von Vorankündigung sein können. Ueber die mündliche
3224 3057 5668 3319 Berichterstattung kommen wir oder einer von uns doch
3228 3224 3756 3430 nicht weg.
4065 3262 4369 3411 als
3806 3278 5725 3553 „Sie sind der Aeltere Herr Doktor Mülling,
3221 3484 5235 3740 und ein genauer Freund Leubergers gewesen."
