6104 4088
2937 239 3236 403 7.1.1927
4126 223 4501 444 4.4.
4161 406 4617 604 &c &c
4775 450 5121 598 G.H.F.P.
3283 522 5804 781 Es war nahe zur Mittagsstunde, der Staub wirbelte hin-
1797 541 1980 752 G.F.P
3292 724 5735 891 ter unserem Wagen, die Sonne brannte heftig, wir waren
3295 872 5769 1054 beide froh, als der Wagen in die Waldstrasse bog, aber
3299 1048 5738 1240 die Frage,wer als Unglücksbote in die heitere Villa
3317 1177 5225 1385 treten sollte, war noch nicht entschieden.
3635 1265 5659 1523 "Wollen wir losen?" sagte Doktor Mülling. Wir
3311 1498 5839 1662 hatten natürlich an das Gleiche gedacht.) Und im Fahren
3591 1621 3821 1728 Moll
3317 1630 5625 1800 griff er plötzlich nach einem der Zweige, die über
3333 1741 5763 1983 unsern Häuptern hingen und brach ihn ab. Es war ein
4381 1888 5159 1996 kauch in Armb,
3324 1936 5716 2125 mässig belaubter Zweig, nicht länger als ein
3339 2077 5719 2282 Unterarm (Mülling) riss die kleinen Seitenästchen aux
3330 2282 5684 2442 und streifte die Blätter ab,brach ihn in der Mitte
3343 2395 5763 2597 entzwei und hielt zwei Stäbchen von ungleicher Länge
3330 2578 5728 2754 in der Hand. "Ich nehme einen in die rechte, den an-
3343 2710 5839 2911 dern in die linke“, begann er, alles weitere wehrte ich
3352 2826 5798 3053 ab, ich weiss nicht, was plötzlich über mich kam, meine
3358 3063 5801 3236 Neigung zu einer gewissen Ritterlichkeit, die manchen
4668 3138 5219 3242 indécier un
3371 3201 5722 3390 als Eitelkeit oder gar Snobismus gilt, oder, wie ich
3387 3377 5744 3535 es für möglich halte, und was mir im gleichen Augen-
3377 3481 5788 3723 blick bewusst ward, das Verlangen Frau Agathe wieder
