6104 4136
2937 267 3383 443 11.1.1928
5187 314 5345 490 25
3388 581 5624 807 (Ich machte mich auf den Weg.) Gleich hinter dem
1681 581 2159 836 G.H.F.P.P
3465 745 5689 959 Gasthof führte ein abkürzender Pfad (von dem von
3993 842 5357 936 mit unfelnde, seitsere besblick
3447 883 5809 1112 Schritt zu Schritt ein Blick auf den See sich öff-
3456 1009 5724 1241 nete,an einigen kleineren L andhäusern vorbei, zu
3453 1209 5706 1411 der weissen, für meinen Geschmack etwas zu gross-
3453 1376 5762 1564 artigen Villa, die Leuberger vor drei Jahren hatte
4406 1464 4720 1584 glerth.
3485 1508 5709 1737 erbauen lassen. Ich war ruhigövielmehr ich hatte
3462 1702 5665 1878 mich mit dem ganzen Aufgebot meines Willens zu
4682 1775 5269 1878 nur in – bemühren
3479 1842 5645 2030 innerer Ruhe gezwungen.) Ich hatte einfach eine
4673 1922 5383 2033 du ou leur forme au
3535 2004 5788 2186 Pflicht zu erfüllen, die rein äusserlich genommen
3497 2115 5697 2324 keinerlei Schwierigkeiten bot: Gnädige Frau, ich
3503 2312 5730 2502 habe Ihnen eine sehr traurige Nachricht zu über-
3491 2450 5826 2676 bringen. Ihr Mann ist im Duell mit dem Oberleutnant
4735 2532 5513 2649 So half the oprected
3497 2576 5844 2796 von Urpadinzky gefallen. éJa so, nicht anders wollte
3512 2731 5803 2954 ich sprechen. Jeder Versuch die arme Frau allmäh-
3523 2893 5686 3095 lich vorzubereiten wäre lächerlich und grausam
3928 3025 4145 3122 jeave
3503 3048 5812 3242 zugleich. Meine innerliche Beteiligung tat nicht
3503 3215 5794 3415 zur Sache, davon durfte ich nicht mehr merken las-
3547 3362 5838 3559 sen, als die gute gesellschaftliche Form forderte
3535 3538 4562 3755 und zugleich erlaubte.
