6200 4168
2994 242 3381 454 27.10.27
5138 361 5324 568 11
1902 478 2382 693 G.C.H.F
3352 513 5557 731 Eduard,den Duellanten,so frisch und wohlge
3352 702 5569 915 mut er schien, schickten wir um elf mit den
3352 865 5607 1083 üblichen Ratschlägen ins Bett. Immerhin, ist
5464 958 5741 1107 Mille
3358 1034 5557 1188 es besser, du schläfst dich aus“, sagte sein
3352 1185 5551 1366 Freund, wenn auch das Ganze ein Spass ist.
3352 1334 5510 1552 Diese Bemerkung war aber mehr für mich be-
3364 1503 3743 1695 stimmt.
3734 1806 5601 1983 Wir spazierten noch durch die stras-
3344 1940 5685 2149 sen des schlafenden städtchens in der wunder-
3370 2085 4482 2298 darbaren Sommernacht.
3722 2263 5467 2417 Auch mit Herrn Dr.Mülling war ich
3361 2414 5467 2592 eigentlich nur oberflächlich bekannt. Er
3370 2528 5508 2764 selbst war ein Freund Eduards. Mich hatte
3352 2714 5577 2886 man gewählt, weil sonst kein näherer Bekann-
3370 2895 5601 3044 ter in der Sommerfrische am Seeufer wohnte.
3364 2991 5662 3178 und weil ich mich schon damals eines gewissen
3352 3137 5630 3355 Rufes in der Behandlung solcher Ehrenangele-
3358 3303 4375 3510 genheiten erfreute.
3690 3460 5659 3667 Als Grund für das Duell war eine Mei-
3352 3638 5653 3821 nungsverschiedenheit im Restaurant beim Mit-
