<?xml version="1.0" encoding="UTF-8" standalone="yes"?>
<PcGts xmlns="http://schema.primaresearch.org/PAGE/gts/pagecontent/2013-07-15" xmlns:xsi="http://www.w3.org/2001/XMLSchema-instance" xsi:schemaLocation="http://schema.primaresearch.org/PAGE/gts/pagecontent/2013-07-15 http://schema.primaresearch.org/PAGE/gts/pagecontent/2013-07-15/pagecontent.xsd">
    <Metadata>
        <Creator>prov=READ-COOP:name=TrHtr:version=2.1.0:model_id=51170:date=28_07_2023_01:44</Creator>
        <Created>2023-05-10T11:11:51.054+02:00</Created>
        <LastChange>2023-07-28T01:44:43.179+02:00</LastChange>
        <TranskribusMetadata docId="1428128" pageId="55384410" pageNr="131" tsid="131313072" status="IN_PROGRESS" userId="64420" imgUrl="https://files.transkribus.eu/Get?id=YLDMQLOSQQAUGSICEYQJQRJN&amp;fileType=view" xmlUrl="https://files.transkribus.eu/Get?id=BZDHFMZKIOHGWIIAGYOGJEFI" imageId="44659310"/>
    </Metadata>
    <Page imageFilename="1428128_0131.jpg" imageWidth="6256" imageHeight="4104">
        <ReadingOrder>
            <OrderedGroup id="ro_1711825272476" caption="Regions reading order">
                <RegionRefIndexed index="0" regionRef="tr_1"/>
            </OrderedGroup>
        </ReadingOrder>
        <TextRegion id="tr_1" custom="readingOrder {index:0;}">
            <Coords points="3394,349 5798,349 5798,3529 3394,3529"/>
            <TextLine id="tr_1_tl_1" custom="readingOrder {index:0;}">
                <Coords points="5071,466 5102,463 5128,443 5195,438 5220,421 5276,426 5287,415 5363,435 5360,266 5304,272 5268,295 5125,275 5069,297"/>
                <Baseline points="5088,405 5177,399 5267,399 5356,411 5366,413"/>
                <TextEquiv>
                    <Unicode>fois</Unicode>
                </TextEquiv>
            </TextLine>
            <TextLine id="tr_1_tl_2" custom="readingOrder {index:1;}">
                <Coords points="3719,488 3832,443 4325,525 4592,460 4999,516 5018,317 4766,351 4522,289 4227,353 3722,272"/>
                <Baseline points="3734,429 3769,429 3859,423 3948,417 4038,423 4127,417 4217,423 4306,417 4396,411 4485,411 4575,417 4664,417 4754,417 4843,411 4933,405 5022,405"/>
                <TextEquiv>
                    <Unicode>Idemlos, tout une</Unicode>
                </TextEquiv>
            </TextLine>
            <TextLine id="tr_1_tl_3" custom="readingOrder {index:2;}">
                <Coords points="3377,592 3436,611 3470,589 3512,592 3531,609 3562,578 3602,595 3624,575 3672,581 3672,474 3630,480 3610,499 3568,511 3503,474 3428,527 3377,522"/>
                <Baseline points="3394,584 3412,578 3501,572 3591,578 3680,572"/>
                <TextEquiv>
                    <Unicode>Jany 17</Unicode>
                </TextEquiv>
            </TextLine>
            <TextLine id="tr_1_tl_4" custom="readingOrder {index:3;}">
                <Coords points="3663,656 4269,586 5475,620 5613,595 5613,460 4968,530 3663,499"/>
                <Baseline points="3680,590 3710,590 3799,590 3889,584 3978,584 4068,584 4157,584 4247,584 4336,584 4426,584 4515,584 4605,584 4694,584 4784,578 4873,578 4962,584 5052,578 5141,590 5231,578 5267,578 5356,578 5446,584 5535,590 5619,590"/>
                <TextEquiv>
                    <Unicode>7 - ult contiet cour, elle,</Unicode>
                </TextEquiv>
            </TextLine>
            <TextLine id="tr_1_tl_5" custom="readingOrder {index:4;}">
                <Coords points="4808,785 4999,766 5181,808 5282,794 5352,847 5433,856 5501,827 5677,836 5675,670 5526,662 5425,597 5237,603 5094,656 4940,589 4802,600"/>
                <Baseline points="4819,715 4909,709 4998,709 5088,709 5177,709 5267,703 5356,703 5446,709 5535,715 5625,733 5684,745"/>
                <TextEquiv>
                    <Unicode>Sibenattertins</Unicode>
                </TextEquiv>
            </TextLine>
            <TextLine id="tr_1_tl_6" custom="readingOrder {index:5;}">
                <Coords points="3377,875 3475,889 3635,791 3762,839 3882,813 4045,844 4165,794 4440,889 4474,665 4353,611 4182,665 3977,611 3383,654"/>
                <Baseline points="3394,835 3406,823 3495,805 3585,793 3674,793 3763,787 3853,787 3942,787 4032,781 4121,781 4211,781 4300,775 4390,781 4479,787"/>
                <TextEquiv>
                    <Unicode>Inunterst. M. -</Unicode>
                </TextEquiv>
            </TextLine>
            <TextLine id="tr_1_tl_7" custom="readingOrder {index:6;}">
                <Coords points="3529,1007 3714,1069 3767,1041 3809,1057 3834,1035 4062,1049 4062,917 3938,870 3739,898 3652,842 3568,884 3529,872"/>
                <Baseline points="3543,996 3632,990 3722,990 3811,990 3901,990 3990,990 4068,996"/>
                <TextEquiv>
                    <Unicode>Loohen.</Unicode>
                </TextEquiv>
            </TextLine>
            <TextLine id="tr_1_tl_8" custom="readingOrder {index:7;}">
                <Coords points="3540,1189 3874,1243 4104,1130 4547,1108 4855,1234 5282,1229 5501,1206 5506,1043 4951,971 4603,1052 4339,993 4191,1063 3543,1063"/>
                <Baseline points="3555,1151 3632,1145 3722,1145 3811,1139 3901,1133 3990,1127 4080,1127 4169,1121 4259,1115 4348,1115 4438,1109 4527,1097 4617,1097 4706,1097 4795,1091 4885,1091 4974,1091 5064,1103 5153,1097 5243,1103 5332,1103 5422,1097 5511,1109"/>
                <TextEquiv>
                    <Unicode>Ich dank an u kränkel – (der offen haut</Unicode>
                </TextEquiv>
            </TextLine>
            <TextLine id="tr_1_tl_9" custom="readingOrder {index:8;}">
                <Coords points="3534,1321 3722,1360 3969,1304 4311,1344 4491,1287 4659,1299 4665,1192 4609,1175 4398,1251 4115,1257 4031,1203 3826,1268 3537,1245"/>
                <Baseline points="3549,1318 3596,1312 3686,1312 3775,1312 3865,1306 3954,1306 4044,1306 4133,1306 4223,1300 4312,1294 4402,1282 4491,1270 4581,1264 4670,1258"/>
                <TextEquiv>
                    <Unicode>in p tras gespielt.</Unicode>
                </TextEquiv>
            </TextLine>
            <TextLine id="tr_1_tl_10" custom="readingOrder {index:9;}">
                <Coords points="3756,1501 4928,1532 5217,1467 5223,1290 5071,1318 4959,1273 4777,1330 4491,1287 4244,1355 4045,1304 3762,1330"/>
                <Baseline points="3775,1449 3799,1449 3889,1449 3978,1449 4068,1455 4157,1455 4247,1455 4336,1449 4426,1443 4515,1437 4605,1431 4694,1431 4784,1425 4843,1425 4867,1419 4957,1419 5046,1419 5135,1419 5225,1419"/>
                <TextEquiv>
                    <Unicode>hacher, v. Theil.</Unicode>
                </TextEquiv>
            </TextLine>
            <TextLine id="tr_1_tl_11" custom="readingOrder {index:10;}">
                <Coords points="3529,1762 3638,1764 3820,1666 3980,1686 4064,1739 4264,1745 4261,1523 4157,1509 4121,1540 3902,1551 3714,1501 3526,1518"/>
                <Baseline points="3543,1622 3632,1622 3722,1628 3811,1628 3901,1634 3990,1634 4080,1634 4169,1628 4259,1622 4271,1628"/>
                <TextEquiv>
                    <Unicode>Alm - Agat.</Unicode>
                </TextEquiv>
            </TextLine>
            <TextLine id="tr_1_tl_12" custom="readingOrder {index:11;}">
                <Coords points="3711,1896 3885,1820 3980,1868 4620,1806 4898,1916 5186,1947 5192,1742 5080,1714 4858,1748 4774,1677 4073,1770 3717,1714"/>
                <Baseline points="3728,1825 3763,1819 3853,1819 3942,1819 4032,1819 4121,1819 4211,1813 4300,1807 4390,1807 4479,1801 4569,1807 4658,1801 4748,1801 4837,1801 4927,1795 5016,1789 5106,1789 5195,1795"/>
                <TextEquiv>
                    <Unicode>som ut heb. Von Nachricht -</Unicode>
                </TextEquiv>
            </TextLine>
            <TextLine id="tr_1_tl_13" custom="readingOrder {index:12;}">
                <Coords points="3546,2017 3613,2022 3680,1980 3733,2008 3888,1972 3989,2034 4059,2020 4135,2042 4137,1843 3977,1868 3885,1820 3840,1851 3820,1834 3722,1902 3621,1865 3548,1871"/>
                <Baseline points="3561,1956 3608,1950 3698,1950 3787,1950 3877,1950 3966,1944 4056,1944 4145,1938"/>
                <TextEquiv>
                    <Unicode>En 1    à ce</Unicode>
                </TextEquiv>
            </TextLine>
            <TextLine id="tr_1_tl_14" custom="readingOrder {index:13;}">
                <Coords points="3778,2196 4387,2174 4550,2081 4687,2135 4799,2076 5531,2067 5562,1899 5122,1983 4965,1924 4841,1980 4494,1966 4359,2042 4208,1978 3980,2042 3787,1983"/>
                <Baseline points="3799,2111 3817,2105 3907,2105 3996,2099 4086,2099 4175,2093 4265,2087 4354,2093 4444,2081 4533,2075 4622,2075 4712,2075 4801,2069 4855,2063 4939,2057 5028,2057 5118,2057 5207,2057 5297,2052 5386,2046 5475,2046 5565,2046"/>
                <TextEquiv>
                    <Unicode>Slavent näge nicht doh ich</Unicode>
                </TextEquiv>
            </TextLine>
            <TextLine id="tr_1_tl_15" custom="readingOrder {index:14;}">
                <Coords points="3473,2314 3829,2356 5725,2230 5638,2126 4954,2208 4780,2093 4502,2219 3804,2199 3481,2045"/>
                <Baseline points="3489,2290 3495,2290 3585,2284 3674,2284 3763,2296 3853,2296 3942,2290 4032,2290 4121,2284 4211,2284 4300,2284 4390,2272 4479,2266 4569,2260 4658,2254 4748,2254 4837,2254 4927,2254 5016,2248 5106,2248 5195,2248 5285,2248 5374,2236 5464,2236 5553,2236 5643,2224 5732,2230"/>
                <TextEquiv>
                    <Unicode>Dr. R. M; - nor I am not that an</Unicode>
                </TextEquiv>
            </TextLine>
            <TextLine id="tr_1_tl_16" custom="readingOrder {index:15;}">
                <Coords points="3593,2533 4163,2583 4620,2454 5189,2488 5517,2395 5787,2457 5801,2261 5114,2367 5010,2286 4808,2379 4348,2331 3955,2440 3604,2345"/>
                <Baseline points="3608,2511 3650,2499 3740,2499 3829,2499 3919,2493 4008,2493 4098,2487 4187,2475 4276,2469 4366,2469 4455,2463 4545,2451 4634,2445 4724,2439 4813,2433 4903,2427 4992,2415 5082,2415 5171,2415 5261,2415 5350,2397 5440,2392 5529,2380 5619,2374 5708,2374 5798,2386"/>
                <TextEquiv>
                    <Unicode>hoe &amp; Ino Syewen - weg — Parte</Unicode>
                </TextEquiv>
            </TextLine>
            <TextLine id="tr_1_tl_17" custom="readingOrder {index:16;}">
                <Coords points="3574,2721 5327,2676 5391,2659 5397,2522 5122,2446 4777,2510 4583,2457 4168,2586 3582,2539"/>
                <Baseline points="3591,2666 3608,2666 3698,2666 3787,2666 3877,2666 3966,2660 4056,2654 4145,2648 4235,2648 4324,2636 4414,2642 4503,2636 4593,2630 4682,2624 4772,2618 4861,2606 4951,2600 5040,2600 5130,2600 5219,2606 5308,2612 5398,2612"/>
                <TextEquiv>
                    <Unicode>ne hall auf Tebehelten -</Unicode>
                </TextEquiv>
            </TextLine>
            <TextLine id="tr_1_tl_18" custom="readingOrder {index:17;}">
                <Coords points="3722,2898 4572,2853 4726,2906 5330,2827 5644,2917 5649,2673 5470,2637 5055,2648 4855,2743 4581,2676 4412,2738 4292,2676 3728,2707"/>
                <Baseline points="3740,2827 3775,2821 3865,2821 3954,2815 4044,2815 4133,2815 4223,2815 4312,2815 4402,2827 4491,2815 4581,2803 4670,2779 4760,2779 4849,2779 4939,2779 5028,2779 5118,2773 5207,2779 5297,2779 5386,2779 5475,2779 5565,2785 5654,2791"/>
                <TextEquiv>
                    <Unicode>Elce et F. - (in give from us).</Unicode>
                </TextEquiv>
            </TextLine>
            <TextLine id="tr_1_tl_19" custom="readingOrder {index:18;}">
                <Coords points="3672,3035 4701,2979 5285,3125 5529,3100 5529,2895 5459,2867 5276,2951 5091,2870 4721,2906 4578,2855 3966,2945 3672,2847"/>
                <Baseline points="3686,3006 3775,2994 3865,2988 3954,2988 4044,2994 4133,2994 4223,2994 4312,2988 4402,2988 4491,2982 4581,2976 4670,2970 4760,2970 4849,2976 4939,2976 5028,2976 5118,2976 5207,2982 5297,2994 5386,3006 5475,3012 5535,3012"/>
                <TextEquiv>
                    <Unicode>zu sein zu, so kippel die eine —)</Unicode>
                </TextEquiv>
            </TextLine>
            <TextLine id="tr_1_tl_20" custom="readingOrder {index:19;}">
                <Coords points="3747,3217 4193,3240 4628,3170 5240,3220 5237,3057 5035,3136 4583,3038 4286,3114 4053,3013 3747,3046"/>
                <Baseline points="3763,3149 3853,3155 3942,3161 4032,3161 4121,3167 4211,3167 4300,3167 4390,3167 4479,3161 4569,3167 4658,3167 4748,3167 4837,3173 4927,3173 5016,3173 5106,3173 5195,3173 5243,3179"/>
                <TextEquiv>
                    <Unicode>Sie tiflet – ohnmahls men.</Unicode>
                </TextEquiv>
            </TextLine>
            <TextLine id="tr_1_tl_21" custom="readingOrder {index:20;}">
                <Coords points="3644,3405 4168,3324 4631,3388 5602,3363 5649,3130 4822,3229 4631,3172 3641,3226"/>
                <Baseline points="3656,3292 3746,3298 3835,3304 3925,3304 4014,3310 4104,3316 4193,3322 4282,3322 4372,3328 4461,3328 4551,3328 4640,3334 4730,3334 4819,3328 4909,3316 4998,3322 5088,3310 5177,3310 5267,3310 5356,3310 5446,3310 5535,3310 5625,3316 5660,3322"/>
                <TextEquiv>
                    <Unicode>Bekl. ich noch prt aus – auf in 30 Jahre</Unicode>
                </TextEquiv>
            </TextLine>
            <TextLine id="tr_1_tl_22" custom="readingOrder {index:21;}">
                <Coords points="3624,3520 4519,3515 4940,3596 5116,3526 5391,3531 5388,3352 4914,3422 4648,3374 4339,3431 4115,3338 3986,3419 3621,3394"/>
                <Baseline points="3638,3477 3728,3471 3817,3471 3907,3471 3996,3471 4086,3477 4175,3483 4265,3489 4354,3495 4444,3495 4533,3501 4622,3501 4712,3501 4801,3501 4891,3495 4980,3495 5070,3489 5159,3489 5249,3495 5338,3507 5398,3519"/>
                <TextEquiv>
                    <Unicode>her sind, zufmerk es nach heute</Unicode>
                </TextEquiv>
            </TextLine>
        </TextRegion>
    </Page>
</PcGts>
