6200 4120
571 195 2849 619 so daß ich zuerst neuen auch
3218 306 5830 657 [illegible] and
257 487 2898 835 wurde in a ue
3197 515 5966 911 Alicu tecken,
209 651 2898 1026 letz lui voyage un, — abus plaif la ne
3253 734 5274 1047 und mit einem ratkloren Blick.
5371 859 5837 1138 Gante
226 991 2880 1218 in den xyz verzweifelt. Am
3242 1012 6043 1343 We had ulleged by the Reide and fonte
216 1110 2898 1440 wenn Blick, daß mein Ueber es it
3298 1197 5862 1552 O Der erkennen Freunden Hände
233 1381 2940 1628 auf der andere bych die erste bedule
3274 1454 5681 1764 TheP. of the said minute in me alle 2
1722 1534 2164 1691 Sterät
216 1565 2804 1885 Aber reifete als in der Bürger. D. P. m
3267 1694 5830 2070 Avel - D Cem - Gll  Blut of
306 1757 2953 2049 int ouret komt;  ne holl-
3235 1913 5761 2230 tok ud sent a reçu Cn sägte mit an¬
334 1976 2887 2345 The feet is in hell it unto
3263 2136 5865 2519 weil er Aigen mehr ab wenn 5 Kopf
664 2195 1075 2397 and the
376 2230 2825 2550 Mit zu fragen.... Mmeist gesetzt.  ich
3277 2414 5841 2686 genehmigt mit einer wissen von ihr Augen¬
306 2498 3020 2800 at most wichrdie fit, nicht nicht die Teilen
3263 2613 5771 2964 I have of the most, - I shall not to do
4028 2807 4223 2971 in the
327 2766 2606 3040 kraft – geantwort — den in den
3267 2873 5733 3187 to magt, estile sovider men -
2348 2957 2640 3086 till
310 2953 2745 3253 Ajullut    dudit ae
3249 3054 6018 3500 als wollte sie aus den mit es mittellende
254 3207 2706 3517 nicht im Salon telli – sondern – nach —
3267 3277 5740 3632 Kraft. kauft. Tag, als woll
317 3427 2494 3806 Thos Kloufes that nur he then
3291 3517 5496 3865 ne Calvort ao mens Herz
445 3687 998 3914 jusse.
