6200 4136
5794 191 5982 388 38
306 269 2756 602 Neu-in in pton is we June  12th in
3130 299 5863 548 of Kloik sont tief in weisde me over.
3804 466 4542 592 -t-v-t
5339 521 5522 653 at
160 504 401 653 mais
483 463 2950 803 ich sagte es in wieu. J'une ganz deutlich¬
3134 493 5832 755 und erwert: Hiese Sohn. Dich für erfah¬
126 650 2783 970 fir cem der Jitke beim Bewit, war
3123 653 5791 963 J'est si de mais. Sif haut je vais, déf
153 874 2824 1181 sous arrachibil gewese. at in wee till
3120 844 5631 1208 up jechet tnte  Ich bin sehr
180 1065 1232 1317 from en west-
3175 1068 5754 1371 froh. of Sie de novembre....   ƒ
1831 1245 2004 1354 w
4917 1313 5168 1453 evt
167 1221 2814 1528 Alt Cgulisten,
3171 1327 5842 1626 Helt ich (an) auch wieder können? - Ordre
133 1466 2712 1684 le telle ces ne peirait, - comme son fils
3161 1514 5808 1933 urne Miss in Jur. of het St Jath.
167 1654 2862 1943 kleist durchleit Sie tief Schalle 1 Roin.
3828 1677 4131 1888 M4
3151 1756 4549 2028 Alle in kleine
4699 1837 5764 2113 Igh St ptoptn
143 1814 2753 2140 nil woll wist -  -  in prompt -j me
4740 1973 5260 2167 die bleft
3205 1956 5883 2334 mouche d'Etérai - elle (bleu) s'industrie de
109 2065 2644 2269 Wisbalt if if prschs nennt nor 1/2
1916 2215 2586 2344 ) - a - + -
3212 2242 5743 2538 welche die letzt Tage - waren
119 2242 2719 2555 weit ziehen. Es wen klein, in wollf.
5015 2409 5434 2552 le Metz
3236 2446 5880 2763 in ihrer    lauttet erweicht den Reis)
126 2514 2739 2753 for forth that aussitliep; in all
4716 2627 5053 2776 Fecting
3226 2671 5907 2981 beidlet is haer ikten Färbe auf, die Ine¬
119 2661 2770 2984 Angeblich so er mit uns allen In¬
3212 2807 5733 3113 replost - diese jene bey wie in
119 2906 2790 3202 it, la foisde, elle viell tufe
3212 3008 5835 3385 in rue leur tägle, monsieur de Mal
2212 3127 2610 3290 be p
99 3144 2634 3440 oige tattet... ich alle nicht glaub
3212 3294 5703 3607 opf mit ein tinschluss: - wie in und
140 3365 2538 3668 Yr in wilm kotett, - with
3198 3460 5607 3719 I am for you and that well in
4423 3647 4985 3804 I am of
3229 3627 5886 3879 Froge der Rech seit. Die nimmt xxx
