6120 4184
3061 257 5737 580 die en nächst Sintes et etc,  in de
4856 497 5599 674 (drie et je ne
3006 515 5780 834 Auf Seitig abd sollt, die nicht ich
3017 754 5624 1048 tot sitze jure en, – von eine fil¬
4707 932 5008 1102 be it
2977 961 5661 1291 des Lieb. Jai un telle pleut; -
5037 1139 5349 1324 Sedie
2995 1193 5853 1490 und in den u, Fakibtot Ffeber Sitzkant
2941 1382 5233 1679 au Berif, et hlette - elle mise
5490 1447 5802 1697 net.
4652 1585 5595 1777 d volle beriffen
2974 1661 5885 1965 de Pla entworf t. A. - nach einer freklich
2919 1831 5777 2201 betr, die auf ein der nichtgebige Berge, den
2955 2074 5755 2415 Pracenz Sitzen bemogelt, r'insomel, o
2970 2350 5570 2665 i Uhrt. — In ein Sich; - und ist ein
3013 2557 5820 2897 Prozess, den 4 Mals sei mein sein führt, -
2919 2789 5476 3115 u in den betrieben Werk auf de Speck
2934 3003 5722 3333 det schien. Sie wur 1 August Abteht
2963 3253 5476 3543 um der sei unspembel: oder laut
2984 3438 5399 3782 u Prof. N. Verberg, à un in moi de
3017 3677 5450 3938 beste Fornen, mit er Bich auf wein¬
1828 3670 2187 3920 to
