6216 4200
350 315 2902 617 Nul enfuege, wil de chineur Le empllement
404 480 2855 874 of tenl in dese Felle habes, dient etc.
296 645 1062 903 M Thos
550 868 1599 1116 Wir ist geschebe.
451 1030 1459 1243 Sie wisre nicht.
356 1192 2324 1440 Ist bewird is Verstelling könnt.
588 1348 2985 1672 Eracht he was - to - so I will in not is
324 1564 1615 1790 wel er gern hören.
598 1723 1717 1990 Ich nicht daneb ihr
426 1926 2320 2165 See the evenlos.. Re Blict of moy.
582 2133 2874 2368 have to him for her than we sent him.
563 2266 1561 2492 hiebe tranpostirt
461 2438 1977 2677 bei Hwill if armeetes.
3335 343 3713 594 Schlag
5423 420 5963 668 Mare in
3408 464 5191 788 Es will as soon – we think and is not.
5439 633 5610 747 n
3293 737 5153 925 See Minpt - a we can schone ron in
3300 846 5124 1106 E. Auf in eer Frau zweien sey
3309 1020 5102 1275 viellet die nicht. mit mir fort!
3300 1163 5207 1364 H. Rier! So jüngere Aufstanden
5340 1179 5518 1434 e
3335 1313 4364 1542 Reim Unvorschlagte
3443 1472 4829 1691 Mr un jette tolet
3335 1605 5153 1844 E.  Un un ci unſt mar- wer
3354 1720 5560 2060 nicht zurückkommen – wie er möglichte?
3401 1984 3989 2158 Kolmite.
3354 2063 4418 2308 Sic. M. milit dud. -
3424 2139 5550 2483 En bien E. JHertis-ment - Spielgens
3376 2403 5665 2686 Ich alles sie dass' —  Ich habe  wie Breitbelerst
3344 2607 4714 2889 Ste- Mr- Mc Gâtert de?
3424 2823 5626 3033 Es lerich werficht – doch in der nicht trei¬
3503 2886 5620 3156 ʼilfie i Vuhiltee mit d E. C. leperwich
3532 3071 5423 3284 I fl habe gepitter -  not in
3503 3258 4253 3474 fitt in hand.
3462 3446 4403 3643 Mollin Monsieur
3633 3547 5207 3827 Den Schweiz Paritze – wo befragte
3865 3745 5159 3951 of till to your district
5337 3640 5677 3948 John
