6024 4104
3359 487 5534 724 bin es plötzlich selbst, der die Regatta gewann,
3353 668 5511 882 fahre mit Agathe auf dem See herum. Er ist mit
3359 868 5437 1046 uns im Kahn. Plötzlich fangen wir an im Kahn
3359 973 5707 1202 zu raufen,Agathe lacht dazu, ich finde es ungeheuer
3371 1164 5728 1357 lich, möchte eigentlich sagen: Ist es der Mühe wert,
3365 1299 5599 1483 dass wir uns wegen einer solchen Frau umbringen?
3353 1457 5593 1624 Er stürzt mich ins Wasser,ich tauche in die Flut
3333 1568 3720 1791 hinein.
