6120 4056
501 352 2101 650 as a he is begolest, je me le
459 507 2226 853 Wollte seit er nur ich es schweren
465 695 2199 1029 in Thocke etc bif. of the & lieu
486 880 2020 1110 grentchent et cinfr..
448 1098 2283 1384 wie wenn mit schlägt - und bestellen
501 1188 1972 1450 in d.len Falle wt
436 1352 2044 1677 met fort bel; - d. w. s. f.M.
483 1543 2133 1731 weswert und wie
531 1686 2071 1913 Ehe. Ich ist alles zu neu und nur
418 1841 1757 2080 können Recht haben hier
1584 1868 2157 2071 Eu weil
501 2017 2217 2265 hall sit sey. - Jepte est dat
516 2145 2232 2414 Kelland, Turisache ny Tod
549 2324 2312 2536 in ist Lyz. M toutd alhier a P....
543 2527 2157 2730 -  T-in  4 Iibenrant quitt.
507 2662 2169 2891 bruderd Kolle; etc alle noch
546 2811 2095 3031 Gierl selbst de Fehnbuch
543 2978 2187 3199 de Rolle de de Pristung fortstid
525 3124 2008 3321 d Schomant quelt i will
561 3294 1480 3488 betwend soll
639 3419 2187 3694 a.k. vorkönnen. Taf
630 3569 2468 3825 de Schwart zur Heipboll zur
4971 283 5132 468 r
3282 328 5678 692 Ihmech nicht erlaßen sei.
3864 594 5481 922 soll t tebens jetzt
3172 630 3891 928 Maussi
3294 841 4962 1092 from Mrs. - a rest of
5034 904 5735 1232 Chifferte
3249 1006 5120 1358 Mr. Sp. ich H.C. ins¬
3458 1292 5084 1522 es greif da u d' tost -
3509 1435 5051 1695 das ich sollten —
