5888 4152
2813 329 3237 500 12.4.1930
3189 595 4172 791 Besitz zu schweigen.
3174 740 5384 945 So ist es auch ziemlich gleichgültig, wie und wo
3177 939 5389 1131 ich anfange. Ich erzähle die Geschichte,wie sie
4469 1090 4682 1182 und
3166 1093 5499 1288 mir eben in den Sinn kommt, beginne bei dem, was mir
4294 1232 4460 1324 at
3177 1232 5389 1439 eben zuerst einfällt, also einfach bei dem Augen
3811 1368 4463 1490 in Gesellschaft der
4919 1410 5206 1522 in full
3169 1359 5327 1643 blick, in dem ich mit Doktor Mülling in den Zug
3160 1564 5404 1762 stieg, nein, noch etwas früher, bei dem Augenblick,
3148 1744 4904 1922 da wir uns die Blücke nach Wien nach
5158 1729 5458 1916 weit
3148 1889 5487 2067 trieben wir nämlich die Vorsicht: Am Schalter nah-
3488 1984 3660 2088 dte
3124 2052 5493 2325 men wir Billets bis nach Wies Namlich, um keinerlei
3195 2248 5398 2461 Misstrauen zu erregen, besonders bei der jungen
4617 2372 5123 2482 verliessen
3219 2399 5493 2668 Gattin Herrn Eduard Loibergers (wir schon
3201 2523 5289 2733 Montag Vormittag den Villenort am See, ja, wir
3204 2692 5585 2946 trieben die Vorsicht sogar so weit am Schalter Bil
3198 2872 5499 3095 lets bis Wien zu nehmen, stiegen aber natürlich in
3186 2994 5478 3269 dem Bahnhofe des Städtchens aus, wo am nächsten
3180 3174 4845 3364 Morgen das Quell statt finden sollte.
4534 3284 5612 3435 langjähriger gleichallen
3565 3352 5496 3536 Doktor Mülling war ein alter Freund Loi-
3177 3447 5351 3645 bergers und stand im gleichen Alter mit ihm.
3180 3622 5517 3873 fünfundstässig etwa. Was mich anbelangt verdankte
