6104 4136
3280 404 5724 684 Rolle, meine Mission so grotesk,so unmöglich,so uner-
4346 635 5083 746 ment veint
3289 684 5770 894 träglich vor, dass ich ernstlich daran dachte umzukeh-
3289 795 5669 999 ren, ja, einfach davon zu laufen, Mülling aufzusuchen,
5336 943 5536 1045 or all
3311 965 5715 1202 um ihm zu erklären, dass er unbedingt mit mir zu Aga-
3320 1168 3844 1301 the misste.
4214 1097 5129 1344 but. I aul of the
3610 1224 5740 1480 Da stand auf der Veranda (dascheinungshaft) aus
3320 1409 5585 1655 dem Dunkel (hervortretend) der Diener, der wohl von
3311 1566 5678 1751 drin meine Schritte gehört hatte, x grüsste. Es war
3320 1748 5632 1936 ein junger blonder Mensch in dunklen Beinkleidern,
3378 1871 5585 2112 einer blauweissgestreiften Leinenjacke ging ein
3338 2016 5764 2210 paar Stufen hinab, ich ihm entgegen und er sagte: "Die
3326 2170 5801 2389 Herrschaften sind nicht zuhause. Der gnädige Herr ist
3332 2358 5761 2540 schon gestern fortgefahren, die gnädige Frau ist noch
3659 2484 4784 2589 Das ich nicht hiemandt, mich zu mir
3332 2525 5727 2679 am See. Aber wenn Herr von Eieler vielleicht warten
3326 2639 5684 2888 wollen, die gnädige Frau muss jeden Moment da sein.'
3773 2814 4642 3027 „Ich werde warten.“
3767 2935 5592 3178 Der Diener schien etwas verwundert, ich
4615 3082 5040 3197 verstintende
3332 3092 5783 3304 spürte die Starrheit, den unangebrachten Ernst meiner
3326 3249 5743 3462 Züge, künstelte (eine gewisse) Leichtigkeit vor
3354 3437 5607 3662 und mit jener dummen Befangenheit (die man gerade
3326 3591 5786 3828 solchen untergeordneten Menschen gegenüber nicht los
