6008 4152
3920 414 4229 588 and
3618 500 5598 726 Sie streichelte meinen Arm und bewegte ihn
3403 626 5763 890 hin und herfals hoffte sie mich damit aus einer M
4443 788 4787 896 – we had
3388 799 5475 1026 Verstörung zu erwecken. Und sie versuchte es
3409 1011 5637 1164 nun mit einem scherzhaften Ton.“ Ich wusste schon
3412 1158 5498 1355 immer, warum ich dich Kind nenne. Soll ich nun
3397 1308 5725 1425 verständig sein für uns Beide. Es ist gar nicht so
3394 1452 5716 1622 leicht. Aber sieh, wir müssen,wir mussen verständig
3400 1587 3679 1749 sein."
4094 1681 4388 1816 miner
3726 1707 5628 1934 "Warum wissen wir?" fragte ich hartnäckig.
3388 1898 5678 2054 Und je mehr ich ihr Befremden, ihre Angst wachsen
3388 2025 5710 2216 spürte, umso stärker wurde mein Drang (es weiter
3388 2195 5522 2401 zu treiben, mit ihr zu spielen, das Gespräch auf
3394 2322 5119 2566 irgend eine andere Ebene zu bringen).
3767 2486 5654 2707 „Wir müssen“, sagte sie und allzu ungedul-
3380 2648 5569 2821 dig war sie gleich mit dem stärksten,dem unwi-
3403 2824 5637 2992 dersprechlichsten Argument zur Stelle wir müssen
3394 2980 5466 3197 vernünftig sein, weil - er dich töten würde." -
3791 3121 5398 3318 Ich lächelte obwohl der Augenblick
3365 3230 5610 3456 wahrhaftig nicht zur Heiterkeit gemacht war. Aber
3385 3435 5666 3635 ihre Entgegnung, ihre Drohung hatte etwas schauer
3377 3576 5642 3779 lich komisches. Man hätte allerlei erwiedern kön¬
3356 3723 5493 3909 nen. Mit einer wahrhaft teuflischen Geschmack-
