6200 4216
3515 253 3715 407 Mr
2830 278 3016 475 to
3233 264 5803 635 Miles gal Cibea blattes musste in jedemt
143 371 3005 667 wei nicht genan, die jedronstheill,
1242 564 1474 735 ge
3212 550 5699 832 da.. Namen, Ter Rehnwil und
171 560 2880 889 we put de harpust at
3194 807 5771 1096 viele bilepation; ob Ägett mit si
164 792 2776 1103 L'unterie duf de harpust nebst —
3233 1014 5639 1267 that I have not, of in in
225 1035 2951 1356 in welche gestalt; nur huen dies
3212 1245 5510 1560 cberte bienticht dem ohnen
200 1267 2948 1595 welche insagler unserben Leichts-wels
3233 1445 5467 1745 du Rois bielt – in lieue em-
182 1499 2987 1831 Umwiligkeit obte gleichen, in Regen¬
2573 1706 2834 1884 Sev
3273 1652 5710 1988 kogel trist mecht en erseh,
214 1727 2944 2120 Uhr zu überall bei zu zugleichen so wir
3836 1881 5082 2002 (wie dann auf de T, - Tustend.
3258 1931 5742 2230 im geschrieben war. Ich konnte ich dürfte
253 2034 3012 2330 -   in   ƒ
3258 2148 5849 2405 nicht länger gegen. Mrs. Iswartel nun mich
232 2305 2969 2623 telle- und ondes Meucifelbst ainsi
3301 2345 5717 2684 oif das ist Ermachte; -abe durch ich
1881 2487 2687 2734 Ortichwof
196 2594 2951 2876 mehr, ich seite nebst Z M, und,
3294 2573 5878 2926 drei  erwarten – Ich fehlt immer denke
178 2798 2991 3151 lassen er a sprecht nicht zum stand
3283 2855 5710 3076 Je vous même enfin – je nouvelle,
339 3016 2805 3312 in few or if, if I think has etc and
3258 3030 5849 3287 wahr; wie er immerupürtl nicht auf:
211 3240 2741 3551 zurückt xyz, über die xxx
3248 3240 5646 3576 in zu leiert kommt der im Ton¬
332 3401 2855 3744 Schlimmen lang and F. Sissen
3237 3487 4211 3786 prope in Mr.
4311 3469 5813 3765 -- Und-nebstung
239 3629 2837 3954 tingerheilt; - und wie solle wem
