6056 4216
3911 316 5187 536 Wyer for up, & I will pay was...
4720 410 5330 605 nicht verstreck.
3549 566 5599 756 Kind!" Ich hatte all das zu verstehen nicht
3562 715 5706 871 gewagt. Es war das erste Mal, dass eine schöne,
3562 808 5583 1014 junge Frau (eine Frau, die ich (für glücklich
3573 970 5541 1174 verheiratet für eine liebende und geliebte
3568 1132 5594 1303 Gattin hielt, mir das Geschenk ihres Herzens
3568 1275 5635 1487 bot - wie hätte ich das erwarten dürfen? Nun
3573 1432 5544 1655 wusste ich's, dass sie mich liebte.) Sie war
3568 1597 5673 1781 froh, dass ich gekommen, sie war überzeugt, daß
4912 1737 5462 1855 a in vuln
3579 1767 5665 1924 ich nur gekommen war, weil ich sie liebte.- Sie
5071 1891 5511 1993 sorulich.
3579 1902 5676 2139 hielt mich für so ungeduldig, so verwegen, dass
3590 2062 5594 2251 ich mit voller Ueberlegung die Abwesenheit
3598 2213 5643 2378 ihres Gatten nutzte,um ungestört bei ihr zu
3598 2380 3851 2554 sein.
4874 2471 5525 2614 durch den Reine
3950 2515 5599 2735 Noch klang mir ihr Wort weiter: Ich
4162 2672 4368 2784 dat
3598 2691 5594 2848 bin so froh.... und meines: Und ich... aber
3590 2823 5550 3007 durfte ich jetzt auch nur einen Augenblick
3584 2969 5550 3153 zögern ihr zu sagen, warum ich gekommen war?
3997 3134 5602 3370 Ich durfte nicht, aber ich zögerte.
4808 3285 4961 3389 from
3604 3293 5808 3485 Nein ich zögerte nicht, ich konnte einfach nicht
3615 3444 4043 3626 sprechen.
3991 3568 5858 3780 In meinem Rücken die Stimme des Dieners
