6072 4136
4859 281 5106 490 the
2957 309 3382 513 26.1.1928.
4428 323 4751 576 1o1
5174 349 5358 595 32
3668 462 4063 644 Ich hörte
3504 570 5489 757 Frauenstimmen, Schritt über den Kies, alles
3510 731 5619 893 immer näher, ein kurzes Lachen, Schritte die
3515 828 5548 1023 Stufen hinauf,die ich unwillkürlich zählte,
3501 981 5627 1191 Innehalten der Schritte auf der Veranda, ich
3496 1094 5693 1324 merkte (erst jetzt), dass ich mich ganz törichter¬
3518 1296 5565 1460 weise in eine Ecke des Salons zurückgezogen,
3513 1446 5548 1633 ja gedrückt hatte. Aber ehe noch die beiden
3524 1610 5713 1780 Frauen,Agathe und Aline, eintraten. kam ich wie-
3524 1752 5494 1959 der hervor und als sie in der offenen Türe
3527 1891 5642 2101 sichtbar wurden, stand ich neben dem Piano und
4598 1996 4950 2112 ohne Sin
3513 2081 5653 2274 meine Finger spielten sinnlos mit den Fransen
3535 2217 4071 2424 des Shawls.
4179 2211 4621 2396 M.M.D.
4176 2362 4349 2418 was
3873 2345 5693 2552 "Das Kind!" rief Agathe und eilte fröh-
3558 2509 5744 2702 lich auf mich zu, reichte mir die Hand ohne das
5372 2608 5826 2719 Monsieur
3547 2693 5781 2866 Geringste zu ahnen oder zu merken. Wie hätte sie
4306 2758 4698 2875 du vif en
3532 2826 5520 3022 das sollen? Ich beugte mich über ihre
3547 2997 5758 3181 Hand und küsste sie. Wie auf ein unerlässliches
5026 3056 5834 3192 nach der Ursache weinig
3547 3118 5826 3334 Stichwort wartete ich auf eine Frage, als hätte xxx
3552 3252 5625 3467 mir das meine Botschaft leichter gemacht. (Was
3586 3445 5599 3654 bringen Sie mir? oder dergleichen./Aber sie
