6162 4072
1109 232 1291 400 me
84 302 2688 582 untkon - gene herge p eine Cast.
165 530 2765 768 all Rlleikke gern R.M.
123 695 2898 1056 keit, de nillent en mouet
88 951 2842 1260 at Erlekurge Suotism - over once up
249 1133 1796 1375 and in gleich Eigend kurze,
102 1235 2930 1544 so wohl halte seine betracht. Auch
116 1516 2723 1754 T. Agathe wurdigirete, bal -
151 1635 2891 1895 in cin Riede -, at alle gegenbeynst -
172 1846 2891 2228 nof ei paa Aigenblick in f ungeliebte
179 2046 2719 2316 Mille bis jetz, et en ist in der
175 2211 2740 2628 wylubal nefugt enststete mupt
161 2488 2723 2849 die Herr zugühren - die ist sich so sich
144 2719 2582 3018 du M même by vous-mais au
98 2902 2274 3253 me for ewer Anerbaut.
207 3189 2474 3460 Ewrenwerf ich täf des de
235 3382 2530 3719 Aigubtich (de Mweyfia) -
249 3639 2544 3923 is dem sich wenn mein Stipel
3154 277 5716 537 plôtent née sur le vielmeh, in
4512 470 4800 646 ntl
3130 526 5807 849 auf einigene Bezug
3218 740 5733 1074 -   V. de infanterie & de Cemilie -
3137 982 5702 1291 nichts jetzt – dat ich sein würden
3133 1211 5751 1502 et seul-osnittl inleitet het
3203 1421 5547 1747 Just bei uns jetzt:
3158 1670 5614 2028 Ja de verbst seit talle trilen
3154 1856 5719 2221 Auf ein solch Sich – aber nä¬
3133 2144 5744 2526 wir if fitt, I inâzgebene my
3182 2375 4933 2730 und verstorben.
3189 2579 5723 2954 Mit welche Geschwerigkeit ganz die
3182 2835 5702 3161 alles that ever seile - es dover
3161 3035 5730 3347 nicht lassen als sie alsviel Raadt
3175 3295 5614 3621 nig und uf sagten. Ich bereit
3147 3495 5330 3782 in the built - I what is it -
