6056 4136
4964 289 5244 414 Butte
4359 383 5361 594 de Schmiern 32
3576 389 4145 608 Bekannt
3493 555 5622 738 eine Freundin oder auch ihren Gatten grüsste,
3501 686 5544 897 den sie doch jedesfalls im Laufe des Tages
3501 838 5602 1022 schon gesehen haben musste.) Nicht anders aber
4120 983 4481 1074 sichte in
3481 986 5633 1197 grüsste sie (gewissermassen) Blumen auf Spazier-
3493 1135 5566 1358 wegen, ehe sie sie pflückte, eine Almhütte,ehe
3487 1319 5514 1480 sie eintrat, es war ihr eingeboren, also mehr
3493 1471 5669 1635 als eine Gewohnheit, mit allen, Menschen und Din-
3506 1613 5644 1805 gen, (zu denen sie in eine noch so gleichgültige
3506 1749 5478 1971 flüchtige Beziehung trat
4306 1918 4486 2016 out
3501 1924 5686 2085 sich in ein persönliches Verhältnis zu setzen.
3709 2049 4714 2160 et ici « verlangte n'a été utile
3476 2063 5536 2310 Dabei hatte das nicht von Allerweltsfreund-
3501 2249 5597 2407 lichkeits an sich gar nichts Konventionelles,
3493 2407 5591 2596 Wärme strömte von ihr aus, mehr als das, Innig¬
3493 2540 5602 2762 keit (vielleicht auch etwas anderes.) (eine wun-
5350 2687 5547 2804 the
3493 2682 5450 2929 derbare Heiterkeit.
3870 2840 5478 3007 All dies wusste ich in diesem
3493 3007 5478 3184 Augenblick während ich sie erwartete, hatte
3523 3157 5650 3373 es immer gewusst, ohne dass ich mir irgend wel-
3523 3320 5755 3479 che Gedanken darüber gemacht hätte. (Ja, jetzt erst
3506 3448 5525 3679 trat ihr Wesen in seiner Eigenart in meinen
527 3595 1008 3826 21.1.1929.
3506 3615 3862 3870 Sinn.
