5936 4120
3364 585 5420 772 ich die Ehre zum andern Zeugen ausersehen zu
3559 749 4147 853 dem Meisten
3352 813 5397 982 sein, dass ich meine Ferien in der gleichen
3990 926 4191 1002 an
3352 952 5607 1089 Sommerfrische zubrachte und in der Villa Loiber-
3364 1115 5551 1293 ger ziemlich oft zu Gaste war. Sonderlich sym-
5309 1226 5476 1325 am
3376 1287 5473 1415 pathisch war er mir nicht, aber es war ein gest
5333 1372 5624 1512 Goulles
3370 1471 5537 1608 liges Haus, vunderschön gelegen, as kamen rrecht
4258 1549 4989 1663 gelegen können.
3370 1619 5615 1797 viele angenehme Menschen hin,es wurde auch mu-
3891 1710 4177 1812 you have to inform you the best
3376 1768 5711 1896 siziert, auch gemeinsame Ausflüge und Ruderpartien
3064 1849 4191 1978 würde entgenommen, und
3364 1884 5653 2082 gab es : Ich war dreiundzwanzig Jahren Loibergers
4870 2007 5190 2100 damad
3370 2062 5630 2260 Frau hiess Agathe,viel mehr wusste ich nicht von
3376 2202 5653 2374 ihr. Als Ursache des Duells war mir ein Wortwech-
3370 2388 5522 2557 sel angegeben worden zwischen Eduard Loiberger
3381 2525 5534 2668 und seinem Gegner, dem Uhlanenrittmeister Urpa-
5068 2642 5575 2764 S1 Ficx
3370 2726 5586 2851 dinzky. Den kannte ich kaum. Sonntags war er da
3780 2805 5149 2921 benichswene aus dem Lamsw.
3387 2834 5729 3026 gewesen, offenbar nur zum Zwecke jenes Wortwechsels
3387 2977 4529 3090 de at Numan ne'en com
3376 3041 5630 3221 aus seiner Garnison herübergekommen, aber im Jahr
3384 3163 5714 3314 vorher, so hörte ich, hatte er den Sommer
3466 3274 4284 3370 mit eine S. r. d.
3370 3329 4977 3492 xxx im gleichen Ort verbracht.
3696 3425 5633 3652 Die Erledigung der Angelegenheit war den
3373 3635 5700 3810 beiden Herren offenbar sehr eilig; die Besprechungen
