6008 4168
2910 265 3355 475 23.2.1928.
5286 291 5575 536 51 53
2997 434 3291 617 sere
3376 533 5478 716 In diesem Augenblick hörten Schritte über
2021 489 2214 754 leel
3370 690 5566 839 den Gartenkies. Wer immer es sein sollte, es war
3370 821 5566 1028 unmöglich in den wenigen Sekunden,die mir blie-
3364 996 5569 1194 ben, ihr zu sagen was geschehen war und überdies
3352 1124 5688 1343 mich zu rechtfertigen, dass ich bisher geschwiegen,
3370 1293 5516 1491 Unmöglicher noch einfach an sich herankommen
3376 1459 5711 1657 lassen, was auf dem Wege war, ohne sie im geringsten
4377 1558 4957 1669 Ein Morten -
3361 1590 5522 1829 vorzubereiten. Und was sich mir auf die Lippen
3370 1785 5633 1954 drängte war nur das eine Wort: „Erschrick nicht!“
3358 1922 5612 2059 Zuerst sah sie mich mit einem unsicheren Lächeln
3399 2047 5516 2260 an, als wollte sie mir zu verstehen geben, dass
3364 2237 5627 2397 es ihr gewiss niemand (enschehen) würde, was in die¬
4363 2321 4657 2438 geschehe
3364 2365 5580 2540 sen letzten Stunden vorgegangen war, aber gleich
3370 2505 5647 2723 las sie in dem verzweifelten Ernst meines Blicks,
3352 2688 5563 2848 dass meine Mahnung etwas anderes bedeutet haben
4308 2787 4779 2886 Rinn selbstliche
3358 2813 5528 2988 musste als nur die törichte Besorgnis, dass sie
3367 2971 5647 3163 sich verraten könnte/ Sie hatte eben noch Zeit zu
3381 3140 5615 3306 fragen; "Was ist geschehen?" Ich aber nicht mehr
3547 3239 4057 3349 die Möglichkeit
3370 3291 5642 3440 die Kraft darauf zu antworten; die Schritte hiel-
3364 3425 5665 3609 ten nicht im Salon inne, sondern nach einem kurzen
