6286 4136
244 317 2803 614 sinte deen Umländer; - uw jetzt mit
220 526 3012 861 Hooft nur  a Sarg je klopfen.  Et le
254 715 2991 1046 Une de Bru�tfait ce Schmidi
230 959 2761 1248 Som. pflicka. Das dass Ogel
234 1143 2988 1454 rellt, Hove ses, paerfeld af nicht – die kath.
188 1370 2995 1659 durch den noch; — Willembs ich nenntn, alle
206 1576 2932 1862 ber Erben; - Erk- u ja auf in Folgenden
230 1754 2792 2106 nen. Er wahrholt das Sächte ich zwar
202 2001 2817 2329 u mich g bewapr kann. Ich in in
244 2242 2744 2576 1. Les tuteurs en bleur faussi.
248 2489 2831 2831 Mr. Cg; -) - and plough korn
244 2789 2890 3113 we receive Roll with him -
945 2918 2224 3197 so in the first - soperty
220 3030 2852 3336 a potest in - of
300 3242 1053 3451 to the
254 3221 2681 3626 erwärz - zu vergüthe, - z - auf
251 3465 2866 3859 Toz, bis –  und Milling aufzunehmen – wie
3270 328 6024 641 me je z'achlai. if en unberthigt ant wel
3295 558 4616 826 si legatte müsste.
3350 746 5930 1028 Hustie and Kind, and Drubel
3364 1001 5958 1290 unterghatt beworztigt - der Diener
4229 1168 4724 1339 er die
3288 1227 5850 1517 de (du) wohl er Theill gehort hatt...
3308 1475 5853 1733 in prift., nicht, - es eu en peinlil von
3288 1663 5895 1980 heulif in  a    in Nuh Meul
3688 1935 3898 2057 be
3333 1914 5968 2280 eines jedriften hiningen, und, ga
3354 2123 5832 2496 Meil - d Huf hinntgen, ich zum ihn ich
3389 2385 5826 2705 - im er segte: In Herrschaft nach
3343 2670 5822 2981 & House    Heer Serenyne the ist
3354 2928 5690 3228 st seel sorgese. hunne paa
3329 3183 5752 3546 d ja Fr ist auf i B
3437 3417 5519 3709 wahr theulat
3413 3622 5669 3967 ul bev  - - - Aber w Haar¬ Lepl
