6056 4120
5127 338 5300 570 37
3496 477 5644 780 gewesen, aber über meine Lippen kam nichts. Aga-
3501 735 5593 911 the stand vor mir, das gelbe Kleid durchleuch-
3513 877 5474 1078 tete die tiefen Schatten des Raums, sie lä-
3504 1039 5510 1220 chelte nicht.ja, niemals noch hatte ich ihr
3507 1192 5425 1351 Gesicht so ernst gesehen. Sie wollte jede
3513 1325 5618 1555 falsche Deutung ausschliessen. Nun, da sie mit
4205 1470 5099 1603 and an - ich fehlt es den
3510 1490 5604 1694 mir allein war, sollte alles Frivole, alles Ge-
3513 1626 5618 1870 sellschaftliche ausgeschaltet sein, ich sollte
3501 1813 5630 1986 nicht denken, dass sie mit mir kokettierte, mit
3513 1978 5712 2154 mir spielte. Ihr Blick sank tief in den meinen
3530 2117 5556 2310 "Ich bin sehr froh, dass Sie da sind." - Und.
3530 2273 5457 2471 ich dies war meine Erwiederung; Hätte ich
3524 2406 5621 2588 anders erwiedern können. Die blassen unver-
3530 2574 5666 2769 standenen Erlebnisse der letzten Tage leuchte-
3536 2698 5641 2874 ten in meiner Seele plötzlich auf: wie sie z,
3541 2860 5519 3062 sich in meinen Arm hängte und den Waldpfad
3536 3011 5783 3223 mit mir hinuntergelaufen war, wie sie mir mit den
3536 3175 5817 3394 schmalen Fingern in die H aare fuhr, wie sie mich
3530 3357 5740 3504 grüsste, (mit dem Grusswort, das nun in ungeahnter
3536 3510 5808 3743 Zärtlichkeit mir nachklang, mit dem Grusswort; „Das
