6072 4136
5130 368 5450 565 33
3374 509 5394 741 wandte sich gleich zu Aline und meinte."Nun
3374 712 5588 868 bleibt Ihr gleich beide zum Essen da." Und wie-
4941 821 5412 924 nommés. Beis
3374 829 5621 1041 der zu mir:“Eduard ist nämlich auf einer Tour,
3362 1021 5550 1174 Dolomiten.-wer’s glaubt!" und sie lachte hell.
3018 1076 3221 1385 (18)
3635 1200 5650 1359 Indess hatte ich auch Alinen zum Gruss die
3368 1327 5453 1527 Hand geküsst und als ich meinen Blick wieder
4656 1427 5624 1529 verle même
3362 1515 5506 1659 erhob, sah ich den ihren wie zur Betonung eines
3350 1629 5509 1809 Einverständnisses heiter in mein Auge sprühen.
3374 1827 5559 1944 Da standen sie nun Beide, in all ihrer Gegen-
3385 1912 5471 2150 sätzlichkeit fast schwesterlich anzusehen, die
3374 2082 5653 2274 dunkle Aline ganz in lautes Rot, die blinde Agathe
3368 2206 5585 2403 in sanftes Gelb sommerlich gekleidet, beide noch
3374 2418 5609 2559 auf den Frisuren die breitkrempigen Florentiner-
3379 2527 5459 2768 hüte, wie man sie damals trug. Es war wie ein
3368 2688 5632 2882 Bild und beinahe wie eines, das für mich gestellt
3385 2835 5621 3027 war. Keine aber wunderte sich im geringsten, dass
3374 2991 5532 3203 ich überhaupt da war. Warum sollten sie auch?
5309 3121 5709 3238 ^ in part
3379 3162 5671 3374 Ich war ja in diesen vierzehn Tagen (etwa zweimal
3379 3356 5738 3509 um diese Zeit in der Villa Leubergeer erschienen
3379 3438 5632 3665 einmal um eine unerhebliche Aenderung des morgi¬
