6216 4136
3434 135 3804 301 aben:
3213 200 5956 560 Sie hat der Tefel sauf;
5777 263 5946 408 72
3217 380 5829 632 nebet auf weiß zu - unter wen kopf ei beide Stände
3192 594 5860 898 im Kiste auf auf die Tippen. Diesen glaub¬
4954 618 5428 739 chef et au
4702 770 5431 909 keuenier en
3165 750 5946 1054 in ferent ad tes is in kea pchur. N1/5 -
3151 891 5255 1189 -c we gleichou (jeun aussi
5417 985 5739 1199 ce m
4771 1130 5321 1258 du Milch
3182 1119 5753 1406 Hertson in ferüber Oct - wit den ihm in
3189 1299 5317 1520 in we - I haar des Drewstrales
3186 1455 5963 1873 Das Sie die Rente nicht auf andere
3237 1658 5504 1928 I Flassead waren vif ihre Cunnen las
3396 1859 5787 2146 Wefra wisum überliegen xxx - mit
3648 1990 4270 2156 intragte tb
3224 2063 5670 2311 zurückwürdigten Gesteroffker, wie sie
3610 2159 4132 2325 in the
3217 2239 5642 2577 dem Traum eiger ist, das nicht in Schlaf
4695 2242 5545 2405 ich congut - „
3203 2377 5690 2774 vieles besondl flogen keinen kosten
3206 2647 5673 2923 pertes dans une sine, - rumeftig¬
3192 2754 5701 3172 and cheulunlich, nicht weigen Mahl¬
3234 3051 5652 3365 stellt. (vide gest in bring to ge at
3237 3220 5663 3590 Bis ist jetzt muß auf N ist hatte.
3224 3424 5704 3790 wenn ich ihn geht neben. Er ist tost — eine
3234 3638 5542 3939 mea in uptem Aifathen in Klossen
