5992 4120
3570 549 5562 831 zwischen einem Kameraden und einem Attaché
3548 731 5693 996 der französischen Gesandtschaft,in dem (dieser
3528 930 5659 1155 letztere schwer verwundet wurde,und auch wei-
4034 1050 4410 1169 trotzdem
3539 1073 5579 1326 terhin, xxxx
3533 1218 5596 1477 ich weder Adeliger noch Berufsoffizier,
3528 1357 5135 1488 und sogar jedochter Abgleich eine
3533 1428 5636 1613 war,wandte man sich, ganz besonders in schwie-
3511 1545 5693 1809 rigen Fällen, vor allem an mich, wenn man einen
3508 1730 5625 1966 Sekundanten bedurfte. Ich will gar nicht
4438 1881 4851 2020 in werle
3468 1883 5585 2102 leugnen, dass ich es anfange ein wenig bedau-
3411 1980 4982 2165 diese Tage nurat Epicht mitzieren,
3482 2043 5576 2265 erte immer nur Episodist zu sein. Recht gern
3491 2236 5622 2506 wäre ich einmal selbst einem gefährlichen Geg-
3468 2353 5590 2649 ner gegenübergestanden und weiss nicht einmal
4370 2518 4669 2629 de Vous en
3471 2529 5559 2797 was ich im Grund vorgezogen hätte: zu siegen
3454 2689 5704 2925 oder zu fallen. Aber es kam niemals dazu, obzwar
3440 2802 5562 3064 es wahrlich nicht an Gelegenheiten fehlte und
3451 2976 5545 3260 wie Sie sich wohl denken können,an meiner
3440 3166 5593 3380 Bereitwilligkeit niemals der geringste Zweifel
3417 3286 5659 3522 bestand. Vielleicht war übrigens gerade das ein
3681 3388 4091 3505 souper.
3417 3460 5536 3681 Grund. Aber Sekundant war ich tatsächlich mit
4891 3477 5081 3562 such
3394 3599 5684 3898 Leib und Seele. Das Gefühl das Bewusstsein gewis-
