6040 4120
5358 295 5514 549 43
3474 431 4228 673 lich daliegen.
3480 616 5679 850 Ich höre Schritte. Ich weiss, dass man die Bahre
3462 795 5537 968 mit dem Leichnam bringt. Ich fliehe, kann der
3462 942 5531 1150 Bahre nicht ausweichen, die mir immer den Weg
3468 1121 5451 1272 verstellt. Der Garten ist ungefähr wie ein
3468 1246 5609 1465 Spielzeuggarten meiner Kindheit, in dem ich wie
3465 1402 4289 1616 ein Riese stehe.
3451 1555 5549 1760 Plötzlich ist er selbst da, nimmt mich bei der
3439 1708 5465 1855 Hand, klammernd, ich weiss, dass er tot ist, er
3445 1818 4338 2035 führt mich hinein.
3436 1985 5479 2194 Sie ist aber nicht da. Ich sitze mit ihm an
3436 2133 5540 2370 dem Tisch. Der Diener serviert. Plötzlich bin
3433 2303 5546 2477 nicht ich da, sondern sie und sitzt mit Eduard
3439 2456 5555 2650 am Tisch, wie ich früher mit ihm gesessen bin.
3422 2633 5569 2815 Er sagt: „Also, du frühstückst mit dem Herrn, der
3430 2766 4453 2939 mich erschossen hat."
3402 2907 5601 3121 (Ich weiss ohne jede Verwunderung, dass ich sein
3419 3063 4245 3277 Quellgegener war.
3407 3214 5563 3468 Nun wird die Bahre wieder durch den Garten ge-
3430 3355 4506 3560 tragen mit Trauermusik.
3430 3540 5751 3760 Applaus erklingt. Er hat die Regatta gewonnen. Ich
