6216 4088
263 186 843 506 for me.
899 260 2852 569 fif flust y in Of Mr F.M.
3189 288 6017 569 Beschwer.. Ta xxx wieder der gegenste Tromin.
3217 506 5950 818 conutet un beide.- xxx xxx.
214 492 2715 773 Erben ist lodt... Eeher ist kost...ich
123 727 2673 966 haut nicht zu sehr, dagehört dir hört nichts).
3221 713 5866 1026 at a Chea di mener - n'est nulf fe
133 871 2547 1184 schriften er ist
3193 913 5855 1201 doch ich ausgeführt – wie wir nicht auf
130 1103 2522 1384 C'est u Laolipfelle sa cive avec
3203 1145 5912 1451 - ive until I am
95 1307 2785 1637 debart wede ebenen je fünfte cinfelen.
3186 1384 5785 1746 d'Hos, flad  yee
95 1581 2712 1858 geberein; ni offert de bien ung obligé
3221 1581 5859 1992 May we veuluf - his
102 1805 2719 2079 an die tode... abtretetest auf...
3239 1869 5813 2150 & J Miamhery - wil imncken
2178 1978 2705 2146 in Calcke
629 2009 920 2167 blo.
3962 2069 4868 2230 was not in
98 2041 2789 2308 ne alberel nicht auf – sie dann auf ei¬
3256 2076 5834 2371 mit heft Frieder de Hien. Lee – von
137 2252 2494 2473 and that in the said
4046 2367 4211 2452 in
3284 2329 5775 2620 were it with me what
119 2455 2529 2726 auf auf - zerst deßen, nicht
3256 2490 5876 2799 can in the tenembrs of - me and
105 2627 2754 2873 peant jayd den - in de fuil schreit
5374 2722 5645 2870 me
3281 2715 5638 3080 of we were and I canflad
137 2845 2525 3119 Nun Erha ist fort - d drei liegt
3246 2961 5834 3277 - if which if a of the
119 3052 2522 3344 in Corke (de lit of de -
3263 3196 5711 3541 yz wose begegen un
140 3249 2568 3569 imgehaupt -) - ich kein auch xxx
3270 3474 5557 3786 - die kommt ist auf freut
207 3481 2655 3744 Sie wegeben St. Ch – dann kann: ich
3291 3702 5631 3923 1.8.m2.:- si 1m anderen
158 3706 2782 3923 all of all of them. A byeblant dt
