6216 4088
102 144 301 259 1.4
3417 112 3649 347 51
5853 207 6036 438 48
308 343 2685 687 gelan bal  sinte glait inie pruc
3126 249 5927 719 Ytout oui Ret. Frau une "comporte" - so but
4413 575 4868 733 i nicht
280 526 2723 929 - halte in feet -  get - he
3154 680 5976 1023 of yeresse- so vollig kan uf indrifte
245 803 2702 1097 the Encesse – at
3186 887 5850 1206 a d Ouflocke - un t Cgelfe ét lief, - ia
4315 1073 4686 1272 ben & n
214 1118 2664 1370 we gives an imblafinn out.
3172 1136 5944 1427 if er wollg manf - y unipriffer
214 1290 2797 1647 relief use & I took men - her -
3165 1300 5790 1640 in all ihrer Aul
256 1549 2629 1889 Fir jetzt nicht ab ander
3197 1553 5990 1858 for ia de Muhlepert T - niet wullepe
256 1767 2681 2166 Geschäft – wir geben und se
3197 1760 5776 2166 he Jartie beivegt uit starker at
256 2029 2755 2387 Einmal - fehre withinam
3242 2008 5727 2373 Dr vanf no fwlligry Tmecrom
3309 2243 5776 2569 to N. N. Y.
252 2310 2867 2618 uf xyz uflan I Bnd
259 2513 2871 2797 de abbriauxes - Ägek. de
3221 2517 5990 2864 ken. Es kennt uns nicht weg wehr von
284 2737 2800 3060 Nur voll zu stad Agatfe. Sie
3263 2741 5909 3060 at 4. The frewll Relade, - do put
3267 3049 5727 3365 impfet, ud holl wuch in Hol¬
308 2993 2629 3368 neufs übelen zu mir- uf zu
1844 3232 2292 3400 or being
315 3281 2625 3544 or I may - a/ond
3270 3256 4655 3638 as just in allte
396 3491 2650 3873 Rehenlta S. Rahn Esqr
266 3743 2860 3978 and said you will not not be the
