6146 4104
217 322 2779 594 Etsschl er scho praken oft zen Greifs
129 479 2766 838 bell,  ood + dere borhuf te
197 740 2925 1032 in the Hurent - ao-
1110 923 1527 1089 wurfst
244 974 2362 1249 will gleubheft aslef fol.
292 1181 2820 1429 Mitweitel Erk. 5 Bahn; xx schr
258 1415 2705 1639 a but home; - we tell it I best
329 1581 2722 1884 Joue in der klec Tornagholl
261 1802 2881 2033 remembners..., ob de en bevorstand
278 2016 2824 2267 an ububurgs he Thos jegunden
258 2277 2729 2549 Muntif uns seine fort huissendische
272 2413 2589 2688 kle or blut [illegible]
305 2600 2861 2881 will buy in a free at. - Kockler
292 2837 2779 3156 breicht benutzte und vergleich teilen.
482 3034 2651 3360 Jakjeuenen..  Me fiel. k
397 3322 2695 3577 Miss aif - wie me at time
458 3536 2667 3947 pllenit, un un amt,  aussi
3268 258 5854 567 Sieckt evit yor offizie, wertjens
3326 502 5800 767 in, uit keur holig in uns, - a
3326 723 5484 1059 jegenr Schönant man at
3306 937 4544 1266 nicht darnten.
3275 1161 5932 1493 I haent uu wohl denken, Graf H tulles
3299 1381 5851 1717 so dienst sein I. hielt nicht mußte
3312 1636 5678 1982 uf; cham de Jupltbekannt
3322 1873 5834 2182 e Vorwis, dess es Ede  sich tatsche
3272 2118 5817 2430 in F. de Christ in B, u -
3275 2345 5868 2664 word ud be in the erkebes - Sir
3285 2610 5630 2908 & Billen we es go, der to jefors
3292 2841 5790 3065 hath. du Avin je nalu ét
3319 3068 5746 3384 of it I am pere per elu in S 14 Tg we
3356 3258 5668 3689 gefrullt; be gelegen so rame
4371 3458 5868 3737 (Hut i. am and Sen
3346 3553 5654 3896 wil d- zur Fac, ferner Beitagen
