6200 4120
446 153 689 328 0
2091 318 3005 521 our and held at
3255 268 5867 550 Ja diesen Auszug haben konnte wir ich
96 307 2819 707 nur Könnlichkeit wird, das jet in verlassen.
3226 475 5835 678 de Ris en über des Gartenkies. - I shall
293 535 2880 856 Her Mai at last year is in abe -
3265 614 5928 1024 Neu xyz verdrecker – erfahr) imiung ist
5107 671 5946 931 it was in
236 724 2791 989 sagte:  Maria soll in Belovis in Tran-
3283 817 5789 1181 zweifelte nicht mit blieben wurde
5011 914 5214 1006 me
5357 971 5985 1142 Schänder
178 981 2916 1260 given an..   Mai coll of forty  ?  Man
3215 1031 5867 1356 Mais il y a eu le
3233 1188 6013 1538 es in Einverstes - in die roenige Sekünden! Die
161 1196 2909 1463 roll of above 2)..... ... .  etc. in
3198 1388 6067 1774 zum blieben – so ginge – wie zu stet – nur eben,
150 1356 2926 1699 (we it he bleibt)... Mai di wieder nay
3244 1674 5871 1995 mich zur Ablfältig, doch ich töste - zu etwas
178 1588 2780 1884 at the exoogenle kind - and - in
189 1788 3030 2159 asile getorst. We it with fortitst.
3265 1866 6060 2209 wt esblick nicht – einverlief ist, -
3269 2091 5949 2412 leit auf beantui p locum indem x
196 2077 2862 2412 Sie erblieb (es etliche) ich fehlt, Tuhl eine
3290 2227 5960 2605 conf de May was — obre une jours proglied
182 2359 2712 2662 Cultät ganz der geworme, wird
3273 2430 5806 2762 so forbet it is an und    et
161 2548 2998 2962 eine derpl da in hend des pls stoffen)
3315 2684 5799 3030 Herrn und wie nur auf der Körper
189 2812 2762 3158 M (unfrai mieux) je croit en est – en
3301 2880 5714 3244 dragt, wie u. Mort: Enstreit emp¬
346 3062 2694 3308 Mr T. D. R. T.
3890 3130 4118 3290 re
3333 3108 5639 3422 hier auf uns ihnen in
564 3237 1206 3440 Baupker.
239 3276 2766 3665 Aopt P.D. August 8th
3344 3323 5614 3679 er weit hätte ich das wollte in
3362 3544 5528 3872 aus geordel geben, dit ich sucht.
164 3522 2562 3872 we are paid to N.Y.
