<?xml version="1.0" encoding="UTF-8" standalone="yes"?>
<PcGts xmlns="http://schema.primaresearch.org/PAGE/gts/pagecontent/2013-07-15" xmlns:xsi="http://www.w3.org/2001/XMLSchema-instance" xsi:schemaLocation="http://schema.primaresearch.org/PAGE/gts/pagecontent/2013-07-15 http://schema.primaresearch.org/PAGE/gts/pagecontent/2013-07-15/pagecontent.xsd">
    <Metadata>
        <Creator>prov=READ-COOP:name=TrHtr:version=2.1.0:model_id=51170:date=28_07_2023_01:44</Creator>
        <Created>2023-05-10T11:11:46.058+02:00</Created>
        <LastChange>2023-07-28T01:44:23.733+02:00</LastChange>
        <TranskribusMetadata docId="1428128" pageId="55384228" pageNr="96" tsid="131313036" status="IN_PROGRESS" userId="64420" imgUrl="https://files.transkribus.eu/Get?id=CCROWTZPMPPTUMRGUYMNTWXK&amp;fileType=view" xmlUrl="https://files.transkribus.eu/Get?id=CYQISHBUTJELOSIWGIKGMUXP" imageId="44659128"/>
    </Metadata>
    <Page imageFilename="1428128_0096.jpg" imageWidth="6200" imageHeight="4216">
        <ReadingOrder>
            <OrderedGroup id="ro_1711825213206" caption="Regions reading order">
                <RegionRefIndexed index="0" regionRef="tr_2"/>
                <RegionRefIndexed index="1" regionRef="tr_1"/>
            </OrderedGroup>
        </ReadingOrder>
        <TextRegion id="tr_2" custom="readingOrder {index:0;}">
            <Coords points="453,421 2681,421 2681,3748 453,3748"/>
            <TextLine id="tr_2_tl_1" custom="readingOrder {index:0;}">
                <Coords points="523,589 677,663 963,600 1140,649 1716,502 2145,631 2365,555 2508,614 2640,586 2644,429 2026,349 1140,474 816,282 530,244"/>
                <Baseline points="543,519 591,525 680,525 770,519 859,519 949,519 1039,519 1128,519 1218,525 1307,513 1397,513 1486,513 1576,513 1666,507 1755,501 1845,501 1934,507 2024,501 2113,489 2203,483 2293,483 2382,483 2472,477 2561,471 2651,471"/>
                <TextEquiv>
                    <Unicode>Seiten Sie ist ihr darüber.</Unicode>
                </TextEquiv>
            </TextLine>
            <TextLine id="tr_2_tl_2" custom="readingOrder {index:1;}">
                <Coords points="711,795 1416,799 1601,722 2291,750 2528,708 2532,607 2148,631 1674,551 1531,635 1315,582 715,635"/>
                <Baseline points="734,722 746,722 836,722 925,716 1015,716 1104,716 1194,710 1283,710 1373,710 1463,710 1552,704 1642,704 1731,698 1821,698 1910,686 2000,692 2090,686 2179,674 2269,674 2358,674 2448,674 2537,674"/>
                <TextEquiv>
                    <Unicode>in Treasil - at the it</Unicode>
                </TextEquiv>
            </TextLine>
            <TextLine id="tr_2_tl_3" custom="readingOrder {index:2;}">
                <Coords points="499,771 551,764 575,781 610,771 635,792 659,795 659,621 614,621 603,631 516,565 499,565"/>
                <Baseline points="519,728 609,728 668,728"/>
                <TextEquiv>
                    <Unicode>1</Unicode>
                </TextEquiv>
            </TextLine>
            <TextLine id="tr_2_tl_4" custom="readingOrder {index:3;}">
                <Coords points="429,987 642,1015 1081,872 1214,942 1796,970 2462,889 2462,757 2068,711 1716,827 1353,760 1025,844 816,760 432,778"/>
                <Baseline points="453,883 501,883 591,883 680,889 770,883 859,883 949,877 1039,877 1128,871 1218,865 1307,865 1397,871 1486,865 1576,859 1666,853 1755,853 1845,853 1934,859 2024,859 2113,859 2203,859 2293,859 2382,853 2472,859"/>
                <TextEquiv>
                    <Unicode>that - At:  Sir and  - this' Mrs.</Unicode>
                </TextEquiv>
            </TextLine>
            <TextLine id="tr_2_tl_5" custom="readingOrder {index:4;}">
                <Coords points="471,1102 670,1144 785,1081 830,1116 1092,1053 1357,1106 1566,1029 1667,1043 1677,875 1276,973 966,907 893,956 827,893 481,917"/>
                <Baseline points="489,1074 513,1074 603,1068 692,1062 782,1062 871,1056 961,1051 1051,1045 1140,1039 1230,1039 1319,1027 1409,1027 1498,1015 1588,1015 1678,1015"/>
                <TextEquiv>
                    <Unicode>See of Alk. &amp; encore in</Unicode>
                </TextEquiv>
            </TextLine>
            <TextLine id="tr_2_tl_6" custom="readingOrder {index:5;}">
                <Coords points="673,1262 799,1242 949,1336 1182,1266 1587,1315 1918,1242 2399,1308 2445,1095 1901,1036 1601,1123 1095,1053 680,1123"/>
                <Baseline points="692,1242 752,1230 842,1224 931,1224 1021,1224 1110,1218 1200,1206 1289,1206 1379,1200 1469,1194 1558,1188 1648,1188 1737,1188 1827,1182 1916,1182 2006,1182 2096,1182 2185,1170 2275,1170 2364,1170 2454,1170"/>
                <TextEquiv>
                    <Unicode>Nun jetzt hebt &amp; lubges floth an -</Unicode>
                </TextEquiv>
            </TextLine>
            <TextLine id="tr_2_tl_7" custom="readingOrder {index:6;}">
                <Coords points="453,1458 621,1405 844,1447 1050,1388 1158,1444 1266,1378 1674,1398 1831,1364 1838,1280 1639,1322 1339,1256 1022,1343 652,1290 457,1336"/>
                <Baseline points="477,1415 495,1403 585,1403 674,1403 764,1397 853,1391 943,1391 1033,1391 1122,1385 1212,1379 1301,1373 1391,1373 1480,1367 1570,1367 1660,1361 1749,1349 1839,1343"/>
                <TextEquiv>
                    <Unicode>- Sie hier es wohl nur auch: —</Unicode>
                </TextEquiv>
            </TextLine>
            <TextLine id="tr_2_tl_8" custom="readingOrder {index:7;}">
                <Coords points="596,1625 2333,1514 2417,1496 2424,1339 2079,1440 1786,1353 1611,1412 1315,1378 1203,1454 1057,1388 844,1447 603,1405"/>
                <Baseline points="615,1570 632,1564 722,1558 812,1552 901,1540 991,1540 1080,1540 1170,1540 1260,1534 1349,1534 1439,1534 1528,1528 1618,1528 1707,1522 1797,1516 1887,1510 1976,1504 2066,1498 2155,1492 2245,1486 2334,1480 2424,1480"/>
                <TextEquiv>
                    <Unicode>(Reft: - is a cette fois avec d'</Unicode>
                </TextEquiv>
            </TextLine>
            <TextLine id="tr_2_tl_9" custom="readingOrder {index:8;}">
                <Coords points="544,1768 621,1796 687,1754 1018,1702 1332,1737 1416,1702 1426,1541 1269,1583 907,1566 555,1643"/>
                <Baseline points="567,1731 621,1725 710,1719 800,1713 889,1707 979,1701 1068,1689 1158,1684 1248,1678 1337,1666 1427,1660"/>
                <TextEquiv>
                    <Unicode> Conclusum.</Unicode>
                </TextEquiv>
            </TextLine>
            <TextLine id="tr_2_tl_10" custom="readingOrder {index:9;}">
                <Coords points="631,1897 1151,1862 1346,1946 1904,1793 2002,1855 2577,1824 2675,1702 1960,1660 638,1775"/>
                <Baseline points="650,1875 710,1869 800,1863 889,1863 979,1857 1068,1845 1158,1833 1248,1833 1337,1827 1427,1809 1516,1797 1606,1791 1695,1785 1785,1779 1875,1779 1964,1773 2054,1773 2143,1773 2233,1773 2322,1767 2412,1767 2502,1767 2591,1767 2681,1767"/>
                <TextEquiv>
                    <Unicode>As- w/gend up - a Blillerpartie.</Unicode>
                </TextEquiv>
            </TextLine>
            <TextLine id="tr_2_tl_11" custom="readingOrder {index:10;}">
                <Coords points="432,2054 649,2047 732,2096 823,2037 931,2072 1064,2016 1297,2127 1472,2040 1681,2061 1695,1859 1552,1848 1346,1939 1133,1859 886,1918 767,1883 621,1950 443,1922"/>
                <Baseline points="453,2054 531,2042 621,2030 710,2030 800,2024 889,2024 979,2018 1068,2012 1158,2006 1248,2000 1337,1994 1427,1982 1516,1970 1606,1958 1695,1958"/>
                <TextEquiv>
                    <Unicode>that a Lichtiftt.</Unicode>
                </TextEquiv>
            </TextLine>
            <TextLine id="tr_2_tl_12" custom="readingOrder {index:11;}">
                <Coords points="631,2197 2448,2169 2612,2127 2616,2019 2253,1988 2065,2092 1820,2005 1290,2131 1119,2058 635,2138"/>
                <Baseline points="650,2197 740,2191 830,2191 919,2191 1009,2191 1098,2191 1188,2185 1277,2179 1367,2173 1457,2161 1546,2161 1636,2155 1725,2143 1815,2143 1904,2143 1994,2137 2084,2131 2173,2131 2263,2119 2352,2113 2442,2113 2531,2108 2621,2113"/>
                <TextEquiv>
                    <Unicode>Hab tre juf der Rittergert</Unicode>
                </TextEquiv>
            </TextLine>
            <TextLine id="tr_2_tl_13" custom="readingOrder {index:12;}">
                <Coords points="499,2445 628,2403 813,2480 1657,2323 1831,2396 2497,2399 2570,2385 2584,2197 513,2246"/>
                <Baseline points="525,2376 531,2382 621,2370 710,2376 800,2376 889,2376 979,2370 1068,2364 1158,2358 1248,2352 1337,2346 1427,2334 1516,2322 1606,2317 1695,2311 1785,2305 1875,2299 1964,2305 2054,2299 2143,2287 2233,2287 2322,2281 2412,2275 2502,2269 2591,2269"/>
                <TextEquiv>
                    <Unicode>get to be in T.H. R.M.</Unicode>
                </TextEquiv>
            </TextLine>
            <TextLine id="tr_2_tl_14" custom="readingOrder {index:13;}">
                <Coords points="506,2619 746,2563 980,2640 1465,2504 1629,2560 1834,2549 1852,2340 1587,2396 1144,2375 656,2501 520,2466"/>
                <Baseline points="531,2555 597,2549 686,2549 776,2549 865,2549 955,2537 1045,2537 1134,2520 1224,2508 1313,2496 1403,2490 1492,2478 1582,2478 1672,2472 1761,2454 1851,2454"/>
                <TextEquiv>
                    <Unicode>gave 11: –. E.M. Chirurg</Unicode>
                </TextEquiv>
            </TextLine>
            <TextLine id="tr_2_tl_15" custom="readingOrder {index:14;}">
                <Coords points="642,2727 827,2759 1074,2720 1245,2811 1378,2776 1423,2811 1803,2644 1855,2661 1866,2546 1751,2528 1604,2577 1496,2511 1221,2637 649,2623"/>
                <Baseline points="662,2705 704,2705 794,2705 883,2705 973,2705 1062,2699 1152,2693 1242,2681 1331,2675 1421,2663 1510,2657 1600,2651 1689,2645 1779,2633 1869,2633"/>
                <TextEquiv>
                    <Unicode>sein ich wie Jhnen!</Unicode>
                </TextEquiv>
            </TextLine>
            <TextLine id="tr_2_tl_16" custom="readingOrder {index:15;}">
                <Coords points="530,2961 1269,2957 1604,2839 1918,2891 2528,2839 2567,2738 2145,2685 1852,2783 1674,2699 1193,2828 544,2717"/>
                <Baseline points="555,2872 597,2878 686,2878 776,2884 865,2884 955,2878 1045,2878 1134,2872 1224,2866 1313,2860 1403,2854 1492,2848 1582,2842 1672,2836 1761,2824 1851,2818 1940,2812 2030,2806 2119,2800 2209,2800 2299,2794 2388,2794 2478,2794 2567,2788"/>
                <TextEquiv>
                    <Unicode>kneh wt in open. No, und he get -</Unicode>
                </TextEquiv>
            </TextLine>
            <TextLine id="tr_2_tl_17" custom="readingOrder {index:16;}">
                <Coords points="530,3104 1339,3156 1740,3006 2574,3003 2581,2863 1695,2867 1538,2978 1172,2936 1001,3010 537,2947"/>
                <Baseline points="549,3069 609,3069 698,3069 788,3069 877,3069 967,3069 1056,3057 1146,3057 1236,3045 1325,3039 1415,3033 1504,3027 1594,3021 1684,3015 1773,3003 1863,3003 1952,3003 2042,2997 2131,2997 2221,2997 2311,2997 2400,2997 2490,2991 2579,2991"/>
                <TextEquiv>
                    <Unicode>manfor in Criftig. - as trillant - W. J.J.</Unicode>
                </TextEquiv>
            </TextLine>
            <TextLine id="tr_2_tl_18" custom="readingOrder {index:17;}">
                <Coords points="481,3313 568,3296 652,3327 799,3282 1060,3324 1158,3282 1357,3299 1360,3156 1137,3149 858,3208 757,3191 711,3146 631,3163 485,3121"/>
                <Baseline points="501,3248 561,3248 650,3254 740,3260 830,3260 919,3254 1009,3254 1098,3248 1188,3242 1277,3236 1367,3236"/>
                <TextEquiv>
                    <Unicode>wir möchte.</Unicode>
                </TextEquiv>
            </TextLine>
            <TextLine id="tr_2_tl_19" custom="readingOrder {index:18;}">
                <Coords points="617,3425 1158,3407 1322,3512 1789,3421 2148,3533 2469,3481 2521,3345 1569,3341 1468,3278 621,3351"/>
                <Baseline points="638,3409 728,3409 818,3409 907,3409 997,3403 1086,3403 1176,3397 1265,3391 1355,3391 1445,3391 1534,3391 1624,3385 1713,3385 1803,3391 1893,3385 1982,3391 2072,3385 2161,3391 2251,3397 2340,3397 2430,3409 2520,3415 2526,3415"/>
                <TextEquiv>
                    <Unicode>&amp; you but I think you were pay upon -</Unicode>
                </TextEquiv>
            </TextLine>
            <TextLine id="tr_2_tl_20" custom="readingOrder {index:19;}">
                <Coords points="579,3697 666,3714 875,3592 1053,3669 1224,3599 1883,3651 1883,3512 1807,3470 1531,3543 1392,3481 1123,3505 889,3407 715,3460 579,3421"/>
                <Baseline points="597,3577 686,3583 776,3583 865,3588 955,3588 1045,3588 1134,3588 1224,3583 1313,3583 1403,3588 1492,3583 1582,3588 1672,3588 1761,3583 1851,3577 1887,3583"/>
                <TextEquiv>
                    <Unicode>me in present meuf:/</Unicode>
                </TextEquiv>
            </TextLine>
            <TextLine id="tr_2_tl_21" custom="readingOrder {index:20;}">
                <Coords points="753,3749 1416,3732 1726,3864 2148,3829 2152,3658 2058,3686 1629,3613 1409,3672 1231,3603 1060,3672 914,3603 757,3648"/>
                <Baseline points="776,3738 818,3738 907,3738 997,3732 1086,3726 1176,3726 1265,3720 1355,3720 1445,3720 1534,3720 1624,3714 1713,3714 1803,3714 1893,3714 1982,3708 2072,3714 2161,3708"/>
                <TextEquiv>
                    <Unicode>Ich wolle ihr Begegen —</Unicode>
                </TextEquiv>
            </TextLine>
        </TextRegion>
        <TextRegion id="tr_1" custom="readingOrder {index:1;}">
            <Coords points="3111,385 6007,385 6007,3885 3111,3885"/>
            <TextLine id="tr_1_tl_1" custom="readingOrder {index:0;}">
                <Coords points="3090,474 3121,474 3153,457 3202,467 3219,453 3271,488 3338,502 3341,289 3303,296 3278,317 3240,296 3153,310 3125,331 3093,328"/>
                <Baseline points="3111,435 3200,441 3290,435 3350,435"/>
                <TextEquiv>
                    <Unicode>33</Unicode>
                </TextEquiv>
            </TextLine>
            <TextLine id="tr_1_tl_2" custom="readingOrder {index:1;}">
                <Coords points="3121,680 3812,621 4025,691 4175,589 4767,558 5284,624 5726,555 5730,425 4290,436 3903,338 3613,474 3125,464"/>
                <Baseline points="3141,573 3230,561 3320,561 3409,561 3499,555 3588,555 3678,549 3768,543 3857,549 3947,549 4036,543 4126,543 4216,543 4305,543 4395,543 4484,537 4574,537 4663,537 4753,531 4843,525 4932,519 5022,519 5111,519 5201,519 5290,525 5380,525 5470,525 5559,519 5649,525 5738,537"/>
                <TextEquiv>
                    <Unicode>werke – Miehalle be de solle; - vf tangh</Unicode>
                </TextEquiv>
            </TextLine>
            <TextLine id="tr_1_tl_3" custom="readingOrder {index:2;}">
                <Coords points="3107,875 4935,736 5604,802 5765,778 5768,575 4694,631 4408,561 4007,691 3111,680"/>
                <Baseline points="3129,776 3176,776 3266,782 3356,782 3445,782 3535,776 3624,776 3714,770 3803,770 3893,770 3983,764 4072,758 4162,758 4251,758 4341,764 4430,770 4520,770 4610,764 4699,752 4789,746 4878,740 4968,734 5058,734 5147,740 5237,740 5326,746 5416,740 5505,746 5595,752 5685,758 5774,764"/>
                <TextEquiv>
                    <Unicode>3nd of the Knt in... Chine  blid</Unicode>
                </TextEquiv>
            </TextLine>
            <TextLine id="tr_1_tl_4" custom="readingOrder {index:3;}">
                <Coords points="4708,851 5437,868 5437,781 5298,760 5217,806 5046,746 4942,806 4823,746 4771,792 4708,795"/>
                <Baseline points="4729,830 4819,842 4908,842 4998,842 5087,842 5177,842 5267,842 5356,842 5446,847"/>
                <TextEquiv>
                    <Unicode>in milombr</Unicode>
                </TextEquiv>
            </TextLine>
            <TextLine id="tr_1_tl_5" custom="readingOrder {index:4;}">
                <Coords points="3111,1109 4122,970 4736,1067 5053,956 5849,1095 5849,914 4502,781 3111,928"/>
                <Baseline points="3129,1009 3218,1003 3308,997 3397,997 3487,991 3577,991 3666,985 3756,985 3845,979 3935,973 4024,973 4114,967 4204,961 4293,961 4383,961 4472,961 4562,955 4651,955 4741,955 4831,955 4920,961 5010,955 5099,955 5189,961 5278,967 5368,973 5458,973 5547,985 5637,985 5726,997 5816,1009 5858,1015"/>
                <TextEquiv>
                    <Unicode>ad M to Meeng. His bevort wark</Unicode>
                </TextEquiv>
            </TextLine>
            <TextLine id="tr_1_tl_6" custom="readingOrder {index:5;}">
                <Coords points="3135,1329 3704,1339 3878,1228 5821,1242 5821,1130 5451,990 5060,956 4736,1067 4492,990 4046,1039 3878,1140 3139,1116"/>
                <Baseline points="3159,1194 3248,1200 3338,1206 3427,1212 3517,1212 3606,1212 3696,1218 3786,1218 3875,1218 3965,1212 4054,1212 4144,1212 4233,1212 4323,1212 4413,1206 4502,1206 4592,1212 4681,1206 4771,1200 4860,1200 4950,1200 5040,1200 5129,1194 5219,1188 5308,1188 5398,1182 5487,1188 5577,1194 5667,1194 5756,1194 5828,1200"/>
                <TextEquiv>
                    <Unicode>ich auf ein Frs. M.els heim</Unicode>
                </TextEquiv>
            </TextLine>
            <TextLine id="tr_1_tl_7" custom="readingOrder {index:6;}">
                <Coords points="3160,1503 5740,1416 5828,1287 5406,1343 5109,1221 4223,1228 3163,1388"/>
                <Baseline points="3182,1445 3236,1451 3326,1451 3415,1445 3505,1445 3594,1445 3684,1439 3774,1439 3863,1433 3953,1433 4042,1427 4132,1427 4221,1421 4311,1421 4401,1421 4490,1421 4580,1415 4669,1409 4759,1409 4848,1409 4938,1403 5028,1403 5117,1397 5207,1391 5296,1385 5386,1379 5476,1373 5565,1373 5655,1367 5744,1373 5834,1379"/>
                <TextEquiv>
                    <Unicode>Nedgle at Tugleuil. N holl uns sind</Unicode>
                </TextEquiv>
            </TextLine>
            <TextLine id="tr_1_tl_8" custom="readingOrder {index:7;}">
                <Coords points="3132,1733 5127,1712 5629,1636 5639,1419 3139,1576"/>
                <Baseline points="3153,1672 3218,1678 3308,1684 3397,1684 3487,1678 3577,1678 3666,1672 3756,1672 3845,1666 3935,1660 4024,1654 4114,1654 4204,1654 4293,1654 4383,1642 4472,1642 4562,1636 4651,1630 4741,1624 4831,1618 4920,1618 5010,1618 5099,1618 5189,1606 5278,1600 5368,1594 5458,1594 5547,1594 5637,1594"/>
                <TextEquiv>
                    <Unicode>wece Bolitift leichl geworft et</Unicode>
                </TextEquiv>
            </TextLine>
            <TextLine id="tr_1_tl_9" custom="readingOrder {index:8;}">
                <Coords points="3139,1963 4185,2075 4680,1866 5451,1824 5720,1960 5817,1918 5831,1636 5151,1775 4286,1653 4000,1772 3146,1782"/>
                <Baseline points="3159,1916 3236,1922 3326,1922 3415,1922 3505,1922 3594,1922 3684,1922 3774,1916 3863,1916 3953,1904 4042,1898 4132,1898 4221,1898 4311,1893 4401,1881 4490,1875 4580,1863 4669,1863 4759,1857 4848,1857 4938,1851 5028,1845 5117,1839 5207,1833 5296,1827 5386,1821 5476,1821 5565,1815 5655,1809 5744,1815 5834,1809"/>
                <TextEquiv>
                    <Unicode>Sie nur ich nicht nach Mändl nicht</Unicode>
                </TextEquiv>
            </TextLine>
            <TextLine id="tr_1_tl_10" custom="readingOrder {index:9;}">
                <Coords points="3184,2194 5074,2082 5782,2169 5789,1974 5430,1925 4230,2072 3191,2009"/>
                <Baseline points="3206,2155 3284,2149 3373,2143 3463,2143 3553,2137 3642,2131 3732,2137 3821,2131 3911,2119 4001,2119 4090,2113 4180,2108 4269,2108 4359,2108 4448,2102 4538,2102 4628,2090 4717,2090 4807,2090 4896,2084 4986,2084 5075,2078 5165,2078 5255,2072 5344,2072 5434,2066 5523,2060 5613,2060 5702,2060 5792,2060"/>
                <TextEquiv>
                    <Unicode>reblive and number. Nun bleibt the</Unicode>
                </TextEquiv>
            </TextLine>
            <TextLine id="tr_1_tl_11" custom="readingOrder {index:10;}">
                <Coords points="3177,2459 4185,2319 4607,2389 4740,2305 5807,2445 5897,2431 5904,2176 5189,2249 4614,2089 3184,2222"/>
                <Baseline points="3200,2358 3224,2358 3314,2358 3403,2352 3493,2352 3583,2352 3672,2346 3762,2346 3851,2334 3941,2328 4030,2328 4120,2322 4210,2317 4299,2317 4389,2311 4478,2311 4568,2305 4657,2299 4747,2299 4837,2305 4926,2305 5016,2305 5105,2299 5195,2299 5284,2299 5374,2293 5464,2293 5553,2287 5643,2287 5732,2287 5822,2287 5911,2287"/>
                <TextEquiv>
                    <Unicode>Beide je Esse de. Und je suis jamais en Estiaud</Unicode>
                </TextEquiv>
            </TextLine>
            <TextLine id="tr_1_tl_12" custom="readingOrder {index:11;}">
                <Coords points="3198,2588 3885,2650 4900,2504 5800,2605 6002,2567 6005,2427 4701,2441 4331,2316 3202,2459"/>
                <Baseline points="3218,2561 3230,2555 3320,2561 3409,2561 3499,2555 3588,2555 3678,2555 3768,2555 3857,2555 3947,2555 4036,2555 4126,2549 4216,2549 4305,2543 4395,2537 4484,2531 4574,2520 4663,2520 4753,2508 4843,2502 4932,2502 5022,2502 5111,2502 5201,2508 5290,2496 5380,2496 5470,2496 5559,2502 5649,2502 5738,2520 5828,2520 5917,2531 6007,2543"/>
                <TextEquiv>
                    <Unicode>ist nenlauf auf ein Tonie. Wolmühle und glaubte¬</Unicode>
                </TextEquiv>
            </TextLine>
            <TextLine id="tr_1_tl_13" custom="readingOrder {index:12;}">
                <Coords points="4834,2664 4921,2671 4987,2633 5137,2682 5179,2675 5217,2699 5301,2640 5304,2546 5231,2553 5189,2514 5148,2514 5113,2532 5067,2518 4984,2553 4903,2504 4841,2511"/>
                <Baseline points="4854,2615 4860,2621 4950,2627 5040,2621 5129,2615 5219,2615 5308,2603"/>
                <TextEquiv>
                    <Unicode>in my</Unicode>
                </TextEquiv>
            </TextLine>
            <TextLine id="tr_1_tl_14" custom="readingOrder {index:13;}">
                <Coords points="3421,2804 4049,2842 4342,2752 4844,2787 5193,2710 5343,2783 5346,2644 5134,2616 4879,2668 4576,2584 4140,2713 3690,2563 3428,2602"/>
                <Baseline points="3445,2770 3475,2764 3565,2764 3654,2764 3744,2770 3833,2764 3923,2764 4012,2764 4102,2770 4192,2764 4281,2758 4371,2746 4460,2740 4550,2735 4639,2735 4729,2729 4819,2729 4908,2729 4998,2723 5087,2723 5177,2711 5267,2705 5356,2699"/>
                <TextEquiv>
                    <Unicode>Jurich hatt ich auf Alois di die¬</Unicode>
                </TextEquiv>
            </TextLine>
            <TextLine id="tr_1_tl_15" custom="readingOrder {index:14;}">
                <Coords points="5413,2741 5489,2745 5559,2780 5590,2762 5779,2828 5974,2793 5960,2602 5800,2609 5737,2588 5702,2609 5646,2577 5406,2650"/>
                <Baseline points="5428,2705 5517,2699 5607,2705 5696,2717 5786,2723 5876,2729 5965,2740 5977,2735"/>
                <TextEquiv>
                    <Unicode>gekört</Unicode>
                </TextEquiv>
            </TextLine>
            <TextLine id="tr_1_tl_16" custom="readingOrder {index:15;}">
                <Coords points="3271,2989 3854,3069 5800,2940 5803,2828 5367,2766 4555,2884 3278,2800"/>
                <Baseline points="3290,2967 3302,2967 3391,2973 3481,2973 3571,2967 3660,2967 3750,2961 3839,2961 3929,2961 4018,2961 4108,2967 4198,2961 4287,2955 4377,2950 4466,2950 4556,2950 4645,2944 4735,2944 4825,2944 4914,2938 5004,2944 5093,2932 5183,2926 5272,2926 5362,2920 5452,2920 5541,2920 5631,2920 5720,2926 5810,2926"/>
                <TextEquiv>
                    <Unicode>du neuf sont civer leche Carteur Bl. A</Unicode>
                </TextEquiv>
            </TextLine>
            <TextLine id="tr_1_tl_17" custom="readingOrder {index:16;}">
                <Coords points="3257,3233 3805,3299 4101,3153 4726,3247 4994,3142 5168,3226 5367,3139 5862,3167 5866,3076 5451,2978 5067,3045 4499,2978 4276,3062 3261,3006"/>
                <Baseline points="3278,3170 3362,3176 3451,3176 3541,3176 3630,3170 3720,3164 3809,3159 3899,3159 3989,3153 4078,3147 4168,3147 4257,3147 4347,3147 4436,3147 4526,3147 4616,3147 4705,3141 4795,3141 4884,3135 4974,3141 5063,3141 5153,3135 5243,3129 5332,3123 5422,3129 5511,3135 5601,3141 5691,3141 5780,3147 5870,3159"/>
                <TextEquiv>
                    <Unicode>wie in ein  in die atrifungen Blick meiner¬</Unicode>
                </TextEquiv>
            </TextLine>
            <TextLine id="tr_1_tl_18" custom="readingOrder {index:17;}">
                <Coords points="5367,3282 5521,3313 5542,3285 5643,3299 5821,3271 5817,3167 5796,3163 5716,3153 5695,3177 5650,3146 5583,3139 5507,3174 5444,3149 5402,3188 5364,3188"/>
                <Baseline points="5386,3248 5476,3254 5565,3260 5655,3260 5744,3266 5828,3278"/>
                <TextEquiv>
                    <Unicode>de ch</Unicode>
                </TextEquiv>
            </TextLine>
            <TextLine id="tr_1_tl_19" custom="readingOrder {index:18;}">
                <Coords points="3306,3494 4788,3372 5709,3432 5713,3289 5029,3167 3972,3317 3310,3289"/>
                <Baseline points="3326,3391 3391,3385 3481,3391 3571,3385 3660,3385 3750,3379 3839,3379 3929,3379 4018,3379 4108,3379 4198,3373 4287,3373 4377,3373 4466,3368 4556,3362 4645,3356 4735,3350 4825,3350 4914,3350 5004,3344 5093,3344 5183,3350 5272,3350 5362,3362 5452,3350 5541,3356 5631,3362 5720,3356"/>
                <TextEquiv>
                    <Unicode>erbot – schrif ihm et bedanter ist begeben.</Unicode>
                </TextEquiv>
            </TextLine>
            <TextLine id="tr_1_tl_20" custom="readingOrder {index:19;}">
                <Coords points="3331,3603 3916,3690 4335,3592 4499,3676 4726,3592 5824,3606 5828,3498 5496,3526 4942,3386 4447,3494 3334,3474"/>
                <Baseline points="3350,3577 3439,3583 3529,3577 3618,3583 3708,3583 3797,3583 3887,3583 3977,3583 4066,3583 4156,3583 4245,3583 4335,3588 4425,3588 4514,3583 4604,3577 4693,3565 4783,3565 4872,3559 4962,3559 5052,3547 5141,3553 5231,3559 5320,3559 5410,3559 5499,3565 5589,3571 5679,3571 5768,3577 5834,3577"/>
                <TextEquiv>
                    <Unicode>laßend auf, wir</Unicode>
                </TextEquiv>
            </TextLine>
            <TextLine id="tr_1_tl_21" custom="readingOrder {index:20;}">
                <Coords points="3341,3913 4318,3955 4729,3812 4816,3885 5946,3909 5943,3763 5489,3780 5224,3651 4223,3610 3976,3711 3334,3599"/>
                <Baseline points="3356,3809 3445,3815 3535,3821 3624,3821 3714,3821 3803,3821 3893,3815 3983,3821 4072,3815 4162,3821 4251,3827 4341,3827 4430,3827 4520,3815 4610,3815 4699,3809 4789,3809 4878,3809 4968,3809 5058,3809 5147,3815 5237,3821 5326,3827 5416,3833 5505,3845 5595,3851 5685,3857 5774,3863 5864,3869 5953,3875"/>
                <TextEquiv>
                    <Unicode>Eenouffrung zu gewisserst</Unicode>
                </TextEquiv>
            </TextLine>
        </TextRegion>
    </Page>
</PcGts>
