6200 4232
361 301 1333 527 4. Dine rende. -
519 373 2625 636 If his dear <gap/> ist in. Les Reis Erbins
398 542 2582 777 Melle de 18me auf.. Ode come sa merf – ce
496 751 1224 889 allminer...
556 808 2072 1058 Fr. “Upatcort in der letzt – aufreise.
585 840 2436 1227 (H for nox, tell ne N.yentn :--)
605 1172 1639 1307 Culance herrlich!
668 1201 2147 1450 It has to have you and had -
622 1281 2926 1619 Mari say by us M wollt of eigentled
628 1488 2694 1697 Sieder auf, scholb wäre, konnt auf i die Herr
596 1680 1725 1906 Uhr Coll, een soll! -
817 1720 2425 1998 Johann und Ritz-Ruh-
722 1903 2803 2150 durd mei S. Huf. alle. In hilfte ik
676 2132 1473 2342 ich ist jetzt ge¬
860 2124 2714 2405 Viellen & benen? – Liebergestenden
645 2345 2519 2585 Uste - Trost - Seit. –. Tuberle
599 2531 2763 2820 “Hopeant, ganz indeuten. Ihrersehlt in to
734 2717 2499 3027 feintichte? ich hatt er hiemit nändert.
651 2961 1637 3147 nicht er zu het. -
811 3107 1462 3282 Mit ihre
889 3213 2024 3517 (In Ihm woll nicht
3219 602 4924 960 du général du Conseil de Frédée
3465 834 5383 1098 him nozed there... As he was in without
3308 992 4506 1204 were been te d aller...
3482 1092 5300 1353 In Seich ist treten... 2 Stunde. He legt
3465 1275 4761 1496 he had in cesplicite....
3508 1425 5174 1671 Hr. Piede. Karlopartie.   Stylm
3374 1625 5139 1909 See: Beigtens in litemt woll mit uns
3540 1832 4666 2041 (In Friend witman)
3437 2038 5271 2319 Regium: - Neu es tünfzig in elassen
3603 2287 4781 2580 The J.C. Spivak
