6008 4120
5231 416 5403 543 49
3836 471 5417 740 Ich blieb wie angewurzelt stehen. Sie
3417 699 5581 888 fasste zart meine Hand und sprach weiter." Ich
3411 847 5505 1052 liebe dich sehr, ich hab es nicht gewusst, wie
3430 1014 5579 1195 sehr ich dich liebe, du musst es ja nicht glau-
3425 1175 5622 1375 ben, was ich dir jetzt sage; aber ich habe keinen
3430 1354 5532 1496 Geliebten gehabt vor dir und werde keinen ha-
3430 1455 5483 1680 ben nach dir, warum sollte ich dir das sagen,
3411 1647 5573 1806 Kind, wenn es nicht wahr wäre. Du sollst es nur
3430 1759 4392 1951 wissen, ehe du gehst.
3674 1902 5631 2129 "Wann sehe ich dich wieder?" fragte ich,
3937 2050 4474 2176 demain Repdt M.
3387 2058 5436 2244 Lardes. Ich sagte nicht, dein Mann ist tot,
3447 2241 5557 2411 ich fragte: Wann sehe ich dich wieder? Sobald
3430 2370 5570 2598 sie mir das beantwortet, dann wollte ich xxx
3447 2526 5524 2745 ihr sagen, dass Eduard tot sei. Das war's, was
3436 2688 4943 2872 ich zuerst wissen musste.
3896 2836 5510 3039 „Du wirst mich nie wieder sehen (nie
3441 3009 5590 3176 wieder Wenn du mich lieb hast, wirst du dieser
3463 3135 5422 3346 Stunde dankbar sein wie ich. Wenn du nicht
3472 3277 5543 3521 willst, dass dieses Erlebnis aus einem unver-
3461 3441 5529 3650 gesslichen, unvergleichlichen Traum eine Lüge,
3447 3614 5439 3872 eine Reihe von Lügen, eine Kette von Betrug
