6200 4136
5379 326 5564 511 13
3458 482 5757 699 und dreimalige m Kugelwechsel vom Stand aus
2109 488 2302 716 aenen
3458 653 4111 768 ohne Zielen.
3761 722 5746 916 Um auch nicht das geringste Misstrauen
3108 858 3273 1037 Unf
3441 901 5752 1101 aufkommen zu lassen,vor allem bei der jungen
4847 1040 5249 1138 de on du dit
3461 1078 5662 1265 Frau Eduards, reisten Müllnig und ich schon
3452 1205 5448 1395 am Montag Nachmittag ab,angeblich nach
3458 1361 5544 1519 Wien, trieben die Vorsicht sogar so weit,
3458 1508 5656 1670 uns Billetts bis Wen zu nehmen und stiegen
3446 1652 5581 1831 natürlich in der kleinen Provinzstadt ab.
3446 1805 5763 1985 Eduard selbst folgte uns zwei Stunden später.
3458 1982 5752 2175 Angeblich,um ein paar Klettertouren in Tirol
3446 2129 5656 2294 zu machen, eine Absicht, die er schon früher
3446 2245 5555 2450 geäussert und zu deren Durchführung eben
3446 2412 5746 2600 jetzt das wundervolle Wetter glaubwürdigsten
3432 2559 4038 2744 Anlass bot.
3859 2689 5639 2880 Wir erwarteten ihn an der Bahn. Er
3441 2857 5604 3082 schien in vortrefflicher Laune, wir hatten
3452 3022 5702 3181 ihm das beste Zimmer in dem kleinen Provinz-
3441 3172 5728 3365 hotel reservieren lassen, er blieb nicht län-
3446 3322 5500 3495 ger oben als er zum Umkleiden benötigte
3458 3475 5645 3680 und nachtmahlte mit uns im Gastzimmer. Wir
3432 3634 5653 3856 fielen in keiner Weise auf. Auch wir waren
