6200 4264
155 269 2681 545 on en fernent le Boitier;  une
1263 507 1894 673 de F. C.
580 531 1087 662 Stemler
104 562 2822 880 Die Verflussort neue Aufleht
121 728 2691 1052 in sein rück in und unteranstalt Hout; —
121 925 2743 1221 Geriell entehtet de univerbaren Heim¬
128 1118 2653 1414 ticuel, des nbes un stand tas, in
2015 1311 2981 1521 Ce &-il ouilu
131 1346 2494 1646 al in alle, den oberfleit worten.
124 1618 2729 1877 it Gevendlassen in Einhal¬
135 1728 2767 2077 Ich nach Unterbetrück; eine noch eine
162 1963 2750 2287 Ausflug in noch den Auffl aufste Heften,
162 2194 2736 2446 und ein  uf Burg, de vil en E tye
224 2405 2550 2608 in der wir uns - in 8 Tag und Herr
262 2581 2708 2898 plust hille; - heißt unre Einen
273 2774 2864 3084 ob der Tresse seygehe Einer Erfahr wahre
266 3043 2757 3288 T. Fries Clyngekes - do fimnt kes
286 3281 2743 3578 5 Jahr leur partil.
279 3502 2249 3788 it u. d. interhullem ich die
3136 355 5710 666 Mosses daran Geregög Bemerkung ube de
3153 597 5744 849 lib die Offizi in kleine, lernde jener
3146 831 5644 1083 alle Citt entfern gewinnen -
3122 973 5637 1263 a bei auf jede diese Remen u
3153 1208 5686 1456 Déponse auf der Aertane Lelle.
3157 1397 5803 1649 it kein ein ganz kurz Mey auf den kurle
3153 1597 5830 1846 stalt fähre können wäre, den wir
3188 1784 5734 2104 von Avsenstreit in dien kleine Hoch,
3177 2077 5624 2356 and in natele Spazierung ondankte
3153 2280 5830 2570 dicke mit den Mort von der den morgen
3157 2487 5810 2746 huell -  desse en  - en kenne
3171 2739 5551 3026 in cherom in d Tu suillenten
3208 2939 5817 3305 (jegenthe Schönrente), aufgegeben
3177 3177 5944 3478 M Reve und wir als Nimicinander
3892 3395 4337 3640 ʼil en
4354 3429 5527 3705 wenn f um ein.
3129 3433 4150 3774 in
3164 3705 5931 4012 es en bellement, quelques-sant à
