6200 4168
5329 371 5491 556 12
3419 527 5655 715 tagessen genannt worden, ein kleiner Streit,
3410 700 5564 942 dem ich nicht beigewohnt hatte. Ein streit
3428 892 5579 1098 zwischen unserem Freunde Eduard und einem
3422 1050 5729 1233 ihlanenrittmeister v.Wagner, der nur über den
3422 1218 5558 1421 Sonntag dagewesen war. (Im vorigen Jahre
3416 1380 5600 1562 war er hier Sommergast gewesen). Er war in
3410 1539 5658 1698 der kleinen Provinzstadt in Garnison,wo das
3452 1686 5558 1836 Duell ausgefochten werden sollte und von
3402 1827 5188 2004 ihm war die Forderung ausgegangen.
3816 1963 5611 2136 Eduard Leuberger hatte uns Beiden
3399 2124 5679 2301 Sekundanten carte blanche gegeben. Wir soll
3404 2266 5676 2469 te ohnewei ters auf die Bedingungen xxx
3396 2448 5461 2645 der gegenerischen Sekundanten eingehen.
3855 2592 5653 2789 Die Besprechung fand am Montag in
3404 2731 5658 2960 Ischl statt. Wir kannten unsere Pflicht und
3402 2872 5564 3072 versuchten eine Milderung der Bedingungen
3404 3051 5711 3207 durchzusetzen und statt der fünfunfundzwanzig
3399 3198 5694 3366 Schritt mit Vorrücken, dreimaligen Kugelwech-
3396 3346 5764 3549 sel und eventuell darauf folgendem Säbel duell
3375 3525 5600 3666 bis zur Kampfunfähigkeit, einigten wir uns
3393 3660 5732 3849 am Ende doch auf dreissig Schritte Distanz
