6072 4088
3397 376 5679 650 zu sehen, bald, in einer Stunde, die Sehnsucht ihr
3409 599 5616 811 allein gegenüber zu stehen, eine Weile noch ihr
3427 778 5676 960 ungetrübtes helles Aug zu sehen, ehe es sich vor
3397 919 5789 1112 der unglückseligen Nachricht verdunkeln müsste, die
3463 1062 5610 1279 Hand zu spüren, die sich zum Gruss in die meine
3433 1244 5467 1429 legen würde, wenn auch nur für eine Sekunde.
3630 1372 5610 1560 Eines nur weiss ich, dass dies der Moment
3463 1485 5706 1706 war, in dem sich meine innere Beziehung plötzlich
3451 1700 5714 1870 veränderte, vielmehr in dem ich mir eines Gefühls
3469 1855 5807 2013 bewusst wurde, von dem ich unter anderen Umständen
3457 2022 5643 2177 vielleicht nichts geshnt, das ich zum mindesten
3433 2088 5711 2326 als sinnies und aussichtslos unterdrückt hätte).
3421 2288 5768 2493 (Auch jetzt für die nächste Zeit hatte es freilich
3457 2458 5720 2654 wenig Sinn, aber sie würde ihrem Gatten, dem unge-
3475 2610 4933 2830 treuen, nicht ewig nachtrauern.)
3803 2753 5634 2920 (Mit welcher Geschwindigkeit ging dies
3451 2902 5685 3120 alles durch meine Seele, es dauerte nicht länger
3463 3075 5726 3257 als meine abwehrende Handbewegung) und ich sagte:
3469 3215 5777 3403 "Sie haben recht, Doktor Mülling, ich übernehme die
3516 3400 3862 3546 Sache."
3827 3460 5634 3716 Nun war es, der nicht gleich beistimmen.
3481 3651 4435 3907 wollte. s anterann xxx
