<?xml version="1.0" encoding="UTF-8" standalone="yes"?>
<PcGts xmlns="http://schema.primaresearch.org/PAGE/gts/pagecontent/2013-07-15" xmlns:xsi="http://www.w3.org/2001/XMLSchema-instance" xsi:schemaLocation="http://schema.primaresearch.org/PAGE/gts/pagecontent/2013-07-15 http://schema.primaresearch.org/PAGE/gts/pagecontent/2013-07-15/pagecontent.xsd">
    <Metadata>
        <Creator>prov=READ-COOP:name=TrHtr:version=2.1.0:model_id=51170:date=28_07_2023_01:44</Creator>
        <Created>2023-05-10T11:11:53.809+02:00</Created>
        <LastChange>2023-07-28T01:44:52.540+02:00</LastChange>
        <TranskribusMetadata docId="1428128" pageId="55384495" pageNr="148" tsid="131313089" status="IN_PROGRESS" userId="64420" imgUrl="https://files.transkribus.eu/Get?id=TKBSIEJXDNNLEAGWAHVRAYGV&amp;fileType=view" xmlUrl="https://files.transkribus.eu/Get?id=IEYJSDOXOCSULVWCYHLQOFSC" imageId="44659394"/>
    </Metadata>
    <Page imageFilename="1428128_0148.jpg" imageWidth="6200" imageHeight="4120">
        <ReadingOrder>
            <OrderedGroup id="ro_1711825302121" caption="Regions reading order">
                <RegionRefIndexed index="0" regionRef="tr_2"/>
                <RegionRefIndexed index="1" regionRef="tr_1"/>
            </OrderedGroup>
        </ReadingOrder>
        <TextRegion id="tr_2" custom="readingOrder {index:0;}">
            <Coords points="274,314 2955,314 2955,1031 274,1031"/>
            <TextLine id="tr_2_tl_1" custom="readingOrder {index:0;}">
                <Coords points="529,539 805,444 2918,624 2901,369 2819,355 1966,297 1211,399 512,246"/>
                <Baseline points="537,364 626,376 716,388 806,400 895,412 985,423 1074,429 1164,435 1253,435 1343,441 1433,447 1522,459 1612,465 1701,471 1791,471 1880,471 1970,477 2060,483 2149,489 2239,495 2328,501 2418,501 2507,507 2597,507 2686,519 2776,525 2866,531 2919,531"/>
                <TextEquiv>
                    <Unicode>If mit ein ärztig, zAversolle feste</Unicode>
                </TextEquiv>
            </TextLine>
            <TextLine id="tr_2_tl_2" custom="readingOrder {index:1;}">
                <Coords points="379,662 2764,819 2750,594 2570,679 2348,563 1962,642 1727,543 1638,607 1116,488 369,488"/>
                <Baseline points="394,615 483,626 573,632 662,638 752,644 841,650 931,650 1021,650 1110,656 1200,656 1289,668 1379,674 1468,680 1558,686 1648,692 1737,698 1827,704 1916,704 2006,704 2095,716 2185,716 2274,728 2364,728 2454,734 2543,746 2633,758 2722,776 2770,782"/>
                <TextEquiv>
                    <Unicode>byt de Fing and lundi met</Unicode>
                </TextEquiv>
            </TextLine>
            <TextLine id="tr_2_tl_3" custom="readingOrder {index:2;}">
                <Coords points="263,979 1396,1058 1607,966 2467,979 2948,1065 2931,785 2088,839 983,652 556,741 246,665"/>
                <Baseline points="274,859 364,853 453,859 543,865 632,877 722,883 812,883 901,889 991,889 1080,895 1170,895 1259,901 1349,901 1439,907 1528,913 1618,913 1707,919 1797,919 1886,925 1976,925 2065,931 2155,937 2245,943 2334,943 2424,955 2513,961 2603,973 2692,985 2782,997 2872,1015 2955,1021"/>
                <TextEquiv>
                    <Unicode>mit 5 Pctl noch at sit nicht zu erschein</Unicode>
                </TextEquiv>
            </TextLine>
        </TextRegion>
        <TextRegion id="tr_1" custom="readingOrder {index:1;}">
            <Coords points="3284,397 6042,397 6042,3550 3284,3550"/>
            <TextLine id="tr_1_tl_1" custom="readingOrder {index:0;}">
                <Coords points="3266,471 4201,570 4494,512 4644,618 4839,512 5463,693 5883,604 5876,440 5242,478 4767,324 3262,345"/>
                <Baseline points="3284,447 3373,453 3463,459 3552,465 3642,471 3731,477 3821,477 3911,483 4000,483 4090,483 4179,489 4269,495 4358,501 4448,507 4537,513 4627,513 4717,513 4806,519 4896,519 4985,525 5075,525 5164,537 5254,537 5344,543 5433,549 5523,555 5612,561 5702,561 5791,567 5881,573 5887,573"/>
                <TextEquiv>
                    <Unicode>Uhr uden beigellet fakll if tif ne for</Unicode>
                </TextEquiv>
            </TextLine>
            <TextLine id="tr_1_tl_2" custom="readingOrder {index:1;}">
                <Coords points="3283,809 3853,720 4279,860 4576,747 5061,880 5303,788 6003,812 5996,638 5893,601 5358,727 4494,512 3273,553"/>
                <Baseline points="3296,686 3385,692 3475,692 3564,692 3654,698 3743,704 3833,704 3922,704 4012,704 4102,704 4191,710 4281,716 4370,722 4460,734 4549,740 4639,740 4729,752 4818,758 4908,758 4997,758 5087,764 5176,770 5266,770 5356,776 5445,782 5535,782 5624,788 5714,788 5803,794 5893,794 5982,806 6012,812"/>
                <TextEquiv>
                    <Unicode>hierfangte, sich jitterte, dit in ihr leibt.</Unicode>
                </TextEquiv>
            </TextLine>
            <TextLine id="tr_1_tl_3" custom="readingOrder {index:2;}">
                <Coords points="3290,932 3593,1031 4194,942 4808,1072 5607,1031 5849,1143 6030,1065 5986,812 5446,904 5286,799 5068,880 4556,764 4242,857 3860,723 3286,812"/>
                <Baseline points="3307,883 3397,883 3487,889 3576,901 3666,919 3755,925 3845,925 3934,931 4024,937 4114,937 4203,943 4293,943 4382,943 4472,949 4561,955 4651,955 4740,961 4830,967 4920,973 5009,973 5099,979 5188,979 5278,985 5367,985 5457,985 5547,991 5636,997 5726,997 5815,997 5905,997 5994,1003 6036,1009"/>
                <TextEquiv>
                    <Unicode>Lep villei nf huf p nemor</Unicode>
                </TextEquiv>
            </TextLine>
            <TextLine id="tr_1_tl_4" custom="readingOrder {index:3;}">
                <Coords points="3337,1170 4597,1228 4750,1157 5143,1147 5143,1068 4603,1054 4255,945 4126,1027 3566,1031 3334,945"/>
                <Baseline points="3355,1104 3445,1110 3534,1116 3624,1128 3713,1134 3803,1140 3893,1140 3982,1140 4072,1146 4161,1146 4251,1152 4340,1146 4430,1146 4520,1146 4609,1146 4699,1140 4788,1140 4878,1140 4967,1140 5057,1146 5147,1140"/>
                <TextEquiv>
                    <Unicode>M. N.M. I jetst you go there</Unicode>
                </TextEquiv>
            </TextLine>
            <TextLine id="tr_1_tl_5" custom="readingOrder {index:4;}">
                <Coords points="4992,1304 5037,1300 5044,1307 5050,1300 5071,1317 5095,1307 5136,1263 5156,1276 5163,1269 5204,1280 5231,1269 5225,1194 5197,1194 5167,1170 5146,1181 5095,1150 5085,1160 5050,1153 5044,1167 5013,1177 4986,1174"/>
                <Baseline points="5009,1247 5099,1253 5188,1259 5236,1259"/>
                <TextEquiv>
                    <Unicode>me</Unicode>
                </TextEquiv>
            </TextLine>
            <TextLine id="tr_1_tl_6" custom="readingOrder {index:5;}">
                <Coords points="3365,1471 3713,1406 3965,1502 4545,1358 5382,1583 5573,1471 6023,1484 6020,1266 5678,1184 5095,1334 4760,1160 3842,1293 3361,1181"/>
                <Baseline points="3385,1349 3475,1361 3564,1367 3654,1373 3743,1379 3833,1379 3922,1379 4012,1373 4102,1361 4191,1361 4281,1355 4370,1355 4460,1355 4549,1361 4639,1361 4729,1367 4818,1367 4908,1373 4997,1379 5087,1379 5176,1379 5266,1385 5356,1385 5445,1391 5535,1397 5624,1397 5714,1403 5803,1409 5893,1415 5982,1427 6030,1427"/>
                <TextEquiv>
                    <Unicode>Men is a leth Mmeif To hofus</Unicode>
                </TextEquiv>
            </TextLine>
            <TextLine id="tr_1_tl_7" custom="readingOrder {index:6;}">
                <Coords points="3320,1621 4330,1611 4904,1751 5620,1652 5999,1744 5992,1536 4883,1549 4545,1368 4027,1519 3713,1406 3314,1430"/>
                <Baseline points="3337,1582 3427,1588 3516,1594 3606,1600 3696,1606 3785,1606 3875,1606 3964,1606 4054,1606 4143,1600 4233,1594 4323,1594 4412,1600 4502,1594 4591,1594 4681,1600 4770,1606 4860,1612 4949,1612 5039,1606 5129,1618 5218,1624 5308,1624 5397,1624 5487,1636 5576,1648 5666,1653 5756,1659 5845,1665 5935,1671 6000,1677"/>
                <TextEquiv>
                    <Unicode>luitte de Straen geringer.</Unicode>
                </TextEquiv>
            </TextLine>
            <TextLine id="tr_1_tl_8" custom="readingOrder {index:7;}">
                <Coords points="3296,1819 4849,1839 5057,1979 5736,1870 6037,1938 6030,1744 5283,1655 4921,1761 4348,1614 3293,1703"/>
                <Baseline points="3313,1803 3403,1809 3493,1815 3582,1815 3672,1821 3761,1821 3851,1821 3940,1815 4030,1815 4120,1815 4209,1815 4299,1815 4388,1815 4478,1815 4567,1821 4657,1827 4746,1833 4836,1839 4926,1845 5015,1839 5105,1827 5194,1827 5284,1827 5373,1827 5463,1839 5553,1845 5642,1856 5732,1868 5821,1874 5911,1886 6000,1892 6042,1892"/>
                <TextEquiv>
                    <Unicode>Came dedwet f  a pn cui</Unicode>
                </TextEquiv>
            </TextLine>
            <TextLine id="tr_1_tl_9" custom="readingOrder {index:8;}">
                <Coords points="3317,2088 3781,2143 3999,2078 4197,2136 4638,2037 4798,2106 4876,2071 4883,1887 4320,1949 3958,1880 3709,1996 3604,1928 3447,1986 3320,1952"/>
                <Baseline points="3337,2048 3367,2042 3457,2048 3546,2048 3636,2036 3725,2030 3815,2024 3905,2024 3994,2024 4084,2018 4173,2018 4263,2024 4352,2018 4442,2012 4532,2012 4621,2006 4711,2000 4800,2006 4890,2012"/>
                <TextEquiv>
                    <Unicode>ou du pfiller est.</Unicode>
                </TextEquiv>
            </TextLine>
            <TextLine id="tr_1_tl_10" custom="readingOrder {index:9;}">
                <Coords points="3498,2286 4030,2276 4300,2426 5109,2372 5109,2088 5023,2065 4460,2123 4348,2071 4232,2136 3979,2075 3795,2167 3645,2095 3498,2146"/>
                <Baseline points="3516,2274 3594,2263 3684,2268 3773,2268 3863,2268 3952,2268 4042,2274 4131,2274 4221,2274 4311,2280 4400,2274 4490,2268 4579,2263 4669,2263 4758,2263 4848,2263 4938,2268 5027,2257 5117,2268"/>
                <TextEquiv>
                    <Unicode>Und meistere nur auch -</Unicode>
                </TextEquiv>
            </TextLine>
            <TextLine id="tr_1_tl_11" custom="readingOrder {index:10;}">
                <Coords points="3450,2621 3720,2652 3819,2594 3931,2624 3962,2607 4013,2645 4136,2614 4136,2409 3938,2433 3767,2399 3696,2348 3604,2375 3450,2361"/>
                <Baseline points="3469,2489 3558,2489 3648,2489 3737,2495 3827,2489 3916,2489 4006,2489 4096,2489 4143,2495"/>
                <TextEquiv>
                    <Unicode>und mei —</Unicode>
                </TextEquiv>
            </TextLine>
            <TextLine id="tr_1_tl_12" custom="readingOrder {index:11;}">
                <Coords points="3593,2808 3815,2747 4115,2832 5494,2757 5498,2573 4470,2658 4211,2549 4071,2638 3597,2634"/>
                <Baseline points="3612,2752 3624,2746 3713,2746 3803,2746 3893,2746 3982,2746 4072,2752 4161,2752 4251,2752 4340,2752 4430,2752 4520,2752 4609,2752 4699,2752 4788,2746 4878,2746 4967,2746 5057,2740 5147,2740 5236,2734 5326,2728 5415,2722 5505,2728"/>
                <TextEquiv>
                    <Unicode>Jedem Aigenblick. kommt Willen</Unicode>
                </TextEquiv>
            </TextLine>
            <TextLine id="tr_1_tl_13" custom="readingOrder {index:12;}">
                <Coords points="3501,2955 4597,2911 4972,2996 5583,2914 6016,3000 6013,2802 5713,2764 3498,2788"/>
                <Baseline points="3516,2884 3606,2889 3696,2895 3785,2901 3875,2907 3964,2913 4054,2913 4143,2907 4233,2901 4323,2907 4412,2913 4502,2907 4591,2907 4681,2913 4770,2919 4860,2919 4949,2919 5039,2919 5129,2919 5218,2919 5308,2919 5397,2919 5487,2919 5576,2913 5666,2913 5756,2919 5845,2925 5935,2925 6024,2931 6030,2925"/>
                <TextEquiv>
                    <Unicode>Stip Toud C. Theill Saneken. Es knt</Unicode>
                </TextEquiv>
            </TextLine>
            <TextLine id="tr_1_tl_14" custom="readingOrder {index:13;}">
                <Coords points="3395,3088 4682,3112 5324,3266 6003,3211 5921,2972 5228,3061 3392,2972"/>
                <Baseline points="3415,3063 3504,3063 3594,3063 3606,3063 3624,3063 3713,3063 3803,3069 3893,3075 3982,3081 4072,3081 4161,3081 4251,3081 4340,3087 4430,3087 4520,3087 4609,3087 4699,3098 4788,3098 4878,3110 4967,3116 5057,3122 5147,3134 5236,3134 5326,3134 5415,3140 5505,3146 5594,3146 5684,3152 5773,3152 5863,3158 5953,3170 6006,3176"/>
                <TextEquiv>
                    <Unicode>in time. Mr. Wollcie deren Ihn</Unicode>
                </TextEquiv>
            </TextLine>
            <TextLine id="tr_1_tl_15" custom="readingOrder {index:14;}">
                <Coords points="3539,3310 3761,3242 3856,3279 3935,3232 4088,3259 4129,3232 4214,3276 4525,3232 4525,3122 4477,3102 4358,3143 4252,3102 4092,3153 3863,3092 3539,3119"/>
                <Baseline points="3558,3206 3648,3212 3737,3212 3827,3224 3916,3224 4006,3224 4096,3218 4185,3212 4275,3212 4364,3212 4454,3212 4532,3224"/>
                <TextEquiv>
                    <Unicode>My ben time is</Unicode>
                </TextEquiv>
            </TextLine>
            <TextLine id="tr_1_tl_16" custom="readingOrder {index:15;}">
                <Coords points="3569,3385 3733,3423 3860,3392 3952,3433 4122,3430 4259,3378 4559,3477 4556,3279 4446,3242 4416,3273 4269,3242 4211,3273 4129,3228 4088,3259 3931,3232 3856,3276 3730,3245 3569,3283"/>
                <Baseline points="3588,3343 3678,3349 3767,3361 3857,3367 3946,3373 4036,3373 4125,3373 4215,3373 4305,3367 4394,3373 4484,3373 4561,3367"/>
                <TextEquiv>
                    <Unicode>Liewerft –?</Unicode>
                </TextEquiv>
            </TextLine>
            <TextLine id="tr_1_tl_17" custom="readingOrder {index:16;}">
                <Coords points="3529,3665 4334,3539 4917,3610 5149,3549 5504,3665 5504,3327 5238,3300 5078,3406 4709,3430 3529,3419"/>
                <Baseline points="3546,3516 3636,3528 3725,3534 3815,3534 3905,3534 3994,3528 4084,3534 4173,3534 4263,3534 4352,3534 4442,3528 4532,3528 4621,3528 4711,3528 4800,3528 4890,3534 4979,3534 5069,3534 5158,3534 5248,3534 5338,3540 5427,3540 5511,3540"/>
                <TextEquiv>
                    <Unicode>Echarroth last. Meibert einer</Unicode>
                </TextEquiv>
            </TextLine>
        </TextRegion>
    </Page>
</PcGts>
