6200 4136
3363 266 3800 549 14.11.1929
2542 340 2720 481 d
532 330 2982 680 recemblt in in cent shilling- love.
4184 559 5989 805 Ich war damals dreiundzwanzig Jahre alt
441 603 3114 912 pringen kleopte  donne
3767 764 5955 936 und es war mein siebentes Buell,-vielmehr nicht
5423 858 5787 943 was in the
4760 862 5245 959 an dem ich
454 808 3141 1178 de clord de, difire et, telque
3747 922 5978 1087 meines, aber das siebente als Sekundant teilnahm
3750 1007 5978 1256 Lächeln Sie meinetwegen, -ich weiss, es ist in un-
478 1054 3097 1377 if gettren plubt jenenan n
3737 1219 5958 1394 serer Zeit üblich geworden sich über derartige
3757 1363 6005 1582 Veranstaltungen lustig zu machen. Aber ich versi-
488 1266 2666 1586 Spat bezoule var eu en care
4100 1471 4592 1582 de febri.
1942 1478 3131 1720 de un matin pleant
3737 1528 5911 1747 chere Sie,- war schöner vor dreissig Jahren,
454 1542 2935 1899 Gesellsrift - weom 1 Matri
3743 1656 6026 1922 als man in gewissen Fällen mit seinem Lehen oder
3750 1835 5931 2026 wenigstens mit seiner Gesundheit für etwas ein-
478 1754 2986 2114 Mume, un temps je raveu en
3545 1939 3935 2050 smietzen.
4420 1959 4837 2067 frühert und
3740 2020 6019 2181 stehen musste, das möglicherweise in einem höheren
2333 2010 2538 2148 &c
458 2043 2932 2299 Wie daf er gewernt kann uns
3730 2191 5958 2343 Sinn gar nicht vorhanden xxx, oder für das einzu-
4002 2296 5595 2366 sten jetzt isje - und wenn Sie dabei selbst an die
5716 2309 5948 2417 in the
3730 2346 6029 2521 stehen es kaum der Mühe wert war.. Es ist immerhin
417 2286 3063 2555 vieland - uf recht of ulbt has
4679 2437 5733 2552 en saisi de lise scheint,
3730 2447 5834 2629 zu bedenken, dass man im allgemeinen immer für
3726 2602 5972 2703 noch mitjenigen, vollig nützlich und auf Befehl von
380 2491 3023 2794 Rauve nous avons de jours pour
3726 2649 6002 2821 nichts und wieder nichts stirbt und ganz ohne ei-
3821 2770 6053 2898 gestorben ist, wie man die fladhalle Hufgesteilen
431 2743 3100 2979 From halt him  - so wolle,
3730 2834 5800 2959 genes Dazutun Gefahren besteht, die nicht den
5537 2952 5793 3026 dans un
919 2898 2807 3144 in ohne told it in the unis ko
3737 2932 6049 3168 lergeringeten Sinn haben. Im Duell hat doch der
454 2966 3171 3322 Klar sovot tems in Anno in
3942 3073 4238 3191 Relict
4403 3104 5346 3225 mitzünden schafft
3706 3154 6022 3373 ###ie Wille eine gewisse Holle gespielt, auch dort,
3706 3255 5999 3484 wo es sich scheinbar um einen Zwang, um eine Kon-
3716 3461 5908 3669 vention oder meinetwegen um Snobismus handelte.
3689 3578 5904 3831 Dass man überhaupt mit der Möglichkeit oder der
