6088 4104
3273 468 5617 647 innerungen an Erlebnisse aus dem Freiwilligenjahr,
4087 591 4332 694 œuvre
3273 672 5569 804 das für Mülling zehn, für mich kaum drei Jahre zu-
3273 788 5557 996 rücklag,sprachen über das Leben der Offiziere in
3279 917 5657 1147 kleinen Garnisonen ;- aber wenn auch von jedem die-
3986 1065 4574 1156 auf sehr kurzen.
3273 1093 5551 1256 ser Themen ohne besonderén Umweg auf die Ursache
3292 1231 5748 1451 unserer Anwesenheit in diesem Städtchen hätte führe m
3273 1398 5752 1593 können,- von dem morgigen Duell war mit keinem Wort e
3292 1527 5576 1731 die Rede. und nur, als wir uns im Gang vor unseren
3279 1737 5711 1929 Zimmern in Mitternacht von einander verabschiedeten,
3298 1853 5670 2086 sagten wir zugleich, als bedürfe es noch ausdrückli-
3292 2036 5510 2196 cher Erinnerung: "Also morgen Früh sechs Uhr und
3292 2167 5695 2394 drückten uns mit übertriebener Freundschaftlich-
3286 2340 4781 2535 keit, mit gleichsam teilnahmsvoll
4772 2350 5617 2526 ger Wärme die Hand.
4366 2447 4781 2532 Mir ein inz
3638 2497 5664 2692 So kam es, dass er am nächsten Tag um sieben
3279 2654 5532 2840 Uhr vierzig,als Eduard Leuberger von der Kugel
5057 2764 5573 2862 auf der Vier
3279 2780 5632 2965 seines Gegners hingestreckt,tot am Waldbrand
3286 2950 5538 3100 lag, dieser mit seinen Zeugen sich entfernt hatte.
4885 3069 5353 3173 nott j. wille
3279 3091 5755 3273 und der Regimentsarzt, ein hagerer (gleichgültiger) Herr
3989 3229 4143 3317 habt
3279 3261 5805 3437 mit polnischem Schnurrbart, an uns die Frage richtet e,
4894 3380 5061 3465 me
3298 3380 5604 3603 was nach Abschluss der gerichtlichen/Formalitäten
3286 3546 5607 3729 mit dem Leichnam des Herrn Gefallenen (er drückte
