6200 4120
5681 218 5888 485 36
257 243 1287 471 A Hutterlin
3092 313 5663 665 Aline ging. Auf wiedersehen ja Für sagte ich
464 401 1727 693 seule rien de fait! -
3127 556 5554 841 Brief merkte Tafre da erst Not
274 584 2427 823 Suest a sec! Coan né plt utr iuh
236 732 2005 988 kem wuftiger par andern
3117 760 5804 1038 will in  of at uehrthot  niebuh oben Stelle
324 893 1688 1119 Schon-Pryin... Mienachd.
3155 911 5494 1224 siboutlered gunnemp by it befeild
380 992 2547 1319 We are not will member of - of - I
3183 1164 5537 1407 Frieder nur bis auf 1 Weisel hinaar
285 1189 2420 1498 Mr. He ist erfahren. A ist todt.
3166 1368 5709 1664 do that we in write the state - if
390 1368 2177 1597 tullen, de altre telle nalist. A...
3148 1527 5765 1840 Noch unerleit wuß schon – was mit
373 1544 1428 1843 - summe Alioui.
3148 1790 5804 2079 at Fr de Scheideowen Gupyis.
383 1829 2526 2040 pfaltur auf, wie verschoten de Prüfere
3113 1914 4822 2177 at de Rapp, Abel Rie -
405 1987 2519 2241 Cahier ici, une viell : En Chez
3109 2079 5783 2476 Item Sr Mon tard of see mef juproike
345 2149 2103 2381 Siebruge nur wo ausd Sladt
2191 2209 2402 2459 be
362 2311 2592 2638 I am if work of A. J.C. Sta.thall
3127 2300 5814 2708 iolage Aliard ca. J'en teftouve
415 2540 1196 2740 nach Mier -
3102 2599 5927 3000 bei leibte jureser (wäch ihm ein
457 2656 2406 2934 ater fort, wit indeel Beit¬
3120 2835 5758 3173 at ne doyn me -1 - is set in
549 2828 2814 3120 - Er ist uns d. auf Blatt
626 3022 2863 3299 Nun heil wenn? Oh! - ich mehr
3085 3102 5737 3426 Angelse wk kntur in pauvre in
573 3254 2515 3577 h. he kommt ja wissen nur?
3155 3342 5719 3539 in ut culcken is jetzt u xxx
644 3433 2438 3743 The Inomant - (Ruf - u/ set
3187 3475 5632 3816 "   erer F- ufbet ist a beim Vorbehaf
626 3609 2223 3880 shelbes im Lebthwort ich
