5976 4120
3972 418 4401 558 sumlet
3538 525 5363 657 Ich konnte mir wohl denken, dass Dr.
3697 596 4046 698 et altes
1888 533 2196 720 Gif a
3323 627 5212 830 Müllnig über den wahren und offenbar
3329 783 5487 979 ernsteren Grund des Duells mehr wusste, als
3329 918 5451 1113 ich oder kaum als Freund Loibergers gelten
3329 1083 5451 1275 konnte)der Gedanke, dass Eduards sehr hüb-
3323 1306 5344 1435 sche junge Frau als Ursache in Betracht
3590 1383 4096 1471 ment onze
4217 1380 5360 1462 or aller - der you sambles no
3298 1427 5445 1570 kam, lag mir fern, denn der Rittmeister war
3309 1575 5487 1765 es ja, der Eduard gefordert hatte, so müsste
3307 1726 5487 1916 wohl auch Eduard der Beleidiger sein, und
3323 1850 5390 2053 überdies hatte ich in den vierzehn Tagen
3304 2009 5459 2152 meines Aufenthalts am See bei dem oftmal-
4676 2141 5522 2237 re nopn heil Seult
3298 2166 5371 2334 gem Zusammensein mit dem jungen Paak, an-
3309 2369 5382 2490 lässlich vän Ruderpartien, Spaziergänge
3304 2479 5228 2683 Mahlzeiten, stets den Eindruck gehabt,
3315 2625 5459 2839 dass es eine schattenlos glückliche durch
4684 2771 5693 3002 Mr Helti-sofor en fjegel
3301 2787 4593 2966 nichts getrübte Ehe war.
4008 2894 4689 2999 Heurde Vilt.
3587 2966 5525 3120 Ein unglücklicher Ausgang des Duells
3298 3087 5487 3257 war mir unwahrscheinlich umso mehr als wir
3298 3238 5503 3417 die wilderung der Reingungen so leicht hat-
4527 3386 5572 3518 Nachricht laut
3304 3397 5432 3639 ten durchsetzen können.) Vielleicht war es
3315 3593 5349 3777 wirklich nur ein Wortstreit gewesen, der
