6072 4088
5398 332 5556 532 18
4621 399 5626 606 The Matcheit zeigen — how I
3185 476 5646 727 den worden, bemerkte Mülling: „Eigentlich hätte ich es
3376 643 4096 760 is a him put
3178 673 5495 928 schon im vorigen Jahr erwartet. Denn sie benahmen
3185 817 5649 1045 sich beide so unvorsichtig als nur möglich, unser mit
3178 995 5673 1155 Freund Eduard sowohl als Frau von Urpadinzky (so hiess
4347 1132 4631 1239 Jedem.
3178 1132 5458 1366 der Rittmeister. Alle im Ort, in der Sommerfrische
3158 1293 5679 1497 meine ich wussten von der Sache. Es war sogar bekannt,
4869 1453 5455 1557 Aus Ander
3158 1443 5683 1678 dass zwei junge Damen, die Tochter des Doktors und eine
4253 1591 4712 1708 Liebesluite
3168 1571 5629 1798 Freundin, die beiden Eduard und Frau Urpadinzky einmal
3161 1735 5609 1959 am gegenüberliegenden Ufer in einer ziemlich verfäng-
3175 1899 5777 2133 lichen Situation angetroffen hatten. Nur der Rittmeister
4839 2056 5237 2173 in him.
3151 2049 5700 2250 hat e keine Ahnung. Erst im Herbst erhielt er anonyme
4075 2207 4390 2311 wolle
3128 2207 5726 2441 Briefe. Anfangs kümmerte er sich nicht darum, dann ging
3978 2368 4564 2475 a ses retenus ce
3138 2368 5623 2632 er der Sache nach, endlich scheint seine Frau ge-
3144 2535 5844 2773 stahden zu haben unter den ewigen Martern seiner Fragen, —
3094 2649 3248 2769 in
3131 2662 5710 2873 am letzten Sonntag. Sie wissen es ja, fuhr er herüber und
5083 2853 5860 3021 dit het il est pris -
3141 2813 5636 3017 dann machte sich ja alles von selbst." -
5050 3014 5609 3148 Rudew jedoch
3546 3007 5746 3262 „Also das“, sagte ich vor mich hin.
5318 3067 5723 3168 Moejull
5070 3165 5304 3268 magte in
3556 3158 5659 3382 "Nun", bemerkte Müllig mit einiger Ueber-
3134 3305 5529 3520 legenheit, „was dachten Sie sich denn eigentlich? Zum
3121 3466 5803 3660 Spass er schiessen sich zwei erwachsene Leute im Allgemeinen
