6088 4152
3510 388 4642 609 & ure für morgen besprechen konnte
3433 549 5501 695 gen Ausflugsprogramms von einer befreundeten
4297 661 4857 764 in our
5317 638 5524 764 wersen
3450 753 5532 896 Familie zu bestellen, einmal um Agathens Cape,
4625 816 5148 922 au Sie promenant
3993 824 4214 936 by Ch
3450 879 5624 1025 das ich ihr abends vorher auf einem Spaziergang
3450 1057 5576 1158 getragen, zurückzubringen. Und beide Male hatte
3438 1206 5636 1313 man mich zu Tische dabehalten. Aber es war doch
3456 1364 5587 1459 jedesmal ein Anlass für mein Kommen vorhanden,
3461 1499 5415 1606 während heute - - doch,doch, immerhin hatte
4159 1583 4455 1692 fehlte.
3467 1600 5633 1784 ich einen Anlass. Gefälge Frau, Ihr Gatte - aber
3479 1746 4182 1841 &c=   Michakutoum
3461 1804 5576 1907 ich war völlig unfähig ein Wort, wenigstens das
4941 1876 5547 1988 him if will do so
3456 1968 5630 2062 richtige Wort herauszubringen. Ich schalt mich,
3467 2091 5532 2209 ich beschimpfte mich innerlich darum und ich
3456 2215 5696 2384 antwortete mir innerlich: Auf drei Minuten kommt
4978 2341 5567 2462 myluss inkeyn
3456 2381 5653 2582 es ja nicht an. Ich will es ihr ja in Ruhe mit-
3467 2588 5650 2763 teilen, ich will nicht am Ende selbst in Thränen
3484 2735 5584 2832 ausbrechen oder überhaupt nicht zu Ende reden
3467 2821 5564 3051 können. Also Fassung vor allem.) d. de et
3711 2973 4587 3071 Kreisämtl. in der Kirchen
3772 3056 5593 3160 “Nein, Liebste“, sagte Aline,“ich bleibe
3476 3177 5719 3367 keineswegs. Ich werde zu Hause erwartet.“ Und sie
3473 3349 5782 3476 gab sich keine Mühe ihr Vergnügen zu verbergen.
3717 3427 5630 3573 mé très bien aussi bien à l'autre
3479 3519 5438 3677 Denn (wahre Freundinnen schwanken immer nur
4217 3588 4941 3809 re 1 f 0 x
