6008 4184
3457 553 5590 732 losigkeit hätte man etwas erwiedern können und
3446 693 5562 901 allem damit ein rasches Ende machen. Aber ich
3454 856 5559 1036 tat es nicht. Und da ich ihr nichts erwiedern
3457 1007 5657 1187 konnte und wollte, so blieb ich weiter im Bezirk
3668 1151 3889 1252 tung
3457 1151 5562 1355 der Phantasie vielleicht,wo die un-
3449 1400 5520 1619 widersprechliche Tatsache noch keine Geltung
3446 1591 5610 1779 hatte und sagte: "Könnte das Schick-
3463 1762 5669 1934 sal vielleicht nicht auch für mich entscheiden?"
5352 1849 5632 1942 ment
3766 1891 5660 2088 Sie fasste mich an der Schulter. Nun war
3463 2049 5615 2217 wirkliche Angst in ihren Augen:“Wo verirrst du
3457 2180 5091 2385 dich hin? Wo verirren wir uns hin?"
3828 2340 5697 2526 Und in diesem Augenblick fühlte ich, dass
3446 2472 5526 2655 sie für ihn hangte, für Ihn zitterte, dass sie
3440 2658 5514 2868 ihn liebte, dass er alles und dass ich nichts
3452 2784 5584 3017 für sie war. Und ich fragte mich: wäre das Un-
3452 2938 5556 3171 glück leichter zu tragen, der Schmerz geringer
3452 3092 5556 3314 für sie, wenn sie erführe, dass er für eine An-
3446 3252 5697 3454 dere gestorben war. Oder wenn ich sie so erobern
3443 3421 5596 3640 könnte, dass ihr sein Tod wenig oder nichts be-
3457 3578 3850 3758 deutet?
