6200 4136
5837 160 6007 331 to
529 202 1267 462 htill yeill
3202 289 5432 613 kennen (crudtlich) but mit war.
125 231 2445 677 Ein Entr. zu lehrt nach 4 fol.
148 581 2711 927 auf die Lage ein. Sie tief
3286 552 5827 847 Mir zu wisste, wie in de hin
3340 748 5901 1075 Kiste, in dritt in aller oder Hage¬
135 773 2711 1123 art k takennis; and I am left
475 985 1653 1206 -deis, heuf et blanc,
2163 1017 2711 1197 du Or
3276 1104 5737 1383 und wir auch zu zeven Rem
202 1078 2715 1389 Ce plaibiflee; stadu a des
282 1312 2779 1646 Sie int in the und bal. we are
3340 1280 5705 1614 die sonst (eigeneb) mit dem
359 1524 2756 1867 out 5 Landp.M. in the road -
3302 1537 5699 1867 we see ange that besoosten
372 1742 2792 2102 Cempe dofte Th., - A/ regh or is you
3318 1810 5596 2066 morthe jus riit t all
366 1916 2622 2346 lant vianumt of weertoe
545 2150 2512 2477 Je in bemerk Mitte - d'en
485 2349 2670 2718 [illegible]  biquelle
568 2631 2554 2914 nn - out jours -
529 2798 1839 3125 Jugleuf int. At 7
802 2971 2654 3279 Mit uns leitet. Me rathl wegen
947 3238 2131 3411 & to you in the last
1030 3376 1851 3587 N=o. Esq n-
1094 3530 2631 3729 Stutslow in Meleburg.
1069 3648 2445 3921 "Bint rede venir pour
