<?xml version="1.0" encoding="UTF-8" standalone="yes"?>
<PcGts xmlns="http://schema.primaresearch.org/PAGE/gts/pagecontent/2013-07-15" xmlns:xsi="http://www.w3.org/2001/XMLSchema-instance" xsi:schemaLocation="http://schema.primaresearch.org/PAGE/gts/pagecontent/2013-07-15 http://schema.primaresearch.org/PAGE/gts/pagecontent/2013-07-15/pagecontent.xsd">
    <Metadata>
        <Creator>prov=READ-COOP:name=TrHtr:version=2.1.0:model_id=51170:date=28_07_2023_01:44</Creator>
        <Created>2023-05-10T11:11:43.336+02:00</Created>
        <LastChange>2023-07-28T01:44:15.633+02:00</LastChange>
        <TranskribusMetadata docId="1428128" pageId="55384135" pageNr="79" tsid="131313019" status="IN_PROGRESS" userId="64420" imgUrl="https://files.transkribus.eu/Get?id=KTQDBCCAHURWRYSBCQCULHMH&amp;fileType=view" xmlUrl="https://files.transkribus.eu/Get?id=ZDNSJYAJDXIZFQHHDMWIRWEG" imageId="44659035"/>
    </Metadata>
    <Page imageFilename="1428128_0079.jpg" imageWidth="6200" imageHeight="4168">
        <ReadingOrder>
            <OrderedGroup id="ro_1711825183518" caption="Regions reading order">
                <RegionRefIndexed index="0" regionRef="tr_1"/>
            </OrderedGroup>
        </ReadingOrder>
        <TextRegion id="tr_1" custom="readingOrder {index:0;}">
            <Coords points="3308,481 5756,481 5756,3610 3308,3610"/>
            <TextLine id="tr_1_tl_1" custom="readingOrder {index:0;}">
                <Coords points="5232,562 5304,551 5356,582 5402,576 5396,404 5373,404 5359,415 5336,401 5312,406 5301,421 5266,438 5252,424 5226,421"/>
                <Baseline points="5248,537 5338,531 5410,543"/>
                <TextEquiv>
                    <Unicode>14</Unicode>
                </TextEquiv>
            </TextLine>
            <TextLine id="tr_1_tl_2" custom="readingOrder {index:1;}">
                <Coords points="3315,689 3643,770 5044,689 5373,761 5624,729 5624,545 5405,617 4969,533 4759,614 4569,542 4332,617 3315,617"/>
                <Baseline points="3332,674 3421,674 3511,674 3600,674 3690,680 3779,680 3869,680 3959,686 4048,680 4138,680 4227,680 4317,680 4406,686 4496,686 4585,686 4675,686 4765,686 4854,686 4944,686 5033,686 5123,686 5212,686 5302,686 5392,686 5481,686 5571,686 5630,686"/>
                <TextEquiv>
                    <Unicode>touristisch gekleidet, ein Tisch mit vier bis</Unicode>
                </TextEquiv>
            </TextLine>
            <TextLine id="tr_1_tl_3" custom="readingOrder {index:2;}">
                <Coords points="3306,911 3857,845 3963,914 4802,850 5053,928 5422,902 5583,876 5581,744 3303,741"/>
                <Baseline points="3320,835 3409,830 3499,830 3588,835 3678,835 3767,835 3857,835 3947,835 4036,841 4126,841 4215,841 4305,841 4394,841 4484,841 4574,841 4663,841 4753,841 4842,841 4932,841 5021,847 5111,841 5201,841 5290,841 5380,847 5469,841 5559,841 5589,835"/>
                <TextEquiv>
                    <Unicode>fünf Offizieren weit genug von uns nahm kei¬</Unicode>
                </TextEquiv>
            </TextLine>
            <TextLine id="tr_1_tl_4" custom="readingOrder {index:3;}">
                <Coords points="3321,1055 3569,997 5618,1058 5618,931 5111,882 5001,951 4537,945 4200,853 3321,937"/>
                <Baseline points="3337,991 3427,991 3517,991 3606,991 3696,997 3785,997 3875,997 3964,997 4054,991 4144,997 4233,997 4323,997 4412,1003 4502,997 4591,997 4681,997 4771,1003 4860,1003 4950,997 5039,997 5129,1003 5218,1003 5308,1003 5398,1003 5487,1003 5577,1003 5625,1009"/>
                <TextEquiv>
                    <Unicode>ne Notiz von uns, die gegnerschen Sekundanten</Unicode>
                </TextEquiv>
            </TextLine>
            <TextLine id="tr_1_tl_5" custom="readingOrder {index:4;}">
                <Coords points="3321,1159 3548,1219 4018,1159 4589,1228 4678,1167 4906,1176 4906,1067 4845,1061 4592,1107 4505,1061 4090,1092 3802,1020 3321,1061"/>
                <Baseline points="3337,1146 3427,1146 3517,1146 3606,1146 3696,1146 3785,1152 3875,1152 3964,1152 4054,1152 4144,1152 4233,1152 4323,1152 4412,1152 4502,1152 4591,1152 4681,1152 4771,1152 4860,1158 4914,1164"/>
                <TextEquiv>
                    <Unicode>waren übrigens nicht darunter.</Unicode>
                </TextEquiv>
            </TextLine>
            <TextLine id="tr_1_tl_6" custom="readingOrder {index:5;}">
                <Coords points="3713,1366 4569,1314 4863,1395 5016,1343 5497,1395 5448,1234 3710,1199"/>
                <Baseline points="3726,1301 3815,1307 3905,1301 3994,1301 4084,1307 4173,1301 4263,1301 4353,1301 4442,1301 4532,1301 4621,1307 4711,1307 4800,1307 4890,1307 4980,1307 5069,1313 5159,1307 5248,1307 5338,1313 5427,1307 5499,1313"/>
                <TextEquiv>
                    <Unicode>Ich konntemir wohl denken, dass Dr.</Unicode>
                </TextEquiv>
            </TextLine>
            <TextLine id="tr_1_tl_7" custom="readingOrder {index:6;}">
                <Coords points="3292,1496 5552,1496 5500,1372 3292,1363"/>
                <Baseline points="3308,1457 3397,1457 3487,1457 3576,1457 3666,1462 3755,1462 3845,1462 3935,1462 4024,1462 4114,1462 4203,1462 4293,1462 4382,1462 4472,1462 4562,1462 4651,1462 4741,1462 4830,1462 4920,1462 5009,1462 5099,1462 5189,1462 5278,1462 5368,1462 5457,1462 5547,1468 5559,1462"/>
                <TextEquiv>
                    <Unicode>Müllnig mehr von dem wahren Grund des Duells</Unicode>
                </TextEquiv>
            </TextLine>
            <TextLine id="tr_1_tl_8" custom="readingOrder {index:7;}">
                <Coords points="5448,1568 5477,1554 5534,1562 5546,1551 5592,1571 5624,1554 5748,1571 5756,1441 5696,1438 5679,1453 5647,1441 5609,1470 5549,1476 5523,1496 5454,1487"/>
                <Baseline points="5463,1546 5487,1540 5577,1540 5666,1522 5756,1528"/>
                <TextEquiv>
                    <Unicode>soe</Unicode>
                </TextEquiv>
            </TextLine>
            <TextLine id="tr_1_tl_9" custom="readingOrder {index:8;}">
                <Coords points="3318,1689 3886,1623 4134,1683 5589,1646 5589,1559 5367,1487 4894,1559 4598,1484 4272,1559 3321,1508"/>
                <Baseline points="3337,1612 3355,1612 3445,1612 3535,1618 3624,1618 3714,1618 3803,1618 3893,1618 3982,1618 4072,1618 4162,1618 4251,1618 4341,1618 4430,1618 4520,1618 4609,1618 4699,1618 4789,1618 4878,1618 4968,1618 5057,1618 5147,1618 5236,1618 5326,1618 5416,1618 5505,1612 5595,1594"/>
                <TextEquiv>
                    <Unicode>wusste, als ich, der Zufallsbekannte; die Ver-</Unicode>
                </TextEquiv>
            </TextLine>
            <TextLine id="tr_1_tl_10" custom="readingOrder {index:9;}">
                <Coords points="3303,1822 5552,1813 5552,1683 3303,1683"/>
                <Baseline points="3320,1767 3409,1767 3499,1767 3588,1773 3678,1773 3767,1773 3857,1773 3947,1773 4036,1773 4126,1767 4215,1767 4305,1767 4394,1767 4484,1767 4574,1767 4663,1767 4753,1767 4842,1773 4932,1773 5021,1773 5111,1773 5201,1773 5290,1773 5380,1773 5469,1773 5559,1779"/>
                <TextEquiv>
                    <Unicode>mutung, dass Eduards sehr hübsche junge Frau</Unicode>
                </TextEquiv>
            </TextLine>
            <TextLine id="tr_1_tl_11" custom="readingOrder {index:10;}">
                <Coords points="3321,1937 4563,1934 4641,1998 4926,1934 5275,2009 5552,1940 5557,1842 3318,1822"/>
                <Baseline points="3337,1922 3427,1922 3517,1916 3606,1916 3696,1916 3785,1916 3875,1922 3964,1922 4054,1922 4144,1922 4233,1922 4323,1928 4412,1928 4502,1928 4591,1922 4681,1922 4771,1922 4860,1928 4950,1928 5039,1928 5129,1928 5218,1928 5308,1928 5398,1928 5487,1928 5565,1928"/>
                <TextEquiv>
                    <Unicode>in der Sache eine Rolle spielte, konnte sich</Unicode>
                </TextEquiv>
            </TextLine>
            <TextLine id="tr_1_tl_12" custom="readingOrder {index:11;}">
                <Coords points="3525,2021 3609,1995 3695,2012 3782,1995 3992,2041 4105,2024 4099,1934 4061,1957 3961,1923 3860,1960 3776,1934 3672,1960 3522,1943"/>
                <Baseline points="3541,1988 3630,1988 3720,1988 3809,1994 3899,2000 3988,2006 4078,2006 4108,2006"/>
                <TextEquiv>
                    <Unicode>nicht aufkommen</Unicode>
                </TextEquiv>
            </TextLine>
            <TextLine id="tr_1_tl_13" custom="readingOrder {index:12;}">
                <Coords points="3321,2113 3796,2182 4719,2090 5284,2168 5451,2127 5451,1957 5200,2018 4243,1977 3995,2049 3321,1986"/>
                <Baseline points="3337,2072 3427,2072 3517,2078 3606,2078 3696,2078 3785,2084 3875,2084 3964,2084 4054,2078 4144,2078 4233,2078 4323,2078 4412,2084 4502,2078 4591,2078 4681,2078 4771,2078 4860,2078 4950,2078 5039,2078 5129,2078 5218,2078 5308,2078 5398,2078 5457,2078"/>
                <TextEquiv>
                    <Unicode>bei mir kaum erheben, denn der Rittmeister</Unicode>
                </TextEquiv>
            </TextLine>
            <TextLine id="tr_1_tl_14" custom="readingOrder {index:13;}">
                <Coords points="3309,2286 5537,2277 5627,2257 5627,2101 3309,2179"/>
                <Baseline points="3326,2227 3415,2233 3505,2233 3594,2233 3684,2239 3773,2233 3863,2239 3953,2239 4042,2239 4132,2239 4221,2233 4311,2233 4400,2239 4490,2233 4580,2233 4669,2233 4759,2233 4848,2233 4938,2233 5027,2233 5117,2233 5207,2233 5296,2239 5386,2239 5475,2239 5565,2233 5630,2239"/>
                <TextEquiv>
                    <Unicode>war es ja, der Eduard gefordert hatte und in</Unicode>
                </TextEquiv>
            </TextLine>
            <TextLine id="tr_1_tl_15" custom="readingOrder {index:14;}">
                <Coords points="3298,2416 5408,2441 5408,2318 5226,2245 5073,2306 3298,2335"/>
                <Baseline points="3314,2388 3403,2382 3493,2382 3582,2388 3672,2388 3761,2388 3851,2394 3941,2388 4030,2388 4120,2388 4209,2394 4299,2388 4388,2394 4478,2388 4568,2388 4657,2388 4747,2388 4836,2388 4926,2394 5015,2394 5105,2394 5195,2388 5284,2388 5374,2394 5416,2394"/>
                <TextEquiv>
                    <Unicode>den vierzehnTagen meines Aufenthalts bei</Unicode>
                </TextEquiv>
            </TextLine>
            <TextLine id="tr_1_tl_16" custom="readingOrder {index:15;}">
                <Coords points="3306,2620 3600,2554 5581,2600 5578,2465 5373,2444 3303,2447"/>
                <Baseline points="3320,2537 3409,2537 3499,2537 3588,2537 3678,2537 3767,2543 3857,2543 3947,2543 4036,2543 4126,2543 4215,2543 4305,2543 4394,2543 4484,2543 4574,2543 4663,2543 4753,2543 4842,2543 4932,2543 5021,2543 5111,2543 5201,2543 5290,2543 5380,2549 5469,2549 5559,2549 5583,2549"/>
                <TextEquiv>
                    <Unicode>öfterem Zusammensein mit dem jüngen Paar,ge-</Unicode>
                </TextEquiv>
            </TextLine>
            <TextLine id="tr_1_tl_17" custom="readingOrder {index:16;}">
                <Coords points="3303,2701 5621,2741 5621,2591 3303,2614"/>
                <Baseline points="3320,2699 3385,2693 3475,2693 3564,2693 3654,2693 3744,2699 3833,2699 3923,2699 4012,2693 4102,2699 4191,2699 4281,2699 4371,2699 4460,2699 4550,2699 4639,2699 4729,2699 4818,2699 4908,2699 4998,2699 5087,2699 5177,2699 5266,2699 5356,2699 5445,2699 5535,2699 5625,2693"/>
                <TextEquiv>
                    <Unicode>meinsamen Ruderpartien, Spaziergängen, Mahlzei-</Unicode>
                </TextEquiv>
            </TextLine>
            <TextLine id="tr_1_tl_18" custom="readingOrder {index:17;}">
                <Coords points="3321,2854 5491,2914 5609,2880 5609,2738 3321,2787"/>
                <Baseline points="3337,2842 3427,2842 3517,2842 3606,2842 3696,2842 3785,2842 3875,2842 3964,2842 4054,2842 4144,2842 4233,2842 4323,2842 4412,2842 4502,2842 4591,2842 4681,2842 4771,2848 4860,2848 4950,2848 5039,2848 5129,2848 5218,2848 5308,2848 5398,2848 5487,2848 5577,2848 5613,2848"/>
                <TextEquiv>
                    <Unicode>ten, Teunisspiel hatte ich stets den Eindruck</Unicode>
                </TextEquiv>
            </TextLine>
            <TextLine id="tr_1_tl_19" custom="readingOrder {index:18;}">
                <Coords points="3298,3047 5503,3067 5503,2932 5174,2865 4528,2940 4240,2880 3669,2937 3525,2862 3298,2914"/>
                <Baseline points="3314,3009 3361,3003 3451,3003 3541,2997 3630,3003 3720,2997 3809,2997 3899,2997 3988,2997 4078,2997 4168,2997 4257,2997 4347,2997 4436,2997 4526,3003 4615,3003 4705,3003 4794,3003 4884,3003 4974,3003 5063,3003 5153,3003 5242,3003 5332,3003 5421,3003 5511,3003"/>
                <TextEquiv>
                    <Unicode>gehabt, dass es eine schattenlos glückliche</Unicode>
                </TextEquiv>
            </TextLine>
            <TextLine id="tr_1_tl_20" custom="readingOrder {index:19;}">
                <Coords points="3303,3159 3505,3200 3704,3153 3949,3223 4249,3165 4332,3208 4889,3165 4843,3050 4370,3104 3998,3081 3906,3024 3300,3087"/>
                <Baseline points="3320,3158 3409,3152 3499,3158 3588,3152 3678,3152 3767,3152 3857,3152 3947,3152 4036,3158 4126,3152 4215,3152 4305,3152 4394,3152 4484,3158 4574,3152 4663,3158 4753,3158 4842,3158 4896,3158"/>
                <TextEquiv>
                    <Unicode>durch nichts getrübte Ehe war.</Unicode>
                </TextEquiv>
            </TextLine>
            <TextLine id="tr_1_tl_21" custom="readingOrder {index:20;}">
                <Coords points="3741,3352 5315,3344 5295,3188 4822,3234 4243,3168 3739,3243"/>
                <Baseline points="3755,3302 3845,3302 3935,3308 4024,3308 4114,3302 4203,3302 4293,3302 4382,3302 4472,3302 4562,3302 4651,3308 4741,3308 4830,3308 4920,3314 5009,3314 5099,3314 5189,3308 5278,3314 5320,3314"/>
                <TextEquiv>
                    <Unicode>Ein unglücklicher Ausgang des</Unicode>
                </TextEquiv>
            </TextLine>
            <TextLine id="tr_1_tl_22" custom="readingOrder {index:21;}">
                <Coords points="3298,3499 5220,3505 5546,3465 5546,3373 3998,3387 3649,3312 3298,3387"/>
                <Baseline points="3314,3445 3403,3445 3493,3445 3582,3445 3672,3445 3761,3445 3851,3445 3941,3445 4030,3445 4120,3445 4209,3445 4299,3445 4388,3445 4478,3445 4568,3445 4657,3445 4747,3445 4836,3445 4926,3445 5015,3451 5105,3451 5195,3451 5284,3451 5374,3451 5463,3451 5553,3439"/>
                <TextEquiv>
                    <Unicode>Duells war im Grund unwahrscheinlich. Viel-</Unicode>
                </TextEquiv>
            </TextLine>
            <TextLine id="tr_1_tl_23" custom="readingOrder {index:22;}">
                <Coords points="3292,3632 4546,3629 4845,3713 5436,3643 5436,3514 5298,3482 4724,3537 4010,3471 3793,3540 3292,3488"/>
                <Baseline points="3308,3588 3397,3594 3487,3594 3576,3594 3666,3594 3755,3594 3845,3594 3935,3594 4024,3594 4114,3588 4203,3588 4293,3588 4382,3588 4472,3594 4562,3594 4651,3594 4741,3588 4830,3594 4920,3594 5009,3594 5099,3594 5189,3594 5278,3594 5368,3600 5445,3594"/>
                <TextEquiv>
                    <Unicode>leicht war es wirklich nur ein Wortstreit</Unicode>
                </TextEquiv>
            </TextLine>
        </TextRegion>
    </Page>
</PcGts>
