6283 4104
2844 240 3071 481 31.
196 312 2848 637 at get in brief - will the boile
3329 295 6014 728 en weis & himpel, oder s. nächstweigung
200 484 2584 924 Nille M. - Sali Platz des
3393 525 5371 880 - Agatt so redite if will
5415 603 5777 891 nicht
3329 823 5865 1107 was go - aben es kla wollet uyt
230 742 2465 1077 Hble; - ergens, but by in you
217 1029 2750 1334 &ufs Verard blieb u daher – sehr
3298 1006 5824 1307 the croit,- and plozle I wehr
708 1175 1033 1402 1st
3322 1270 6044 1605 Sie woll, fiel ploffert ein Blick
210 1266 2797 1520 de Parleitreseul, - Tait, du
251 1487 2682 1798 [illegible] the c-c-virstellll, but
3335 1507 5902 1801 fte zu flubtig aber nicht kosten. ich
4409 1690 4961 1883 irrterpnt
257 1720 2753 2039 an nicht erschei –, wie weil ein
3342 1747 5848 2110 -nicht - so wir mit eifen
251 1923 2763 2364 inbutuunt secle aufkreisitin
3325 1984 5239 2337 daß auch h. etwindelte.
3552 2235 5950 2465 (Mecerweise-cut: Wole Umsprechent -
281 2171 2855 2570 Litzgelegenheiten, auch in heben
3572 2377 5824 2682 von der glücken.“ Allen frei wenn – in Rent - auf
904 2431 2475 2618 weit Helbland
288 2523 2492 2797 cui de sisdanteur Jedeckot.
3562 2560 5818 2807 brath – in in tren pheugt – t-elle u nicht kein
2611 2580 2800 2780 D
318 2709 2841 3014 get, schlof or then - a liep compt allen-
3569 2709 4588 2916 -sene-Vulchtheit.
3657 2824 5845 3112 Ab welcher – ich wohl in ihrem - ich keine
667 2912 2821 3264 - Jetzt kam d in pficht it we
3661 3037 5465 3298 Abtung im Tiet setzen - an St. C.
647 3112 2821 3478 (vor 10 Jahre, als laut 3 M, et erlebt.
3705 3224 4727 3427 Un fois -, tuchid -
518 3295 1216 3566 Kloo
3732 3335 5939 3566 (at us gibt heim tigkeit, das auf hof kom¬
3799 3474 5872 3735 auf sagte. Tlieb mit mir – fort - et de temps
698 3491 2367 3772 J de p. n. peut, partelt -
3806 3600 5489 3820 Bremont - sterbrantete - allein -
552 3671 2276 3948 Agett skreif is not angelantet
5608 3674 6065 3942 Cuit Eibel
3667 3738 5865 3975 m-kundinfhelf + hisnenlls  shad Ral
4941 3901 5313 4003 0
