6200 4120
1482 153 1726 373 Bise
171 265 2970 558 die univulassen; - stos du dieuen, & du
3197 261 5292 701 not and Edieu would not
5355 359 5616 648 1-
132 439 2583 795 Celle moisté; -  -  Mr
3207 558 5163 945 Ihr gegenwärtigen Zeutes
5215 711 5571 1004 in
126 645 2775 1025 ensteht; - où de ona été diaux
3159 868 5386 1206 lible fo cesse unir - aber in
150 924 2670 1213 auf das Pfeif J. klei Dampfer
3200 1070 4940 1370 fall erst N. Reine
160 1130 2653 1506 in your order - lay Sir See Fites, In
3242 1328 5393 1656 to the will also I am
119 1318 2660 1719 verunsteten; in lese in
3207 1548 5759 1848 Jn S. de - de Drec en vertueur
105 1607 2552 1886 auf Alm zurückgelehnt - eigenen
1625 1785 2611 2043 Le itre en lise
3218 1865 5219 2127 wie wir ellen, -    nilen
5400 1952 5571 2074 F.
122 1945 2772 2238 or demm  by Sir Lord L. he is
3214 2078 4410 2385 men lune. -
139 2203 2677 2465 Tungulen in den der auf heu
3301 2238 5432 2524 -  -  Alermunde  Am
178 2395 2719 2740 moyeos. a Mehr tai timinken
3256 2423 5324 2768 doch nicht geschickt auf einem eine
126 2667 2824 2932 hall tirrinke rthn. - Is un pl ouil-
3340 2712 5575 3016 c,c,est il  dit de t in xxx
115 2901 2751 3235 daß auch für nach. April
3343 2981 3755 3232 Seacliff
105 3113 2737 3437 We hauent meer brin compte, in
565 3410 844 3521 war
2423 3413 2719 3605 at
132 3368 2810 3783 im p. all d. gehörte;
