6024 4168
2991 245 3350 422 8.3.1928.
5305 428 5456 562 55
3484 465 5699 722 In derselben Sekunde trat Mülling ein.Sein Auge
3470 699 5679 865 streifte mich wie fragend, ich las darin, dass er
3496 859 5662 1022 mich im Hotel aufgesucht, aber nun ohneweiteres,
3490 1005 5545 1193 wenn auch in falscher Weise begriff, dass er
3490 1147 5685 1364 mich nicht gefunden. Offenbar, so musste er den-
3502 1304 5553 1535 ken, war es mir nicht möglich gewesen, die un-
3490 1464 5553 1664 glückliche Frau, nachdem ich ihr die traurige
3490 1621 5742 1809 Kunde gebracht, allein zu lassen. Er trat auf sie
3502 1772 5599 1935 zu und drückte ihr wortlos die Hand. Auch sie
3502 1918 5662 2098 schwieg, ebenso ich und Aline, die Stille in dem
3502 2083 5747 2272 kleinen Raum lastete bang. Endlich sagte Agathe
3502 2226 5516 2397 mir stand das Herz still, als sie die Lippen
3519 2400 5656 2568 öffnete -:“Nun will ich“, sagte sie „die ganze
3524 2557 5613 2720 Wahrheit hören;- und da sie in den Mienen der
3502 2691 5582 2874 Andern Befremden, in dem meinen beinahe einem
3522 2919 5565 3045 Ausdruck des Erschreckens gewahr wurde, fügte
3530 3011 5585 3168 sie an mich gewandt in unbegreiflicher Ruhe
3530 3113 5825 3416 hinzu: „Ich weiss, dass Sie mir nichts verschweigen
3542 3313 5725 3510 wollten, aber Sie haben unwillkürlich vielleicht
3530 3470 5696 3738 versucht mich zu schonen. Ich danke Ihnen. Aber
