6242 4120
2776 257 2989 435 57
4103 274 6036 552 wil vollt Bl
3369 329 5923 764 Als er wurde, sagte sie, ob Versuch ange
219 350 2896 696 dee bei Gebat bekenn
3808 555 4295 754 T. Hall
3352 627 6050 912 seit gehoffen;
185 624 2790 881 irangenk huos furent) -
3328 802 6046 1128 sehr man nicht nicht
189 850 2865 1172 té si deu Nement, da er ai Merke
3342 1028 5967 1316 des Tousport    Je nous n'y en tels
175 1117 2848 1433 holl biogembe mer - at
4089 1213 4778 1402 " v - Salow
178 1306 2903 1755 Hintzer für Royst Das Tager.
3311 1275 5916 1604 weteste mr tout j Pestell so jage
230 1566 2862 1991 ip in civen, dea for ein
3256 1529 5837 1906 wird; sagte sie: Es werde noch in
3273 1762 5912 2101 wulf nor taule Abend.
230 1755 2680 2142 Coopbougeneve, ou n'il nicht sch
3321 1991 6039 2375 d. Hr Jahrer müsse er " pich fahren"
236 2012 2793 2372 trouperlle Vorsch-
4504 2190 5131 2348 auf und
3335 2224 5851 2533 (le chiffreur et un elle.  Nui de
308 2228 2903 2667 all selve zweit, und den boruhn
3332 2475 6080 2804 a la mégaille a été une titre d'en
243 2536 2978 2879 I had for you to see... (lind
3287 2694 5971 3016 sind.. - / - es sind so wie immer
1251 2800 1601 2944 silex
278 2763 2944 3126 byall toufte thatoutr forby it.
3332 2862 5943 3229 if the half mee begleite)...  Manl was
308 3033 2632 3386 res p ich auch nicht in
3308 3126 5775 3479 fürst sie zu überre — die Reise bis
302 3280 2893 3640 a fille juillet. Je veux, at u je né
3349 3390 5731 3743 [illegible] but present be
308 3493 1594 3966 M. Tragstelle
3349 3661 5573 3924 w will in dies of fois, de
