6152 4168
3530 565 5735 909 erwähnt lesen konnte. Das fiel mir ein und ich
3539 845 5674 1014 lächelte unwillkürlich. Loiberger sah mich in
3553 949 5700 1180 diesem Augenblick an und ich schämte mich ein
5106 1174 5438 1325 beiuet
3571 1188 3862 1401 wenig.
3987 1267 5767 1512 Das Duell selbst ist mir eher wie ein
3565 1375 5787 1619 Marionettenspiel im Gedächtnis; so empfand ich
3588 1564 5825 1785 es auch,als Eduard Loiberger von der Kugel sei-
4809 1704 5499 1812 Maldin
3597 1762 5840 1948 nes Gegners hingestreckt tot auf der Wiese lag.
3594 1876 5939 2155 Eine Marionette war auch der Regimentsarzt, der den
3606 2062 5866 2304 Tod feststellte, ein hagerer, ältlicher Mensch mit
3632 2179 5834 2429 polnischem Schnirrbart. Der Himmel über uns war
3635 2409 5944 2580 wolkenlos, aber von einem merkwürdigen matten Blaz.
3629 2513 5883 2770 Ich sah auf die Uhr,es fehlten zehn Minuten auf
3644 2717 5889 2953 acht. Aus dem Versöhnungsfrühstück wurde nichts.
3638 2831 5892 3044 Das Protokoll und die sonst üblichen Formalitä-
3658 3003 5828 3245 ten waren ### alle rasch erledigt. Eigentlich
3667 3128 6006 3387 war ich froh, dass wir noch
3681 3323 5988 3539 die Möglichkeit hatten den Neun Uhr-
3664 3480 4045 3565 Senell-
3678 3431 6020 3635 Zug zu erreichen, es wäre unerträglich gewesen noch
