6056 4040
5059 183 5265 320 1-7
4396 200 5272 487 Pr. M. I.
3269 383 5742 613 noch im Jahre drauf die Baronin heiratete, während der
3259 570 5749 823 junge Herling wegen Spielschulden nach Amerika musste.
3909 730 4162 826 such.
5482 700 5899 850 on Deatifort
3662 743 5729 966 Und dann kamen wir endlich auf das Duell, das
3549 826 4096 990 to have
4632 876 5352 986 nicht sentimentet,
3233 906 5912 1123 eben vorüber war. Wir behandelten es ästhetisch-sportlich
4016 1030 5465 1133 man on oubt anders y errecht gehalten
3233 1050 5872 1240 ###sozusagen. Leuberger war grossartig gewesen,von vollkom-
3669 1176 4532 1263 Vollt kollt - kann soll
3233 1186 5795 1420 mener Kaltblütigkeit. Der Rittmeister keineswegs ruhig,
5409 1346 5562 1443 son
3229 1340 5722 1573 sehr blass, jaman merkte deutlich, dass xx, als er nach
3246 1490 5632 1703 der Pistole griff, vor dem ersten Kugelwechsel, sei ne
3219 1653 5772 1806 Hand zitterte. Bei diesem ersten Kugelwechsel schossen
3303 1783 3532 1900 beide.
3249 1843 5682 2000 sre zugleich, siemand wurde getroffen, Leuberger hatte
3233 1946 5715 2203 ahanso gezielt, wie der Andere. er fühlte sich offenbar
3243 2113 5725 2316 keineswegs als der Schuldige, der mit seinem Leben be-
3239 2306 5625 2456 zahlen muss, beim zweiten Kugelwechsel war die Kegel
3239 2439 5905 2639 des Rittmeisters ganz hart a m Ohr Leubergers vorbeigegan-
3246 2573 5725 2799 gen, ja Leuberger xxx fasste unwillkürlich nachher hin
5252 2719 5799 2819 no d kunnen d
4825 2723 5069 2823 at
3236 2783 5775 2963 und lächelte dazu. Beim dritten Mal erst war er nieder-
4905 2883 5285 2979 ehrfreit.
3233 2933 5655 3109 gesunken, noch ehe er selbst zum Schuss gekommen war.
4222 3026 4572 3129 anver
3736 3046 5722 3273 (Nein, wir hatten beide nicht geehnt, dass es
4256 3186 4942 3299 Wennigrulle
3236 3199 5685 3379 so ausgehen würde. Törichterweise eigentlich, denn es
3229 3389 5729 3609 war ja am Ende doch darauf abgesehen gewesen. Und nun
3236 3516 5749 3776 erst, als wäre er eben von einem gegebenen Wort entbun-
3223 3669 4222 3866 den werden bemerkte M.
