6104 4136
5045 297 5213 498 28
3379 537 5789 834 wird, als müsste ich mich entschuldigen bemerkte ich
4946 765 5312 885 yr bestellen
3397 780 5732 963 "Ich habe der gnädige Frau etwas auszurichten" und
3394 960 4757 1131 sah auf die Uhr. Es war eins.
3749 1050 5750 1303 "Wollen Herr Doktor viebleicht im Garten".
3385 1255 5684 1447 sagte der Diener,“ aber es wird ein bischen schwül
3403 1438 4871 1594 sein. Im Salon ist es kühler.
3484 1588 3659 1762 G.F.P.
3821 1564 5555 1732 Ich nickte, er ging mir voraus, auf der
3412 1696 5735 1960 Veranda blieb er stehen dann zog er den scharlach-
3400 1891 5519 2080 roten Strohsessel ein wenig zur Seite, der die
3403 1990 5657 2194 Püre verstellte, liess mich vorbei, wies mit einer
3421 2167 5753 2380 unbestimmten Geste auf die verschiedenen Sitzgele-
3866 2329 4217 2446 de selon
3427 2332 5627 2536 genheiten und verschwand im Nebenzimmer, wo der
4202 2482 4508 2608 mit X
3427 2449 5813 2749 Tisch, blitzblank gedeckt, schloss die Türe. Er liess
3421 2623 5009 2833 mich allein. In mir hat trauen gedannt
3743 2809 5777 2986 Und jetzt kam dieses Gefühl über mich, das
3421 2926 5723 3115 man bei so aussergewöhnlichen Gelegenheiten immer
3445 3073 5696 3289 wieder erlebt. Mir war, als hätte ich eine solche
3460 3256 5663 3478 Situation schon durchgemacht und erinnerte mich
3457 3406 4781 3592 oder träumte sie nur wieder.
