6072 4056
3346 448 4448 664 doch nicht,
4887 454 5413 689 Mr abzeich
3699 589 5332 749 "Unbegreiflich", sagte ich. "Wenn man
4639 736 5332 840 Es sche eine rechte
3339 749 5347 990 Frau hat, eine solche Frau wie Leuberger“.
3681 924 5886 1134 Wieder lächelte Müllig überlegen, kun merkte ich
3346 1093 5670 1234 dass er doch um vieles älter war als ich und sich
3339 1219 5241 1428 wahrscheinlich alles vorstellen konnte.)
3699 1366 5607 1547 "Was ist unbegreiflich? "bemerkte er, Und
5046 1513 5635 1613 "    mit der Fon
3346 1526 5623 1757 die ganze Ordnung der Welt war mit einem Male in
3371 1682 5707 1917 Frage gestellt. Ich (aber) sah plötzlich) Frau Agathe
3352 1892 5870 2033 Leuberger vor mir, diese Fünfundzwanzigjährige, die aus-
3352 1980 5861 2237 sah wie ein junges Mädchen,wie eine Braut; wahrhaftig,
3355 2146 5761 2365 wenn man sie zusammen sah, Eduard und sie, konnte man
3371 2315 5685 2500 sie für ein Liebespaar halten nach einer vier-bis
3352 2468 5748 2688 fünfjährigen Ehe,eher als für ein Ehepaar. Ich er-
3371 2685 5811 2826 innerte mich des Ausflugs vor vierzehn Tagen auf den
3878 2741 4100 2844 mir
3346 2797 5789 2992 Eichberg, wie wir mittags in der Sonne lagerten,
3339 2910 5770 3117 wir waren wohl sieben oder acht Personen /eigentlich
3352 3086 5795 3264 hasse ich ja diese Massenausflüge, und ich hatte mich
3352 3261 5573 3458 nur wegen Mademoiselle Coulin angeschlossen. Es
4129 3361 4360 3455 to me.
3364 3371 5758 3565 war ja auch ganz hübsch wenigstens während der zehn
4245 3512 4924 3634 Sulle Coréon Seilenx
3346 3518 5554 3784 Minuten, da wir uns (sozusagen verloren. Aber was
