6072 4120
4091 325 5120 589 le sujet.
5172 377 5336 552 30
3392 520 5465 765 bergers zu jeder Gelegenheit gab,und von der
5399 561 5713 745 hafft
3387 704 5600 865 Musik ein wenig benommen, ja leicht beglückt al-
3404 828 5615 1021 lein auf einer Bank/Agathe kam mit irgend einem
3398 1018 5707 1187 Herrn vorbei, sie sahen mich beide nicht, plötzlich
3418 1144 5626 1334 aber entieckte mich Agathe: „Ach, das Kind”, sagte
3453 1305 5632 1512 sie, (zieht sich in die Einsamkeit zurück." Sie
3401 1484 5661 1650 nannte mich manchmal so, ich sah (damals (noch jün-
3413 1593 5644 1820 ger aus als ich war (und war erst dreiundzwanzig)
3418 1777 5546 1992 (und war wirklich überall der Jüngste.) Und zum
3430 1898 5609 2079 Spass, im Vorbeigehen, fuhr sie mir in die Haare
3444 2061 5727 2260 und brachte sie in Unordnung. Das fiel mir weiter
5210 2194 5373 2266 mais en
3447 2263 5595 2418 nicht auf, dergleichen tatsie manchmal. Sie sah
3441 2363 5557 2605 nicht nicht einmal dabei und wandte sich nicht
3459 2518 5753 2751 nach mir um. Ich blieb (ruhig) sitzen und hörte die
4318 2665 4551 2760 dit n
3781 2682 3965 2774 d'en ai
3453 2654 5704 2855 Nacht klingen; sie kamen bald wieder vorüber, sie
3453 2858 5598 3053 nickte mir zu, ohne dass sie mich sehen konnte.
3453 3039 5543 3203 Es war ihre Art immer ein paar Mal(lustig zu
3470 3111 5661 3349 nicken, jeden grüsste sie so. So nickte sie (auch
3473 3280 5589 3499 im Bade, wenn sie am Geländer lehnte in ihren
3476 3438 5549 3697 blauen Mantel gehüllt und einen Freund oder
