6271 4104
3398 241 6129 588 e Kons in England in aʼTruceweeud 10
422 258 3112 599 Spères, - bahluil, tonnepartie
3377 476 5840 779 dit TJ Dll wurde wurden. M.
412 531 2809 816 that I was phelt.  If you
2326 748 2806 898 stellet
3350 752 6003 1007 Me für fuh ein, und wie hette er Raths
435 755 2966 1112 gehaltenes stattliche Ehe wärt.
3374 912 5391 1177 viel klage seiner allein...
3394 1126 6129 1415 The fours is rehtoire with glad in or a
3371 1275 6081 1582 Milt x xxx wofein lang Stiveigen.
3388 1439 6058 1752 at wollle, ich entwältig im auf, wenn die
3388 1714 4428 2007 nap interecle en
3391 1803 5973 2160 Jusaet cecopié certaint auf. - Ils font ce
3428 1997 6061 2408 Pewerts indul. Mais périt inde sud
3391 2231 5969 2633 auf, N. Litt du Butin de Lille de
3391 2418 5857 2854 Mofrille bezogenen lassen. Um 5.
3452 2646 6075 3112 Tassuser nie rechts sich: ich erneuert 41
3428 2928 5864 3326 dar Tufs / e hvte or 3d p.d. of
3503 3238 6109 3575 Vurm of fiele
3483 3483 6075 3905 gebte. Wollich Ausgang, die groß telleiten
