6253 4072
214 153 2579 481 ubelges hatt.  Cent hill pas et tout, non ce
3228 142 5864 574 Yf maisse meuf auf den Weg; Erinnerung
5842 217 6103 467 25
2757 207 2996 460 15
217 331 876 581 Reims.
3295 370 5978 741 gleich heil der Garthof führt an abkürzende Pfand
299 470 2640 777 He is,icht d Verlauf. Bem 1. zugleich
3363 577 5989 841 in dem ich have von Ihnen, das Bluratske, offert
3260 638 5707 965 I am auch kleines Landhaaren vorbe¬
224 666 2886 965 geabore. -  A bed in 2:- (une er est imdrill.)
3242 812 6085 1254 in der weißen für wen fescheint dem so gestärligen
232 798 2145 1101 Vopilshin in a de Mat. Ouffrore
214 965 2882 1293 Ne Hul.t. A. v. d. Cett Tage erfahren - f. Ed. Leib.
3231 998 5978 1454 fille, die Siebung vor 3 Jahre er holl abzue
221 1129 2519 1429 wom sch en Viebelle in die Frä-gleine hat
3231 1265 6103 1682 lenen. (die Vorflaßung gehabt schon zu Schellen.)
182 1290 805 1482 ne pas -.
264 1372 2390 1685 Wie entzuchten Frau! War hat es nichtweg
3238 1454 5778 1874 Ywa nötig - nimmt mit dem ganze Aufgeh¬
242 1589 2205 1838 Marris!. Behuglinge ja an forder -
3245 1692 5882 2056 von Wollle tak ich ium Rut urgigenen.  Ich
267 1778 2861 2024 Ich dassen nie - ihre Seiten - ein- nur unseeln med it
3260 1895 5739 2194 selben sich ein Pflichtes zufallen ufer¬
224 1959 1514 2155 heft.  Etat ne me
4143 2091 4314 2252 be
3253 2173 5842 2408 viel können, es in ein ferteten Meinig über
353 2080 2202 2351 We put j & it – him fille besponella.
428 2273 1136 2476 M - Jull...
3235 2348 5914 2551 7. Vers -  si Serenissert du schoure la
452 2415 2145 2643 M. thi - M. beiden le seulich.
3235 2476 5939 2804 nur in meine schmêßt. Die sein formel äu per
452 2533 2348 2800 Tilay over I - Nem - louicen -
3235 2661 5639 2971 sworne her Schmerkslot. Gen T.
353 2708 2458 2978 Mr. I - Glücklager he rekarente. My
356 2882 2490 3121 S. M. Juhr. & de Sce, veut surtout,
3235 2911 5932 3206 Ich haben Ihre eine ich beim Nachricht zu überbringen
460 3000 2501 3356 sterb - J. Bekanl/-- Eine Freihe
3270 3085 5675 3381 Yr. has cit in Duell out 5 26. “Unpart
495 3199 1265 3441 an Agette. -
3260 3349 5924 3609 gefülle. Zum, nicht andern woll mit sprechen
467 3363 2594 3709 Ablose with! - Mir. Guines – Ter Rung
395 3495 1664 3730 This was been - Hotel. -
3292 3534 5682 3819 nicht partaiemt zu Nernit, die er
545 3669 2266 3908 Humble da - B. 1/2  A.M.iss
