6200 4232
220 301 2485 644 du nouvel. vefflugt ffilmer. If
1414 514 2254 718 en tout,
178 592 2838 903 Ihngeublin, woruf ich verloren sehr
252 794 2552 1113 schalbet auf wie in Novembuen
206 1064 2748 1267 anwalt is; - und ich nun weil
172 1186 2709 1544 nicht, daß ich jemal, weiter
238 1382 2712 1690 sond bue jeu m. j auf einem
220 1586 2656 1956 all in which he is a lot of
245 1788 2597 2142 un autre un seul et tt
238 2082 2793 2338 Marmung – die ständ sich – hier
189 2334 2737 2622 le der gefillerie ge da p N
410 2513 2754 2912 kunt de Cust... dortiue du
315 2790 2604 3122 pour jejours Schimont. Lu en
245 3034 2790 3451 wenn 6 für dief d befrün¬
560 3314 2247 3636 in der eine auf nie
469 3580 2782 4050 - wie auf denk, ich nicht
5663 290 5887 553 10
3174 399 5985 728 conf. er in von dem xxx bittet Turren¬
3178 665 5694 970 Obue (eier i v D.chel Roll bemuss)
3178 906 5761 1166 nen; erschienen erwähne
3140 1092 5562 1508 Cul huwe de, où Féjour, a de
3150 1382 5638 1736 auf uitopielte - - zu - einem
3216 1659 5912 1974 auf sein, ue de heul bekaupt, dass
3724 1876 4140 2076 unmarke
3224 1984 4620 2258 if een/Gout bin...
3297 2121 5663 2457 - Sie doch es it mehr aus, - Will...
3276 2394 6048 2720 It has in it to be it heige C soll
3269 2716 5964 3045 Auf- meu Wil mit einer
3241 2954 5747 3332 vier daher“ und da es in denen
3322 3199 5579 3566 M. H. A. wir - u gegennt abat
3472 3518 5544 3871 J. Ab. selb.  d. Ehe-flecht
4630 3738 5694 3972 I’d’habit une très
3546 3780 4498 4011 and is well but in the
4624 3906 5064 4039 1. 1 - 1
