6168 4136
3700 251 3859 413 4
5281 292 5473 468 18
3062 316 3492 543 29.10.27.
5397 389 5556 581 15
3578 535 5746 759 gewesen, der nur durch den Offizierscharak
3575 746 5681 932 ter des einen Gegners zu ernsteren Konse
3581 873 4748 1081 quenzen geführt hatte.
3813 1067 5710 1267 Man denkt in solchen Fällen auch als
3562 1176 5637 1392 Sekundant nicht gern an die letzten Mög-
3562 1367 5632 1559 lichkeiten eines solchen Zweikampfes und
3546 1486 5659 1665 an die äusseren Notwendigkeiten, die sich
3551 1635 5548 1827 an einen unglücklichen Ausgang knüpfen
3551 1792 5494 2003 und spricht auch nicht gern davon. So
3546 1957 5662 2186 plauderten wir in jenen späten Abendstun-
3535 2148 5567 2308 den, als wir durch das schlafende Städt-
3524 2270 5651 2473 chen wandelten, von allen anderen Dingen,
3511 2424 5567 2605 die mit dem, was für den nächsten Morgen
3502 2543 5508 2743 bevorstand, vorerst keinen Zusammenhang
3516 2692 5578 2935 hatten; kamen vor ein paar alten auffal-
3516 2862 5562 3073 lend schönen Barockhäusern,die unter an
3478 3000 5610 3186 dern gleichgültigen neuen Gebäuden in ei¬
3478 3181 5481 3402 ner Nebengasse standen, in ein Gespräch
3494 3300 5519 3543 über Baukunst und die Banalität der Ar-
3478 3494 5429 3748 chitektur in neuen rasch entwickelten
