6200 4184
273 411 2680 709 Ich war vollige nach, - nicht schlaf. Sie schleit
1273 618 2163 768 dailles an den Seite
260 605 2696 991 what use of no halb ratebes), (darmstlesche)
295 821 2571 1113 und fluhr kommen. Ei wen de erfertst
1138 997 1520 1110 for and
266 988 2524 1295 toriez jureux (Toule il avait un devant un)
216 1235 2583 1499 geben gewesen.”  Ich  „Unglent den Ort„
238 1452 2637 1790 (So hall due to pompt to we
301 1677 2818 1966 Nous ym orde seit erbalt ou un) Punct
332 1881 2721 2254 Bursen wenfl in die Nachricht von Sich
288 2097 2690 2417 wollen. Ewer kam Müller, der ihm
279 2345 2800 2680 u Holdnicht fahr, wie auf ein solches
288 2580 2793 2881 mußt. Oder Hb.. Oder Eine Och
310 2828 2756 3157 nicht; - es nach nur ein Frage zu Ihrer
257 3060 2655 3298 or Nimt villenkt, tis S. tell a O.
279 3242 2658 3536 reicht bekomtigend. Die Depenken
282 3477 2533 3749 in this venialwell Will not
298 3677 2511 3925 by it with them jedest and
2872 282 3060 564 46
3217 332 4809 614 Aline jitz -.. Sie aber Verände -
3257 505 5518 771 Marine wift gerast unhund & so -sieren
3226 680 4960 919 synt auf! Ueren wenflätige aus Prof! -
3279 834 5524 1056 Sie.  Neer wee iflerf for  of he is in: Seelar Fland
3285 969 5442 1182 Conclusu? (1.8 hilf et Jan) -   M
3307 1125 4612 1348 Sieur erblaf teint.
3254 1235 5361 1555 Me as wnghnt ich wolle noch. d Tiet jetzen.
3285 1464 4881 1690 d'idée Platz - de cif ces choses à -
3304 1574 5599 1859 He - is receivor of I am sch at Jegen inke -
3292 1784 3963 1966 Oberleverlait
3376 1931 5800 2138 Als ich nicht mit einem Völlen der schworenwärlichen
3411 2060 4107 2285 Throupeyne
3492 2188 5618 2470 Sie nächstimmt. Sie war je Mc E. Auf- und zu
3380 2354 5323 2580 Nere nichts-  In havel nicht ja an¬
3395 2521 5417 2753 Das Anträsse! - Meil Edi. hat ist!
3348 2709 5656 2928 Also we don’t he will encore – à - If witte, dit ce
3354 2878 3671 3069 mit.
3467 2950 5609 3248 for [illegible]    Mr.  E
3511 3132 4793 3376 Melfubenulat Teighend -
3539 3289 5583 3527 O’Se Schöning! Solle ich ihn im Gewesen
3514 3464 5267 3699 geb. - Ant Wumpt M. Sprechen
3546 3608 4518 3865 [illegible] - Il fall with
