6104 4040
5444 252 5598 458 10
3331 347 5795 590 sich wörtlich so aus) zu geschehen habe, in einige xxx
3331 559 5681 796 Verlegenheit befanden. (Sollte (der Gefallene) in der
3337 728 5724 952 Totenkammer bleiben bis die Angehörigen verständigt
3346 906 5454 1051 waren? Als Angehörige kam natürlich nur seine
3334 1026 5718 1189 Frau in Betracht. Wir konnten nichts anderes verfü-
3555 1140 5423 1244 vers hatt der solle & verkandt - it alles and there
3346 1223 5669 1395 gen. Wortlos fuhren wir in den Gasthof zurück,ei-
3331 1300 5589 1527 gentlich auch empfindungslos. Ich bin überzeugt,
3346 1502 5530 1653 dass vorläufig wenigstens Doktor Mülling nicht
5137 1592 5607 1733 grand ju Etr.
3352 1671 5607 1840 mehr empfand als ich. Wir machten uns fertig und
4775 1751 5561 1859 not quinte & p.
3355 1791 5632 2019 waren eigentlich froh, dass wir noch den Neun-Uhr-
4477 1914 5537 2016 de in 11 u. Pckl. entreffn mpt.
3358 1939 5678 2151 Zug erreichen konnten, einen Schnellzug, (der uns in
3358 2074 5669 2292 anderhalb Stunden nach Ischl brächte, von wir eine
3349 2258 5795 2467 Stunde darauf mit dem Wagen am Seeufer sein konnten.
