6267 4295
2948 181 3420 428 27.11.1927
4468 300 4649 534 D
5222 475 5762 600 [illegible]
3524 514 5810 698 Auf dem Perron gingen wir schweigend auf und ab,
3613 650 4275 766 gleussan verkleide
3533 656 5899 867 zwei elegante Touristen auf einer Sommerreise, Lohne
3512 846 5848 1021 (irgend jemanden) aufzufallen), weder dem Stationsvor-
3533 1000 5866 1182 stand, noch den spärlichen Reisenden,die gleich uns
5077 1131 5234 1217 my
3527 1128 5860 1312 den Zug erwarteten, auch nicht den zwei Offizieren,
3533 1294 5920 1443 die übrigens nicht der hiesigen Garnison zugehörten
5605 1425 5848 1511 nahm
3533 1455 5878 1627 Doktor Mällnig kaufte sich eine Zeitung, ich trank
5270 1579 5531 1657 zu un
3521 1606 5730 1832 einem plötzlichen Hungegefühl nachgebend, in der
3942 1728 4423 1841 for beliebt stu¬
3515 1775 5834 1939 Restauration stehend (einen Kaffee), trat gleich wie-
3515 1918 5804 2096 der auf den Perron hinaus, machte zu Mülling eine
4664 2040 4979 2146 of Rippers
3527 2040 5736 2238 Bemerkung über den fürchterlichen Trank (den man
3527 2200 5848 2393 in Bahnhöfen als Kaffee vorgesetzt bekäme. Mülling,
5281 2351 5605 2455 mächtig
3533 2390 5765 2562 der flüchtig in die Zeitung geblickt, berichtete,
3533 2535 5834 2708 dass in den nächsten Tagen der König von England
3527 2710 5854 2898 und sein Premierminister in Ischl erwartet würden,
4881 2811 5189 2948 Von den
3527 2835 5831 3052 was auf interessante politische Dinge hinzuweisen
4343 2990 5332 3197 du temps mais elle
3530 3001 3919 3188 schien.
5059 3114 5474 3227 bekacae
3892 3147 5834 3358 Der Zug fuhr ein und wir hatten ein Halb-
3539 3301 5854 3521 coupe erster Klasse für uns allein, und wir schwie-
3530 3447 5697 3652 gen wieder. Nach einiger Zeit erst xxx sagte Doktor
