5992 4168
2940 222 3335 404 20.2.1928.
5105 392 5284 574 50
3416 527 5679 764 und Hässlichkeiten wird, dann gehe. und reise noch
3422 680 4713 888 heute ab. M. Geg
1435 683 1830 920 eid sel
3733 822 5606 1052 Dein Mann ist tot, raunte es in mir,aber
3413 1023 5451 1214 meine Lippen sprachen: "Warum soll es Betrug
3006 1118 3231 1306 The
3422 1159 5589 1329 und Traum gewesen sein. Betrug ist es nur, wäre
2906 1216 3324 1453 in the Rest.
3462 1291 5730 1490 es nur, wenn du nach dieser unvergesslichen Stunde
2911 1392 3280 1620 Wm Je
3410 1438 5419 1600 hier bliebest und einem Anderen gehörtest.“
3006 1545 3214 1663 at in
3733 1585 5537 1779 Sie erblasste und ich spürte, dass mein
2932 1634 3249 1804 takif
3407 1735 5526 1949 Antlitz ganz starr geworden war und dass eine
3416 1891 5615 2078 leise Bengigkeit sie ergriff. Sie fasste wieder
3407 2078 5658 2222 meinen Arm.“Wir wollen vernünftig bleiben“, sagte
3390 2179 5595 2418 sie, "oder wenigstens es wieder werden (Merk auf,
3401 2367 5707 2522 was ich sage. Ich liebe dich, aber ich gehöre nicht
3396 2519 5635 2710 dir, so wenig wie du mir.Wir wissen es ja beide."
3773 2655 5497 2833 Ich schüttelte heftig den Kopf. "Ich
3384 2802 5670 3038 gehöre niemandem als dir) Alles Gewesene ist vor-
3387 2943 5549 3188 bei. (Die an die du denkst werde ich nie wieder
3396 3148 5436 3352 sehen. Diese Stunde hat alles geändert. (Was
3401 3292 5722 3491 sprach aus mir?) Auch du kannst dem Andern nie wie
3387 3413 4024 3669 der gehören.“
