6200 4120
2172 174 3042 411 T Cluie die de M
4855 324 5523 525 des Brod-
5787 317 6000 623 31
292 324 2923 672 parapherit; - die Teil Gattin holl
3188 341 5752 699 -  Mr. Le pet int in
261 612 2923 867 hier i Hubert - Rechten gezogen; - -
3229 595 5947 912 Ce Euroul père, in nt, in bortigel, pà spej.
212 790 2791 1020 was not recht begleitet; - alle this was
3236 814 5679 1138 of an to jugd aif je peut un of
4886 1086 5189 1218 dev
219 981 3014 1326 offertr de    le mouvelait   lave Nopliss
3229 1079 5805 1378 obwlt de jugte - ofich nupresd at
251 1221 2659 1517 dray schwendelt is it she off the
4792 1298 5269 1493 with
1402 1371 2513 1549 me nulh (spøssel)
3247 1340 5972 1643 of man, 23, - in we subcell Fajegel
216 1455 2993 1702 here in Naiffer up in forten; he
4173 1493 4496 1646 [abou]
3309 1542 5860 1824 nur zu Speih, u erbeget, sich nie
237 1646 2951 1883 Geschäft und that dem Herrn
3309 1785 5885 2102 D. Staar, in hausl in — Unor — H. Emrat
219 1848 2944 2158 sich entreilen – fort; & eine Theile sehr
3285 2039 5728 2366 wurf auff einmalen, und werde ich
226 2091 2975 2380 uf interche auf allen, in den Charpagne
3309 2269 5638 2551 nicht in nach mir. Ich blad wich i
230 2363 2840 2683 (do a be Leiby i gevor Guellrift get
3285 2464 5909 2794 Wm Bank; and in them beidruried
251 2540 2767 2777 at 5 horit in was brum and liunt
3254 2725 5794 3111 wäh; sind nichts rie nur nicht für oben
233 2735 2700 3080 begleicht, xxxx aller auf
3216 2982 5645 3299 in mir kan ich munt – sie heft er
233 2955 2551 3271 in Den jong. Boup. – S. Aynt
3216 3156 5596 3581 Art iurci p. Mel, lirtig zu nehmen
209 3254 2774 3574 Re wil ug in New verke, in Castle
3278 3494 5815 3807 de jusqu'il nécole de
5276 3536 5571 3668 inde
254 3428 2523 3699 sehr umfängt - plos ulor to an
324 3727 2975 3985 Gelfe in,  uke
3386 3692 6010 3981 darauf in Bande, wenn sie in Schach¬
