6227 4120
3246 333 5788 539 exigent at 5. Sout dezerven
277 256 2861 592 Cul - of betif and it be mrmeisis
5147 469 5669 616 in faim
3225 515 5816 812 er war in T. H. Provinzslast schlimmer
252 497 2892 816 At morger said... 6.9.  he then long
3246 707 5959 994 in de 5 mill oragefølkte wer wollt...
161 697 2773 956 bei dem Gericht, dratt ein und ihm
3235 945 5591 1211 in a coo es, der einen Cent
172 914 2377 1201 viel Feuersthaftlich ist Herr
3253 1141 5511 1390 nicht in der die Servi aus-
5553 1176 5868 1457 3m
4457 1274 5304 1443 Kreiberg in
242 1120 2727 1551 So kam is, I of und in de
3270 1302 5683 1632 Neue & im Erhein hatt in die
172 1369 2675 1761 by, in Juf 10, unter Ehe
3246 1492 5851 1803 sehr sehr unter und kommt gegeben
179 1726 2959 1985 in de fweit Engel de Wajoterklitz aus
3242 1709 5854 1961 in ullter oben weil auf Beilagen
3246 1905 5655 2171 einzel, die die gegenzeit schon
172 1933 2987 2290 birgertrecht - aufd lort and an Ma
2419 2122 2671 2283 Secy
3242 2097 5742 2454 gewals wurden. Die Steisern fern
182 2171 2805 2451 I am long, - I figure out in Schönen
3253 2335 5826 2650 you being in J.M. Stett. I am
179 2388 2850 2657 nd entfert heft, um die Reprends
3267 2524 5714 2896 e Pflicht; wie von ihr u baldes
161 2622 2790 2990 arzt, en auffill hoger may
3239 2801 5819 3078 Nachs schreffgiret; er statt d 25 Uhr
133 2927 2815 3172 wohler, wenn degente Heer, wie
3253 3022 5893 3323 im Vormitt; den Stryckhand mit vom
158 3095 2668 3431 the holvist of nubamt... den Try viftelen
4475 3218 5539 3498 aux Rezellall
3298 3263 5259 3564 wo l'schrift;- und darauffig.
154 3305 2573 3694 was was, nach Abschluf d. zuerst.
3365 3442 5322 3746 Sibelfeille bis zu Reversen
266 3536 2451 3942 Turmelt, wil den Strafe ihm
3340 3645 5882 3953 nicht wes es nicht in längst,
