6104 4248
2961 259 3409 479 30.11928
5150 470 5412 630 39
3443 616 5498 861 „Es ist serviert, gnädige Frau.“ Eine leichte
3420 821 5589 986 Bewegung Agathens. Ich wandte mich um, der Die-
4418 921 5025 1029 duckelblen Sich
3417 960 5711 1129 ner stand da, jetzt im schwarzen Saceo mit Goldknä
3448 1112 5677 1308 knöpfen. Wir traten ins Nebenzimmer es war nicht
3454 1297 5632 1502 das Zimmer, in dem die Leubergers ihre grösse-
3460 1414 5634 1636 ren Gesellschaften gaben, es war) erin einfenstri¬
3448 1548 5321 1807 ges Gemach, Agathens Boudoigtes war ja ur¬
3468 1710 5580 1944 sprünglich auch nur für Agathe allein gedeckt
3471 1858 5575 2086 gewesen); nun lag auch ein zweites Gedeck auf
3471 2021 5652 2229 das Fenster stand offen, weisse Gardinen schlos-
3486 2152 5461 2357 sen uns gegen das Freie ab, Garten und Luft
3497 2323 5654 2502 schimmerten nur als unbestimmte Farben durch.
3477 2457 5634 2699 (In der Ecke stand der gelbe Diwan, auf dem Aga-
3491 2648 5161 2878 the Nachmittags zu ruhen pflegte.
3751 2767 5657 3038 Wir sassen einander gegenüber Agathe und
4948 2893 5660 3010 wir kam iervive en ce
3528 2947 5640 3172 ich. Der Diener entfernte sich nicht dauernd,
4851 3061 5378 3169 belast dezer
3514 3132 5703 3317 das gehörte mit zu den etwas versuchten Eigen-
3534 3246 5560 3460 tümlichkeiten des Hauses Leuberger. Es war
3525 3429 5683 3611 mit erlesenem Geschmack gedeckt, auch der Kübel
3545 3534 5652 3753 mit dem eingekühlten Champagner fehlte nicht;
3545 3722 5543 3962 er wäre möglicherweise auch da gewesen, wenn
