6104 4072
3699 350 3979 546 Ahr...
3247 469 5527 639 mir noch in der Erinnerung war, war doch nur Frau
3247 604 5498 796 Agathe, vielmehr sie und er./ Es war wunderbar sie
3934 764 4226 864 l'appelé
3259 764 5546 944 anzusehen beide; sie schien zu schlummern oder sie
3259 915 5684 1162 schloss nur die Augen weil die Sonne sie blindete,er
3253 1069 5742 1256 strich ihr mit den Fingern immer über Haar und Stirn;
3259 1243 5658 1432 auch fl"sterten sie,wie ein junges verliebtes Paar."
3266 1362 5742 1564 Kedxdann isxxusserdtaxxx
3259 1522 5652 1699 und xxxaaxäpadiexxxdeshosbranxtängsxxxxxtskxx
3751 1689 5507 1956 „Nichts“, ist unbegreiflich wiederholte
3256 1869 3664 2039 Ludwig.
3642 1940 5870 2238 " Und glauben Sie, dass sie etwas gealnt hat daas
3259 2152 4560 2367 sie die Gründe des Duells-“
4081 2187 5517 2392 Stgleitniss - so wertig tot zu dier Ihren -
3706 2357 5909 2524 "Es ist ziemlich müssig darüber zu sprechen, nun
3266 2412 5848 2688 wird man es ihr keineswegs mehr lange verschweigen kön-
3269 2672 3513 2819 nen."
3780 2742 5902 2942 Jetzt erst mit einer Art von Schrecken spürte
3282 2884 5800 3102 ich wieder, dass ich in dem fahrenden Zuge sass, der uns
3552 3073 4098 3182 unstibliche Frei¬
3272 3073 5694 3275 der Witwe Eduards immer näher brachte, (die in diesem
3282 3234 5848 3417 Augenblick natürlich noch nichts wusste. Und wir fuhren
3754 3375 5726 3487 die schrieb ich die wisskiede  Halle waren
3279 3436 5716 3651 hines ihr zu sagen./ Man hätte vielleicht doch lieber
3279 3577 5710 3834 gleich telegraphieren sollen. Könnte man nicht noch
