<?xml version="1.0" encoding="UTF-8" standalone="yes"?>
<PcGts xmlns="http://schema.primaresearch.org/PAGE/gts/pagecontent/2013-07-15" xmlns:xsi="http://www.w3.org/2001/XMLSchema-instance" xsi:schemaLocation="http://schema.primaresearch.org/PAGE/gts/pagecontent/2013-07-15 http://schema.primaresearch.org/PAGE/gts/pagecontent/2013-07-15/pagecontent.xsd">
    <Metadata>
        <Creator>prov=READ-COOP:name=TrHtr:version=2.1.0:model_id=51170:date=28_07_2023_01:44</Creator>
        <Created>2023-05-10T11:11:54.745+02:00</Created>
        <LastChange>2023-07-28T01:44:54.360+02:00</LastChange>
        <TranskribusMetadata docId="1428128" pageId="55384526" pageNr="154" tsid="131313095" status="IN_PROGRESS" userId="64420" imgUrl="https://files.transkribus.eu/Get?id=UKWZOTLYBHXAPUCXYEMFTVOM&amp;fileType=view" xmlUrl="https://files.transkribus.eu/Get?id=TBUEODIRSCWQDBWMCAVIAPNR" imageId="44659425"/>
    </Metadata>
    <Page imageFilename="1428128_0154.jpg" imageWidth="6239" imageHeight="4088">
        <ReadingOrder>
            <OrderedGroup id="ro_1711825312555" caption="Regions reading order">
                <RegionRefIndexed index="0" regionRef="tr_1"/>
            </OrderedGroup>
        </ReadingOrder>
        <TextRegion id="tr_1" custom="readingOrder {index:0;}">
            <Coords points="203,296 6084,296 6084,3769 203,3769"/>
            <TextLine id="tr_1_tl_1" custom="readingOrder {index:0;}">
                <Coords points="3305,537 4019,382 4458,502 5995,576 5988,452 5214,209 5090,283 4910,184 3655,180 3288,286"/>
                <Baseline points="3311,352 3400,346 3490,352 3579,346 3669,346 3759,346 3848,358 3938,364 4028,370 4117,382 4207,388 4297,388 4386,382 4476,388 4566,400 4655,400 4745,412 4835,424 4924,430 5014,442 5104,448 5193,448 5283,454 5372,448 5462,454 5552,472 5641,478 5731,484 5821,496 5910,513 6000,525"/>
                <TextEquiv>
                    <Unicode>a/ce fon rdit from ingeflugt - at our</Unicode>
                </TextEquiv>
            </TextLine>
            <TextLine id="tr_1_tl_2" custom="readingOrder {index:1;}">
                <Coords points="350,456 2252,541 2496,392 2962,467 2966,318 354,300"/>
                <Baseline points="370,418 460,418 549,412 639,418 729,424 818,412 908,418 998,418 1087,424 1177,418 1267,424 1356,430 1446,430 1535,436 1625,436 1715,442 1804,436 1894,436 1984,430 2073,424 2163,424 2253,424 2342,418 2432,412 2522,406 2611,406 2701,400 2791,400 2880,400 2970,412"/>
                <TextEquiv>
                    <Unicode>Nun will erf. Der ganze Muhrkeit</Unicode>
                </TextEquiv>
            </TextLine>
            <TextLine id="tr_1_tl_3" custom="readingOrder {index:2;}">
                <Coords points="2390,509 2464,534 2573,506 2630,530 2683,523 2736,551 2789,548 2824,523 2877,530 2870,449 2733,477 2634,438 2559,435 2496,392 2425,449 2386,438"/>
                <Baseline points="2408,496 2498,502 2587,508 2677,513 2767,519 2856,519 2886,525"/>
                <TextEquiv>
                    <Unicode>Nieu,</Unicode>
                </TextEquiv>
            </TextLine>
            <TextLine id="tr_1_tl_4" custom="readingOrder {index:3;}">
                <Coords points="237,693 831,615 1980,682 2340,594 2563,707 2991,711 2945,509 1495,484 1290,580 626,445 237,506"/>
                <Baseline points="256,615 346,621 436,621 525,621 615,621 705,615 794,609 884,609 974,609 1063,615 1153,615 1243,615 1332,615 1422,615 1512,615 1601,615 1691,615 1781,615 1870,615 1960,615 2049,615 2139,609 2229,603 2318,597 2408,585 2498,597 2587,597 2677,609 2767,609 2856,621 2946,627 3000,633"/>
                <TextEquiv>
                    <Unicode>him - and was not in all which raup</Unicode>
                </TextEquiv>
            </TextLine>
            <TextLine id="tr_1_tl_5" custom="readingOrder {index:4;}">
                <Coords points="3772,689 4238,679 4550,778 5097,707 5865,841 5843,573 5515,587 5105,477 4475,566 3754,452"/>
                <Baseline points="3789,621 3878,609 3968,615 4058,627 4147,627 4237,633 4327,639 4416,645 4506,645 4596,651 4685,663 4775,663 4864,669 4954,675 5044,687 5133,693 5223,699 5313,705 5402,711 5492,729 5582,741 5671,765 5761,776 5851,800 5869,800"/>
                <TextEquiv>
                    <Unicode>Das diese zu Frai – ds un</Unicode>
                </TextEquiv>
            </TextLine>
            <TextLine id="tr_1_tl_6" custom="readingOrder {index:5;}">
                <Coords points="3295,718 3337,725 3390,696 3411,714 3478,686 3623,781 3687,732 3719,735 3715,509 3673,520 3630,495 3556,491 3500,527 3454,495 3404,513 3348,477 3291,495"/>
                <Baseline points="3311,627 3400,621 3490,621 3579,621 3669,633 3723,627"/>
                <TextEquiv>
                    <Unicode>sage.</Unicode>
                </TextEquiv>
            </TextLine>
            <TextLine id="tr_1_tl_7" custom="readingOrder {index:6;}">
                <Coords points="219,848 1213,901 1545,802 2672,806 2672,696 2443,675 2018,756 1806,658 1220,643 898,760 597,629 403,696 219,633"/>
                <Baseline points="239,812 256,812 346,818 436,818 525,812 615,812 705,806 794,812 884,818 974,812 1063,818 1153,818 1243,818 1332,818 1422,818 1512,800 1601,800 1691,794 1781,794 1870,794 1960,794 2049,794 2139,788 2229,788 2318,794 2408,788 2498,788 2587,788 2677,794"/>
                <TextEquiv>
                    <Unicode>in Bulf dard - Repand - - mr</Unicode>
                </TextEquiv>
            </TextLine>
            <TextLine id="tr_1_tl_8" custom="readingOrder {index:7;}">
                <Coords points="3305,993 3334,990 3362,1004 3394,976 3404,986 3422,972 3440,986 3461,983 3447,820 3408,817 3390,802 3376,813 3344,802 3337,810 3323,806 3288,820"/>
                <Baseline points="3311,848 3400,860 3454,860"/>
                <TextEquiv>
                    <Unicode>th</Unicode>
                </TextEquiv>
            </TextLine>
            <TextLine id="tr_1_tl_9" custom="readingOrder {index:8;}">
                <Coords points="3521,947 3903,908 4316,1022 4581,933 5727,1046 5716,898 5409,923 5090,703 4550,778 4178,672 3503,739"/>
                <Baseline points="3532,854 3621,848 3711,854 3801,854 3890,866 3980,866 4070,866 4159,878 4249,890 4339,902 4428,908 4518,908 4607,914 4697,914 4787,926 4876,926 4966,932 5056,938 5145,944 5235,950 5325,968 5414,986 5504,986 5594,998 5683,1010 5737,1022"/>
                <TextEquiv>
                    <Unicode>-ni tull gehörte" der, er</Unicode>
                </TextEquiv>
            </TextLine>
            <TextLine id="tr_1_tl_10" custom="readingOrder {index:9;}">
                <Coords points="1418,969 1474,951 1513,905 1640,916 1718,901 1782,947 1824,926 1849,944 1891,926 1884,810 1828,813 1764,870 1605,831 1566,802 1410,820"/>
                <Baseline points="1434,884 1524,896 1613,896 1703,896 1792,902 1882,914 1894,914"/>
                <TextEquiv>
                    <Unicode>being</Unicode>
                </TextEquiv>
            </TextLine>
            <TextLine id="tr_1_tl_11" custom="readingOrder {index:10;}">
                <Coords points="247,1015 658,1103 1131,1007 1340,1096 1541,1011 1792,1089 2117,993 2853,1025 2853,905 2467,802 1792,947 1078,859 643,954 247,834"/>
                <Baseline points="268,980 358,986 448,986 537,992 627,992 717,992 806,992 896,998 986,998 1075,998 1165,1004 1255,998 1344,998 1434,1004 1524,1004 1613,1010 1703,1016 1792,1010 1882,1010 1972,1004 2061,998 2151,992 2241,986 2330,980 2420,980 2510,986 2599,986 2689,992 2779,992 2862,1004"/>
                <TextEquiv>
                    <Unicode>März - en Cielvst des Stadt desselbens</Unicode>
                </TextEquiv>
            </TextLine>
            <TextLine id="tr_1_tl_12" custom="readingOrder {index:11;}">
                <Coords points="4401,1092 4606,1075 4726,1142 5037,1099 5334,1198 5546,1131 5949,1184 5932,1011 5635,1050 5557,1004 5387,1060 5225,972 5172,1025 4991,965 4846,1011 4581,933 4390,993"/>
                <Baseline points="4416,1057 4506,1045 4596,1045 4685,1057 4775,1063 4864,1069 4954,1075 5044,1081 5133,1087 5223,1105 5313,1111 5402,1117 5492,1123 5582,1129 5671,1141 5761,1153 5851,1159 5940,1171 5952,1165"/>
                <TextEquiv>
                    <Unicode>gelebst, d. Mit zuwider jeu</Unicode>
                </TextEquiv>
            </TextLine>
            <TextLine id="tr_1_tl_13" custom="readingOrder {index:12;}">
                <Coords points="3298,1280 3765,1142 4309,1262 5840,1287 5833,1205 5589,1131 4907,1170 3782,930 3277,997"/>
                <Baseline points="3305,1105 3394,1111 3484,1117 3574,1117 3663,1123 3753,1129 3842,1129 3932,1135 4022,1135 4111,1141 4201,1153 4291,1159 4380,1171 4470,1177 4560,1189 4649,1201 4739,1213 4829,1213 4918,1219 5008,1225 5098,1231 5187,1237 5277,1249 5366,1249 5456,1231 5546,1249 5635,1255 5725,1261 5815,1273 5845,1273"/>
                <TextEquiv>
                    <Unicode>de Et il mons, die in eine this</Unicode>
                </TextEquiv>
            </TextLine>
            <TextLine id="tr_1_tl_14" custom="readingOrder {index:13;}">
                <Coords points="184,1266 1092,1220 1319,1350 1439,1255 1962,1205 2782,1213 2687,1057 2457,1121 2206,1022 1736,1124 1541,1011 1340,1096 1163,1004 184,1078"/>
                <Baseline points="203,1165 292,1165 382,1171 472,1183 561,1183 651,1183 741,1189 830,1195 920,1195 1010,1201 1099,1207 1189,1207 1278,1207 1368,1213 1458,1213 1547,1207 1637,1207 1727,1213 1816,1207 1906,1201 1996,1201 2085,1201 2175,1195 2265,1195 2354,1189 2444,1189 2534,1189 2623,1189 2713,1195 2791,1213"/>
                <TextEquiv>
                    <Unicode>wil gewust bin ja (cog v. bericht)</Unicode>
                </TextEquiv>
            </TextLine>
            <TextLine id="tr_1_tl_15" custom="readingOrder {index:14;}">
                <Coords points="5359,1449 5472,1382 5508,1396 5536,1386 5589,1410 5656,1393 5638,1269 5592,1255 5564,1276 5465,1237 5419,1273 5380,1269 5356,1248 5331,1251"/>
                <Baseline points="5366,1356 5456,1362 5546,1374 5635,1392 5665,1392"/>
                <TextEquiv>
                    <Unicode>soe</Unicode>
                </TextEquiv>
            </TextLine>
            <TextLine id="tr_1_tl_16" custom="readingOrder {index:15;}">
                <Coords points="3344,1524 4415,1418 5822,1541 5780,1410 5391,1410 5260,1315 4921,1403 4097,1156 3330,1287"/>
                <Baseline points="3352,1370 3448,1374 3538,1386 3627,1386 3717,1392 3807,1398 3896,1398 3986,1398 4076,1404 4165,1404 4255,1410 4344,1410 4434,1416 4524,1422 4613,1428 4703,1434 4793,1440 4882,1446 4972,1452 5062,1452 5151,1464 5241,1470 5331,1482 5420,1494 5510,1506 5600,1518 5689,1524 5779,1535 5827,1535"/>
                <TextEquiv>
                    <Unicode>noch de Stelle von zuweisen Mollin</Unicode>
                </TextEquiv>
            </TextLine>
            <TextLine id="tr_1_tl_17" custom="readingOrder {index:16;}">
                <Coords points="184,1425 650,1403 1114,1517 1902,1389 2340,1517 2800,1460 2803,1262 2224,1297 1987,1205 1311,1350 792,1227 184,1336"/>
                <Baseline points="203,1398 209,1398 298,1398 388,1392 478,1398 567,1398 657,1404 747,1410 836,1410 926,1410 1016,1410 1105,1416 1195,1410 1284,1404 1374,1404 1464,1398 1553,1398 1643,1398 1733,1392 1822,1386 1912,1386 2002,1386 2091,1386 2181,1386 2271,1392 2360,1386 2450,1386 2540,1386 2629,1380 2719,1380 2809,1386"/>
                <TextEquiv>
                    <Unicode>(suiverlt).  J'aytent à neuf peur</Unicode>
                </TextEquiv>
            </TextLine>
            <TextLine id="tr_1_tl_18" custom="readingOrder {index:17;}">
                <Coords points="4366,1538 4440,1562 4489,1538 4546,1570 4613,1548 4719,1605 4755,1577 4836,1594 4914,1580 4903,1460 4846,1492 4793,1449 4709,1463 4656,1439 4631,1456 4560,1421 4493,1428 4458,1456 4355,1453"/>
                <Baseline points="4380,1535 4470,1535 4560,1535 4649,1547 4739,1559 4829,1565 4918,1577"/>
                <TextEquiv>
                    <Unicode>St Annel</Unicode>
                </TextEquiv>
            </TextLine>
            <TextLine id="tr_1_tl_19" custom="readingOrder {index:18;}">
                <Coords points="205,1654 778,1732 1976,1598 2347,1665 2786,1580 2789,1453 2319,1524 1775,1449 983,1541 212,1488"/>
                <Baseline points="227,1607 280,1607 370,1607 460,1601 549,1601 639,1601 729,1625 818,1631 908,1625 998,1625 1087,1625 1177,1625 1267,1625 1356,1619 1446,1613 1535,1613 1625,1601 1715,1589 1804,1583 1894,1577 1984,1583 2073,1577 2163,1577 2253,1577 2342,1571 2432,1565 2522,1559 2611,1553 2701,1553 2791,1559"/>
                <TextEquiv>
                    <Unicode>She - fiverf. If he is up in</Unicode>
                </TextEquiv>
            </TextLine>
            <TextLine id="tr_1_tl_20" custom="readingOrder {index:19;}">
                <Coords points="3372,1757 3652,1679 5907,1799 5900,1658 5550,1686 5299,1566 5044,1651 4617,1548 4178,1661 3835,1548 3362,1559"/>
                <Baseline points="3388,1667 3478,1661 3568,1667 3657,1673 3747,1673 3836,1679 3926,1685 4016,1691 4105,1697 4195,1697 4285,1697 4374,1703 4464,1697 4554,1685 4643,1685 4733,1697 4823,1703 4912,1703 5002,1703 5092,1709 5181,1715 5271,1715 5361,1727 5450,1739 5540,1751 5629,1757 5719,1769 5809,1775 5898,1787 5916,1787"/>
                <TextEquiv>
                    <Unicode>önvere in Wills -</Unicode>
                </TextEquiv>
            </TextLine>
            <TextLine id="tr_1_tl_21" custom="readingOrder {index:20;}">
                <Coords points="198,1937 739,1870 1195,1937 2163,1803 2538,1895 2807,1778 2814,1598 2474,1722 2241,1630 838,1750 209,1651"/>
                <Baseline points="221,1840 304,1834 394,1834 484,1840 573,1840 663,1834 753,1834 842,1834 932,1834 1022,1834 1111,1828 1201,1828 1290,1822 1380,1822 1470,1816 1559,1804 1649,1804 1739,1792 1828,1792 1918,1787 2008,1781 2097,1775 2187,1775 2277,1775 2366,1769 2456,1769 2546,1769 2635,1757 2725,1763 2814,1763"/>
                <TextEquiv>
                    <Unicode>they written - abr to at any act</Unicode>
                </TextEquiv>
            </TextLine>
            <TextLine id="tr_1_tl_22" custom="readingOrder {index:21;}">
                <Coords points="3334,2008 5274,1930 5564,2054 5769,2026 5769,1916 5486,1799 4383,1891 4132,1789 3334,1760"/>
                <Baseline points="3352,1930 3442,1924 3532,1930 3621,1930 3711,1936 3801,1936 3890,1936 3980,1936 4070,1936 4159,1942 4249,1942 4339,1936 4428,1936 4518,1936 4607,1936 4697,1930 4787,1930 4876,1930 4966,1930 5056,1930 5145,1930 5235,1930 5325,1936 5414,1942 5504,1942 5594,1954 5683,1954 5773,1972"/>
                <TextEquiv>
                    <Unicode>since for her to all in Cregan</Unicode>
                </TextEquiv>
            </TextLine>
            <TextLine id="tr_1_tl_23" custom="readingOrder {index:22;}">
                <Coords points="194,2146 460,2064 912,2170 1287,2064 2206,2107 2443,2004 2969,2033 3037,1888 198,1941"/>
                <Baseline points="215,2055 262,2049 352,2061 442,2061 531,2061 621,2061 711,2061 800,2061 890,2061 980,2055 1069,2055 1159,2055 1249,2049 1338,2049 1428,2044 1518,2032 1607,2026 1697,2020 1787,2014 1876,2008 1966,2008 2055,2002 2145,2002 2235,2002 2324,2002 2414,1996 2504,2008 2593,1990 2683,1996 2773,1990 2862,1984 2952,1996 3042,2002"/>
                <TextEquiv>
                    <Unicode>wollk gestosten gleich häus – ich</Unicode>
                </TextEquiv>
            </TextLine>
            <TextLine id="tr_1_tl_24" custom="readingOrder {index:23;}">
                <Coords points="3358,2273 3726,2202 4026,2301 4394,2167 5999,2266 5999,2142 4910,1930 4253,2043 3358,2018"/>
                <Baseline points="3376,2187 3466,2187 3556,2181 3645,2181 3735,2181 3825,2175 3914,2169 4004,2169 4093,2163 4183,2151 4273,2151 4362,2151 4452,2145 4542,2145 4631,2145 4721,2139 4811,2139 4900,2139 4990,2145 5080,2151 5169,2151 5259,2157 5349,2163 5438,2169 5528,2175 5618,2181 5707,2187 5797,2199 5886,2217 5976,2229 6006,2241"/>
                <TextEquiv>
                    <Unicode>(Neuging) kon Willig se puotsche</Unicode>
                </TextEquiv>
            </TextLine>
            <TextLine id="tr_1_tl_25" custom="readingOrder {index:24;}">
                <Coords points="233,2418 1106,2446 2195,2259 2962,2340 2973,2026 1308,2188 1068,2128 863,2220 244,2121"/>
                <Baseline points="256,2318 286,2318 376,2318 466,2318 555,2318 645,2318 735,2318 824,2312 914,2312 1004,2318 1093,2312 1183,2312 1273,2306 1362,2300 1452,2300 1541,2295 1631,2283 1721,2277 1810,2271 1900,2271 1990,2259 2079,2259 2169,2253 2259,2253 2348,2253 2438,2253 2528,2253 2617,2247 2707,2247 2797,2253 2886,2265 2976,2289"/>
                <TextEquiv>
                    <Unicode>Sie so in gefaßt sein – Dorten Müller</Unicode>
                </TextEquiv>
            </TextLine>
            <TextLine id="tr_1_tl_26" custom="readingOrder {index:25;}">
                <Coords points="3337,2467 3765,2556 3949,2432 5094,2425 6077,2528 6073,2238 5642,2195 5324,2287 4797,2206 4366,2333 4143,2238 3708,2376 3337,2337"/>
                <Baseline points="3358,2462 3448,2456 3538,2450 3627,2444 3717,2444 3807,2438 3896,2432 3986,2432 4076,2426 4165,2426 4255,2426 4344,2426 4434,2420 4524,2420 4613,2420 4703,2420 4793,2420 4882,2414 4972,2414 5062,2420 5151,2420 5241,2426 5331,2432 5420,2438 5510,2444 5600,2450 5689,2456 5779,2462 5869,2486 5958,2498 6048,2516 6084,2516"/>
                <TextEquiv>
                    <Unicode>wittentet in zerrheil, auch wo 1 Offenung</Unicode>
                </TextEquiv>
            </TextLine>
            <TextLine id="tr_1_tl_27" custom="readingOrder {index:26;}">
                <Coords points="237,2563 551,2662 1319,2552 2485,2627 2803,2573 2807,2386 1856,2287 1594,2429 919,2545 760,2418 240,2379"/>
                <Baseline points="256,2557 304,2557 394,2552 484,2557 573,2563 663,2569 753,2569 842,2575 932,2569 1022,2563 1111,2557 1201,2557 1290,2557 1380,2552 1470,2552 1559,2552 1649,2546 1739,2534 1828,2528 1918,2528 2008,2528 2097,2528 2187,2528 2277,2528 2366,2522 2456,2522 2546,2522 2635,2516 2725,2522 2814,2522"/>
                <TextEquiv>
                    <Unicode>bleibt Sie - u. auf der Erde -</Unicode>
                </TextEquiv>
            </TextLine>
            <TextLine id="tr_1_tl_28" custom="readingOrder {index:27;}">
                <Coords points="3344,2718 4656,2860 5214,2715 5949,2789 5946,2627 5196,2662 4808,2443 4352,2619 3341,2545"/>
                <Baseline points="3364,2707 3454,2701 3544,2695 3633,2701 3723,2701 3813,2707 3902,2695 3992,2695 4082,2695 4171,2695 4261,2701 4350,2701 4440,2701 4530,2707 4619,2713 4709,2713 4799,2707 4888,2707 4978,2719 5068,2713 5157,2713 5247,2719 5337,2731 5426,2737 5516,2743 5606,2749 5695,2755 5785,2761 5875,2767 5958,2779"/>
                <TextEquiv>
                    <Unicode>but you, jusstatt - waset</Unicode>
                </TextEquiv>
            </TextLine>
            <TextLine id="tr_1_tl_29" custom="readingOrder {index:28;}">
                <Coords points="219,2870 1690,2817 2174,2931 2598,2800 2860,2849 2863,2669 1934,2729 1322,2552 223,2743"/>
                <Baseline points="239,2785 328,2791 418,2797 508,2803 597,2809 687,2809 776,2814 866,2814 956,2814 1045,2809 1135,2803 1225,2797 1314,2797 1404,2791 1494,2791 1583,2791 1673,2785 1763,2785 1852,2779 1942,2785 2032,2785 2121,2785 2211,2785 2300,2785 2390,2791 2480,2791 2569,2791 2659,2791 2749,2785 2838,2791 2868,2791"/>
                <TextEquiv>
                    <Unicode>of will the trs delle of wil to</Unicode>
                </TextEquiv>
            </TextLine>
            <TextLine id="tr_1_tl_30" custom="readingOrder {index:29;}">
                <Coords points="5550,2927 5621,2885 5645,2885 5744,2948 5787,2916 5857,2916 5889,2941 5928,2920 5914,2817 5868,2821 5783,2775 5751,2786 5674,2754 5631,2771 5617,2761 5603,2779 5525,2764"/>
                <Baseline points="5564,2868 5653,2880 5743,2904 5833,2916 5922,2922 5940,2928"/>
                <TextEquiv>
                    <Unicode>him</Unicode>
                </TextEquiv>
            </TextLine>
            <TextLine id="tr_1_tl_31" custom="readingOrder {index:30;}">
                <Coords points="3334,3065 3956,2969 4475,3097 5182,3005 5999,3044 5995,2927 5741,2959 5553,2863 5352,2955 5147,2849 4588,2888 4231,2786 3330,2860"/>
                <Baseline points="3352,2982 3442,2976 3532,2970 3621,2970 3711,2964 3801,2958 3890,2958 3980,2958 4070,2964 4159,2964 4249,2964 4339,2964 4428,2964 4518,2970 4607,2970 4697,2970 4787,2982 4876,2982 4966,2988 5056,2994 5145,2988 5235,2988 5325,2982 5414,2988 5504,2994 5594,3000 5683,3000 5773,3012 5863,3018 5952,3030 6006,3042"/>
                <TextEquiv>
                    <Unicode>at this I nylyenhert, yor</Unicode>
                </TextEquiv>
            </TextLine>
            <TextLine id="tr_1_tl_32" custom="readingOrder {index:31;}">
                <Coords points="212,3118 703,3189 2464,3139 2846,3090 2846,2941 1969,2885 1608,3012 1290,2892 212,2976"/>
                <Baseline points="233,3054 322,3054 412,3048 502,3048 591,3054 681,3054 770,3060 860,3060 950,3066 1039,3060 1129,3060 1219,3060 1308,3060 1398,3066 1488,3066 1577,3066 1667,3066 1757,3066 1846,3066 1936,3066 2026,3060 2115,3060 2205,3060 2295,3054 2384,3054 2474,3048 2563,3054 2653,3054 2743,3054 2832,3048 2856,3054"/>
                <TextEquiv>
                    <Unicode>nicht ertworten ersehte Sie. —</Unicode>
                </TextEquiv>
            </TextLine>
            <TextLine id="tr_1_tl_33" custom="readingOrder {index:32;}">
                <Coords points="3337,3270 3634,3192 4044,3323 4521,3242 5055,3344 5804,3266 5797,3065 5578,3100 5430,3005 4687,3118 4352,3044 4228,3104 3952,2991 3334,3044"/>
                <Baseline points="3358,3185 3448,3185 3538,3185 3627,3179 3717,3179 3807,3179 3896,3179 3986,3179 4076,3179 4165,3185 4255,3179 4344,3185 4434,3185 4524,3191 4613,3191 4703,3191 4793,3197 4882,3203 4972,3209 5062,3209 5151,3209 5241,3209 5331,3215 5420,3209 5510,3215 5600,3221 5689,3233 5779,3239 5809,3239"/>
                <TextEquiv>
                    <Unicode>ab sich beide, holl auf mit Erhan</Unicode>
                </TextEquiv>
            </TextLine>
            <TextLine id="tr_1_tl_34" custom="readingOrder {index:33;}">
                <Coords points="343,3309 1099,3387 1311,3323 1449,3408 1764,3312 2888,3316 2888,3061 1191,3157 1032,3245 855,3150 343,3146"/>
                <Baseline points="364,3281 454,3287 543,3287 633,3293 723,3305 812,3305 902,3311 992,3311 1081,3317 1171,3311 1261,3311 1350,3311 1440,3311 1530,3305 1619,3305 1709,3299 1798,3299 1888,3299 1978,3293 2067,3287 2157,3281 2247,3281 2336,3275 2426,3275 2516,3281 2605,3281 2695,3287 2785,3293 2874,3305 2898,3305"/>
                <TextEquiv>
                    <Unicode>&amp; but then are up &amp;c. I am</Unicode>
                </TextEquiv>
            </TextLine>
            <TextLine id="tr_1_tl_35" custom="readingOrder {index:34;}">
                <Coords points="3379,3531 4323,3457 4613,3535 5168,3429 5409,3521 5596,3450 5889,3503 5886,3291 5631,3238 5356,3365 4776,3270 4398,3362 3669,3192 3376,3242"/>
                <Baseline points="3400,3418 3490,3418 3579,3412 3669,3412 3759,3412 3848,3412 3938,3412 4028,3418 4117,3424 4207,3424 4297,3424 4386,3424 4476,3424 4566,3430 4655,3430 4745,3424 4835,3430 4924,3430 5014,3430 5104,3430 5193,3424 5283,3430 5372,3436 5462,3436 5552,3436 5641,3448 5731,3460 5821,3472 5898,3478"/>
                <TextEquiv>
                    <Unicode>senberger in de plus fureur</Unicode>
                </TextEquiv>
            </TextLine>
            <TextLine id="tr_1_tl_36" custom="readingOrder {index:35;}">
                <Coords points="350,3563 792,3659 1294,3535 1626,3630 2188,3510 2566,3570 2566,3390 2421,3319 1213,3489 954,3404 573,3454 350,3362"/>
                <Baseline points="370,3502 460,3502 549,3508 639,3520 729,3526 818,3526 908,3532 998,3538 1087,3538 1177,3538 1267,3532 1356,3532 1446,3532 1535,3532 1625,3526 1715,3526 1804,3520 1894,3514 1984,3514 2073,3514 2163,3508 2253,3502 2342,3496 2432,3496 2522,3502 2575,3514"/>
                <TextEquiv>
                    <Unicode>Nimit une til jein Fre</Unicode>
                </TextEquiv>
            </TextLine>
            <TextLine id="tr_1_tl_37" custom="readingOrder {index:36;}">
                <Coords points="5221,3563 5539,3570 5720,3652 5854,3609 5843,3489 5759,3514 5592,3454 5515,3510 5462,3486 5409,3521 5341,3475 5214,3471"/>
                <Baseline points="5241,3550 5331,3544 5420,3550 5510,3550 5600,3562 5689,3574 5779,3591 5863,3597"/>
                <TextEquiv>
                    <Unicode>no kind.</Unicode>
                </TextEquiv>
            </TextLine>
            <TextLine id="tr_1_tl_38" custom="readingOrder {index:37;}">
                <Coords points="3390,3729 3751,3800 3963,3708 4302,3775 4924,3708 5348,3828 5911,3818 5900,3609 5451,3553 4581,3560 4323,3461 4083,3549 3383,3531"/>
                <Baseline points="3406,3645 3496,3639 3585,3645 3675,3651 3765,3657 3854,3645 3944,3645 4034,3657 4123,3651 4213,3639 4303,3639 4392,3639 4482,3645 4572,3645 4661,3651 4751,3657 4841,3657 4930,3663 5020,3675 5110,3681 5199,3681 5289,3693 5378,3705 5468,3711 5558,3717 5647,3717 5737,3723 5827,3729 5916,3753"/>
                <TextEquiv>
                    <Unicode>der frängkürmer.-Credi kondt.</Unicode>
                </TextEquiv>
            </TextLine>
            <TextLine id="tr_1_tl_39" custom="readingOrder {index:38;}">
                <Coords points="350,3828 2570,3736 2874,3818 2832,3517 1601,3673 354,3581"/>
                <Baseline points="370,3753 460,3753 549,3747 639,3753 729,3753 818,3753 908,3753 998,3753 1087,3753 1177,3753 1267,3759 1356,3753 1446,3759 1535,3747 1625,3741 1715,3735 1804,3729 1894,3723 1984,3729 2073,3723 2163,3717 2253,3717 2342,3711 2432,3705 2522,3711 2611,3723 2701,3729 2791,3729 2880,3735"/>
                <TextEquiv>
                    <Unicode>bursuat-a nilleurs tat une peu</Unicode>
                </TextEquiv>
            </TextLine>
        </TextRegion>
    </Page>
</PcGts>
