6168 4120
5312 316 5483 544 47
4439 441 4623 615 G.C.F.P
3357 568 5433 748 bringen konnte. Und selbst wenn nicht gerade
3345 713 5474 902 dies gedroht hätte, dass die Nachricht von dem
3357 849 5735 1023 Geschehenen in welcher Gestalt immer hereinstürzte.
3363 982 5681 1204 welche Unvorsichtigkeit, welcher unfassbare Leicht-
3357 1162 5602 1378 sinn in diesem doch von überall her zugänglichen
3354 1307 5551 1511 Gemach nun, da die Zeit der Nachmittagsruhe doch
3357 1473 5557 1665 vorbei war,weiter zu verweilen. Wenn ich selbst
3357 1603 5646 1789 auch fast unbewusst mich in ziemlicher Entfernung
3626 1754 3862 1860 by all
3369 1760 5628 1984 von ihr, ja ganz nahe dem Fenster aufgestellt hat-
3363 1919 5587 2109 te, sie überdies noch in tiefem Schlummer
3357 2064 5474 2283 lag auf dem Divan hingestreckt und wie sollte
3357 2224 5477 2416 meine Anwesenheit hier gedeutet werden? Meine
3357 2375 5457 2597 Unruhe steigerte sich von Gekunde zu Sekunde,
3369 2520 5528 2745 Geräusche aus dem Garten und von fernerher, un-
3357 2682 5498 2881 deutliche Stimmen, eingebildete auch (sie waren
3375 2866 5504 3055 auch schon vorher gleichgültig, nicht beachtet,
3375 2999 5347 3185 überhört in der Trunkenheit der köstlichen
3375 3156 5504 3324 Stunde - wurden nun deutlich, sinnvoll, konnten
3369 3298 5563 3505 überhaup nur einen Sinn haben - es war mir mit
3386 3496 5593 3691 einem Mal, als wüssten alle Menschen hier rings¬
