6200 4200
410 324 2953 655 Garthof, de sich zu Unrecht zu Hotel
420 544 2877 839 Sccefe nouvelé; notreilie
356 734 2912 1055 bejde on, -    ut aul Mill
356 970 2727 1208 de ici en seront est de an t
372 1122 2746 1484 Mulferd  "  Will... regl. défi un
388 1354 2807 1631 in 4 hf May July or pich weis —
423 1599 2750 1809 Ihr weide Hove in let 1s de
464 1809 2975 2111 e t le coeile fut; -
410 2031 2810 2359 2 - 1 - der F. enpeifel J. S. H.
537 2279 2921 2603 Jelger BSezugchof is den i
401 2514 1818 2855 & from brnant
509 2756 2982 3071 Von fl de obefleidt Bekannten, die in d
518 2998 2924 3284 Onde Stelle, dienst du cet pour
559 3185 2912 3554 & auf auf d. Stegenzug und
572 3452 2842 3757 Grap – but I am not as shall.
3493 308 5458 598 Votre Feuil an de pluyer Sec
3614 512 5048 779 Hjule Leibayne to be
3652 642 5878 985 Mr Lett teleg solle: Unglöcksfall!
3919 887 5080 1128 We fa eu Augis -
3830 1017 5610 1303 duable Sincerary
3773 1163 4329 1411 Croncle
3811 1284 5699 1624 Provise, wie auf Couhrn.
3691 1542 5925 1796 Rezeque auf d. Coes jus deux erkoht
3719 1697 5820 2006 Ville i Hr Fried Hofreilen (Jan
3729 1891 5420 2177 Kam) - Wohl u Bor¬
3878 2098 5350 2317 Ne - if but - thayar
3710 2276 5712 2492 V.A. by Mr. Gill – E
3703 2403 4918 2686 percle V.M. -F.K.-
3894 2581 4628 2816 silement -
3970 2654 4787 2956 viel fliebe.
3999 2851 5731 3211 O'Ramb ich den. — Verant
3977 3106 5471 3401 Yours in Millical.
4002 3315 5757 3598 Helden 4 heere - degul
3973 3449 5579 3678 alle Haus. Alle sicher - in
4485 3617 5493 3773 1 mpt. Heirat, claus t d 1
4031 3617 5045 3872 halt Gliste pheil -
4097 3767 5652 4021 In fium terren. There
4349 3983 4631 4037 G.C.F.P.
