6136 4216
3381 464 5544 675 Lebenden spräche, Mülling versuchte zuerst sie
3393 700 5579 823 zu einem Aufschub der Reise bis morgen zu über-
5320 754 5505 868 klec
3387 851 5673 1010 reden, der heutige Abendzug käme in der Garnisons-
3401 979 5601 1150 stadt erst gegen Mitternacht an, sie aber nickte
3413 1156 5490 1289 beinahe wie befriedigt, es war uns allen klar,
2986 1190 3313 1383 Ich viele
3444 1275 5476 1466 dass sie daran dachte sich noch heute Nacht
2989 1361 3316 1557 unter
3398 1426 5570 1625 Eingang in die Totenkammer zu verschaffen. Nun
5405 1548 5559 1631 pece
3003 1528 3171 1725 e
3427 1617 5584 1782 trug sich Mülling an sie zu begleiten; es sind
3413 1719 5616 1947 allerlei Dinge zu besorgen, die unmöglich Agathe
3418 1916 5527 2066 allein durchführen könne, sie wehrte mit einer
3430 2092 5695 2243 Entschiedenheit ab,die jede Widerrede ausschloss.
3413 2229 5633 2365 All das gehört nur mir zu", sagte sie.“Erst nach
3441 2399 5570 2570 dem Begräbnis Herr Doktor Mülling, sprechen wir
3441 2508 5505 2675 weiter.“ An mich richtete sie kein Wort. Sie
3438 2693 5490 2872 wünschte nun allein zu sein, nur Aline durfte
3467 2832 5581 3037 später wiederkommen, um ihr bei den Reisevorbe-
3441 2957 5499 3174 reitungen zu helfen und Weisungen wegen der
3447 3156 4571 3356 Villa entgegenzunehmen.
3862 3299 5493 3447 Sie drückte uns Allen die Hand, mir
3472 3435 5556 3612 nicht anders als Aline und Mülling, sie wich
