6136 4216
3472 460 5611 666 (auf die Ursache der Forderung,die er nach La-
1742 503 2053 718 adresse
3472 658 5617 827 ge der Umstände bei Agathe als bekannt voraus-
3481 827 5511 998 setzen konnte, kam er nicht zu sprechen) bis
3483 992 5600 1150 zu dem Augenblick, da Eduard am Waldesrand tot
3483 1141 5488 1327 hingesunken war. Er sprach, als wäre es ein
3486 1270 5760 1499 Plaidoyer für jemanden, der eine längst angetanes,
3486 1441 5720 1607 vergessenes, schon an sich nicht sehr bedeutungs-
3501 1582 5694 1793 volles Vergehen allzu schwer gesühnt und dessen
3501 1745 5566 1979 Andenken von Schuld freizusprechen sei. Und
3495 1928 5603 2099 Egathe brachte es tatsächlich fertig ihn auch
3506 2048 5451 2228 nicht mit einer Silbe zu unterbrechen,
3495 2231 5586 2371 auch xxxxxxx
3512 2348 5660 2565 nur als er geendet fragte sie mit vollkommener
3521 2517 5660 2708 Ruhe, ob an Ort und Stelle irgendwelche Verfü-
3526 2686 5820 2880 gungen getroffen worden seien. Und als Mülling er-
3526 2849 5563 2992 wiederte, dass ikaxxx
3521 2960 5766 3175 Leichnam spätestens morgen Früh freigegeben wer-
3521 3160 5566 3300 de, sagte sie:“ Ich werde noch heute Abend zu
3526 3346 5694 3458 ihm fahren." (Es durchachauerte uns Alle, nicht
3532 3452 5654 3721 nur mich, denn es klang, als wenn sie von einem
