6024 4104
4000 404 4716 599 man geschehen
3412 513 5486 736 um, dass Agathens Gatte im Duell gefallen war.
3412 702 5564 871 nur sie wusste es nicht und ich stand unschlüs
3427 854 5552 1003 sig feige zwischen ihrem seligen Schlummer und
3406 988 5575 1169 einer furchtbaren Gewissheit, die ihr doch nicht
3418 1155 4475 1369 erspart werden konnte.
3770 1298 5504 1504 Mit einem plötzlichen Entschluss trat
3412 1453 5458 1662 ich auf sie zu, zugleich, als hätte mein Blick
3406 1604 5475 1811 sie erweckt, blintzelte sie, fuhr mit der Hand
3412 1796 5529 1922 über die Stirn und in die Haare, zuerst sah sie
3412 1925 5392 2109 einem kleinen Mädchen ähnlich, das sich den
3412 2054 5458 2289 Schlaf aus den Augen reibt, eine Sekunde lang
3412 2229 5481 2412 hatte sie offenbar keine Ahnung von der Wirk-
4982 2346 5148 2458 wie
3406 2389 5690 2590 lichkeit, sah mich nicht anders als ein entschwin-
3412 2573 5716 2733 dendes Traumbild, dann aber hörte sie meine Stimme
3432 2713 5592 2865 unwillkürlich hatte ich ihren Namen geflüstert
3427 2865 5624 3040 da sprang sie auf, strich sich das Kleid zurecht
3432 3037 5444 3206 und mit einer halb unwillkürlichen Bewegung
3432 3143 5601 3364 strich sie auch die Kissen glatt und legte sie
3406 3286 5524 3512 in Ordnung hin "Ich bitte Sie, gehen Sie, wir
3432 3492 5486 3684 waren ja wahnsinnig. (Kind, geliebtes Kind, gehört).
