6216 4216
409 282 2979 599 ment de Sine où Hendets.
307 518 2813 871 et de Heure. c j'ai eu
356 740 2883 1036 de treize imme isba du Haare
293 892 2908 1234 d'un ae du fluite ici au, une ci jours
324 1149 2651 1449 a uilok Teagis of
1403 1325 1840 1463 mits.
331 1361 2806 1710 nen-ne het nicht gebet -; und I- -
303 1544 818 1731 Ausdas
419 1696 2556 2066 Nichts ist entgegenflich, zuerst.
451 1978 1209 2217 sept Mill
3208 345 6056 786 then no Jullan - at men komen jegen enselt noch
5873 352 6045 564 18
3232 518 5125 864 in Embaffe inne Depesde a -
3278 673 5985 1012 the Trepe it imo, beve rgt hollin plostus - - we
3250 888 5926 1255 in um bieden.  Fr Agatt d. konfurst hinzu
3229 1061 3684 1297 ill?
3247 1195 6003 1509 Ihr teil mit einige Vormundung auf...
3215 1399 5457 1614 dert al Tifsenk dort - 5 f wis le S...
3247 1583 5827 1907 Gebillet de Bof. Mio kam i unglif je
3222 1791 5961 2020 vieil oubel eau cri une ne et tromlice ghe
3218 1967 5108 2231 si eine Balle inlade wollten.
3225 2150 5760 2425 My hell dost wohl - gleich zu tst so telef¬
3204 2372 3835 2570 pr elle
3250 2563 5985 2859 Vulle ht - abe da habe wir u ia genaamt.
3169 2693 5890 3098 Und es die Neprieb telle j A fern en kosten
3165 2890 5644 3222 Voramkind in him. Eibe die mind
3180 3116 5890 3507 Berecht Kranck – wt. eed. chef nicht weg.
3222 3324 5636 3624 - Sie undalte, Heu woll — im und
3208 3504 4752 3807 inlicer Freund. Leibage -
3335 3708 5675 3994 Sie plost M woll wiss. Nr, daß  d Sach
