6072 4104
3342 486 5371 680 wollte.Es entspann sich was man einen edlen
3370 655 5636 835 Wettstreit zu nennen pflegt. Neuerdings versuchte
3351 804 5612 1004 er (die Entscheidung) durch das Loos vorzuschlagen
3348 976 5534 1116 aber als wir an der letzten Strassenbiegung die
3351 1091 5515 1281 ersten Bauernhäuser erblickten, die den Eingang
4991 1222 5384 1322 dès l'attend
3348 1241 5546 1450 des Dorfes bildeten, war ohne Spiel das Loos für
3339 1369 4031 1640 mich gefallen.
4951 1431 5543 1621 bintt suivant
3707 1559 5640 1796 Da lag der See von tausend kleinen Sonnen
3348 1721 5502 1889 glitzernd. Vom gegenüberliegenden Ufer her, das
3348 1874 5509 2079 vom Dunst der Ueberhelligkeit verschleiert war
3348 2048 5543 2226 näherte sich (noch) spielzeughafter anzusehen als
3342 2195 5615 2382 sonst, das putzige Dampfschiff, dessen Schaukelwel
3741 2279 4399 2397 des bois juges Volles
3351 2357 5689 2544 len sich die badenden (Kinder und nicht die allein)
3358 2472 5593 2665 entgegenfreuten. Man kam um dieses Dampfschiffes
3351 2609 5658 2843 willen manchmal zu spät zum Mittagessen. (Hier an
3342 2812 5842 2980 dieser Stelle, wo ein abkürzender Weg zu der Leuberger
3348 2980 5774 3105 schen Villa führte, hätte ich eigentlich schon ausstei¬
3348 3083 5780 3314 gen können oder müssen (Aber ich tat es nicht. Nach
3348 3245 5699 3464 drei Minuten schon hielten wir vor dem Gasthof, der
