6120 4152
3666 580 5858 769 und drückten einander mit übertriebener Freund-
3671 783 5875 927 schaftlichkeit gleichsam teilnahmsvoll die Hän-
3685 941 3866 1074 de.
4096 966 4587 1129 Neuille
3996 1074 5750 1265 Sehr genau entsinne ich mich auch der
3682 1229 5736 1382 Wagenfahrt am nächsten Morgen bis zur Wald-
4820 1335 5272 1443 gleichen
3677 1393 5803 1543 lichtung und ich habe gewissermassen noch den
3416 1476 4151 1618 de Je klappe de
4612 1479 5797 1598 tout eues gleichsamens nötte
3677 1576 5833 1748 Ten der Hufschläge im Ohr, die über die Land-
3666 1720 5744 1876 strasse klapperten. Automobile gab es damals
3666 1870 5794 2045 noch kaum in der kleinen Stadt; auch wunderte
3688 1987 5816 2156 ich mich, dass die Strasse so staubig war. Loi-
4382 2103 5506 2226 mit u beibelnden Mühlskam
3688 2167 5858 2356 berger sprach von einer bestimmten neu in Mit-
3688 2325 5816 2492 teleuropa eingeführten japanischen Strauchart,
5125 2417 5625 2531 bratsichlyk
4776 2448 4945 2522 eur
3682 2506 5780 2622 die er auch in seinem Garten setzen wolle, Er
3677 2653 5897 2808 sprach davon mit einer überbetonten Wichtigkeit
3671 2806 5797 2930 sonst hätte man ihm überhaupt nichts anmerken
3677 2939 5866 3141 können, - ich war mit seiner Haltung zufrie-
3688 3091 5864 3277 den. Aus dem Wagen sprang er mit jener Elasti¬
3688 3258 5886 3399 zität, die man damals in Zeitungsnoti-
3927 3369 4562 3466 imme in a
3677 3427 5908 3621 zen/als besonderes Attribut regierender Fürsten
