6200 4168
5812 261 6028 574 61
2755 337 3043 632 60
3253 292 5857 745 wohl allein ich nehldent sol
374 319 2748 725 Seertullet Skont tersurfod
3263 539 5736 941 Muert - Sie wehrt (alle) mit
234 587 2707 931 Nn, nur heißt im 12.
3287 769 5987 1185 groft Tukkenheit ab, die in
261 831 2679 1144 Garnisasten ci -.
206 1092 2748 1405 d'Honf. J'ai Cortelbe... jours
3267 1099 6032 1415 Miderkirrt in wesentworft; - the
247 1281 2642 1597 recht is... Sie gebuttet s kopf.  un
3301 1364 5867 1635 All das gebort und mir zu... Er
319 1529 2796 1872 will beprest - is we am all
3301 1532 5860 1824 we be byntnist, Doctor Müller,
251 1766 2772 2140 me, daft ne nt ged dera dachte
3291 1762 5901 2147 on wis werte... xxx Mart.
3363 2016 5877 2398 So mehr C mich reistet sie kun
227 2009 2631 2356 n'est heute. u de nel hoof luy
196 2260 2786 2559 in de Todekompnesteff..
3325 2277 5664 2559 Mort, - ne wollte un elle sui,
230 2511 2803 2865 fet nul du 7 Tifs frs... Il en
3332 2511 5932 2889 amt Aber wollte mir Alie selbst
299 2721 2745 3026 leucht uor. pitt. Für Järz.
3346 2772 5901 3092 im Zlicu sollte weil wäle
285 2964 2521 3287 wth Mr Tea,na his and
3349 2982 5627 3291 and kunnen
237 3198 2820 3538 Mullon nie zu begleit.... Er in
3401 3208 5675 3528 wollte sie vor d'Atsahert noch —
302 3428 2683 3775 not all Drs, beinge, - a
3397 3452 5949 3885 par Mons Sigerk – et avec
433 3627 2954 4016 Purgie neuf Mren - die né in
