<?xml version="1.0" encoding="UTF-8" standalone="yes"?>
<PcGts xmlns="http://schema.primaresearch.org/PAGE/gts/pagecontent/2013-07-15" xmlns:xsi="http://www.w3.org/2001/XMLSchema-instance" xsi:schemaLocation="http://schema.primaresearch.org/PAGE/gts/pagecontent/2013-07-15 http://schema.primaresearch.org/PAGE/gts/pagecontent/2013-07-15/pagecontent.xsd">
    <Metadata>
        <Creator>prov=READ-COOP:name=TrHtr:version=2.1.0:model_id=51170:date=28_07_2023_01:43</Creator>
        <Created>2023-05-10T11:11:35.531+02:00</Created>
        <LastChange>2023-07-28T01:43:54.147+02:00</LastChange>
        <TranskribusMetadata docId="1428128" pageId="55383808" pageNr="30" tsid="131312936" status="IN_PROGRESS" userId="64420" imgUrl="https://files.transkribus.eu/Get?id=IGNKFYGTUZQOFTWBNIRBTLKO&amp;fileType=view" xmlUrl="https://files.transkribus.eu/Get?id=LYXXJFAIEEIPKENVVCPYCASZ" imageId="44658794"/>
    </Metadata>
    <Page imageFilename="1428128_0030.jpg" imageWidth="6104" imageHeight="4152">
        <ReadingOrder>
            <OrderedGroup id="ro_1711825098985" caption="Regions reading order">
                <RegionRefIndexed index="0" regionRef="tr_1"/>
            </OrderedGroup>
        </ReadingOrder>
        <TextRegion id="tr_1" custom="readingOrder {index:0;}">
            <Coords points="3376,373 5840,373 5840,3750 3376,3750"/>
            <TextLine id="tr_1_tl_1" custom="readingOrder {index:0;}">
                <Coords points="5141,491 5175,485 5184,476 5208,476 5238,455 5244,461 5268,437 5286,446 5316,440 5316,368 5298,368 5274,356 5244,365 5214,359 5169,392 5138,389"/>
                <Baseline points="5154,423 5243,423 5321,429"/>
                <TextEquiv>
                    <Unicode>26</Unicode>
                </TextEquiv>
            </TextLine>
            <TextLine id="tr_1_tl_2" custom="readingOrder {index:1;}">
                <Coords points="3671,648 5343,681 5801,591 5804,443 5292,530 3924,476 3674,573"/>
                <Baseline points="3686,632 3752,632 3841,626 3931,620 4020,620 4110,614 4199,614 4289,614 4378,614 4468,608 4557,602 4647,602 4736,602 4826,596 4915,596 5005,590 5094,590 5184,590 5273,584 5363,578 5452,578 5541,572 5631,566 5720,566 5810,572"/>
                <TextEquiv>
                    <Unicode>Das Gartentor stand weit offen. Das kunstvoll</Unicode>
                </TextEquiv>
            </TextLine>
            <TextLine id="tr_1_tl_3" custom="readingOrder {index:2;}">
                <Coords points="3360,814 5319,802 5581,747 5584,630 3363,732"/>
                <Baseline points="3376,799 3460,799 3549,787 3638,781 3728,781 3817,781 3907,781 3996,775 4086,769 4175,769 4265,769 4354,763 4444,763 4533,757 4545,757 4605,757 4694,751 4784,751 4873,745 4963,745 5052,745 5142,739 5231,745 5321,733 5410,727 5500,721 5589,721"/>
                <TextEquiv>
                    <Unicode>geordnete Blumenparterre leuchtete bunt. auf der</Unicode>
                </TextEquiv>
            </TextLine>
            <TextLine id="tr_1_tl_4" custom="readingOrder {index:3;}">
                <Coords points="5437,823 5467,814 5509,838 5536,817 5566,820 5594,805 5729,838 5732,696 5606,717 5578,744 5542,741 5518,762 5485,744 5476,753 5437,741"/>
                <Baseline points="5452,793 5541,793 5631,787 5720,793 5738,793"/>
                <TextEquiv>
                    <Unicode>sejeunt</Unicode>
                </TextEquiv>
            </TextLine>
            <TextLine id="tr_1_tl_5" custom="readingOrder {index:4;}">
                <Coords points="3400,1016 5615,973 5636,823 3406,859"/>
                <Baseline points="3418,948 3454,942 3543,936 3633,936 3722,936 3811,930 3901,930 3990,924 4080,924 4169,924 4259,918 4348,918 4438,912 4486,912 4569,912 4659,912 4748,906 4838,906 4927,900 5017,900 5106,894 5195,894 5285,894 5374,894 5464,882 5553,876 5643,882"/>
                <TextEquiv>
                    <Unicode>weissen besonnten Bank rechts lag ein Buch, links</Unicode>
                </TextEquiv>
            </TextLine>
            <TextLine id="tr_1_tl_6" custom="readingOrder {index:5;}">
                <Coords points="3387,1160 5627,1115 5633,943 3393,998"/>
                <Baseline points="3406,1103 3489,1091 3579,1097 3668,1091 3758,1091 3847,1085 3937,1085 4026,1079 4116,1079 4205,1073 4295,1073 4384,1067 4474,1061 4563,1067 4653,1061 4742,1055 4832,1055 4921,1055 5011,1049 5100,1049 5190,1043 5279,1043 5368,1043 5458,1038 5547,1038 5637,1032"/>
                <TextEquiv>
                    <Unicode>die Bank lag im Schatten, über die breite Veranda</Unicode>
                </TextEquiv>
            </TextLine>
            <TextLine id="tr_1_tl_7" custom="readingOrder {index:6;}">
                <Coords points="3393,1293 5223,1199 5545,1248 5639,1236 5642,1118 4575,1172 4337,1106 3954,1178 3788,1112 3396,1202"/>
                <Baseline points="3412,1252 3501,1246 3591,1246 3680,1240 3770,1240 3859,1234 3949,1234 4038,1228 4128,1228 4217,1222 4307,1222 4396,1216 4486,1216 4575,1216 4665,1211 4754,1211 4844,1205 4933,1205 5022,1199 5112,1199 5201,1199 5291,1193 5380,1193 5470,1193 5559,1187 5649,1181"/>
                <TextEquiv>
                    <Unicode>mit den scharlachroten Strohsesseln war die rot-</Unicode>
                </TextEquiv>
            </TextLine>
            <TextLine id="tr_1_tl_8" custom="readingOrder {index:7;}">
                <Coords points="5030,1299 5084,1290 5120,1302 5138,1287 5172,1302 5196,1281 5286,1293 5310,1275 5340,1290 5392,1278 5392,1212 5181,1236 5132,1209 5033,1230"/>
                <Baseline points="5046,1282 5130,1276 5219,1270 5309,1270 5398,1270"/>
                <TextEquiv>
                    <Unicode>an ereten</Unicode>
                </TextEquiv>
            </TextLine>
            <TextLine id="tr_1_tl_9" custom="readingOrder {index:8;}">
                <Coords points="3400,1429 5392,1447 5696,1407 5699,1218 5503,1299 3403,1311"/>
                <Baseline points="3418,1401 3465,1401 3555,1395 3644,1395 3734,1395 3823,1389 3913,1389 4002,1384 4092,1384 4181,1378 4271,1378 4360,1372 4450,1372 4539,1372 4629,1372 4718,1366 4808,1366 4897,1360 4987,1360 5076,1360 5166,1354 5255,1354 5345,1354 5434,1348 5524,1348 5613,1342 5703,1348"/>
                <TextEquiv>
                    <Unicode>weissgestreifte Marquise gespannt, alle Fenster im</Unicode>
                </TextEquiv>
            </TextLine>
            <TextLine id="tr_1_tl_10" custom="readingOrder {index:9;}">
                <Coords points="3409,1600 5542,1597 5744,1528 5747,1416 3412,1486"/>
                <Baseline points="3424,1562 3430,1557 3519,1557 3609,1545 3698,1551 3788,1545 3877,1545 3967,1539 4056,1539 4146,1539 4235,1533 4325,1533 4414,1527 4503,1527 4593,1527 4682,1521 4772,1521 4861,1515 4951,1515 5040,1515 5130,1515 5219,1509 5309,1503 5398,1503 5488,1503 5577,1503 5667,1497 5756,1491"/>
                <TextEquiv>
                    <Unicode>ersten Stockwerk standen weit offen, der kleine Bal</Unicode>
                </TextEquiv>
            </TextLine>
            <TextLine id="tr_1_tl_11" custom="readingOrder {index:10;}">
                <Coords points="3550,1639 3568,1639 3604,1661 3616,1649 3644,1646 3674,1658 3689,1649 3710,1658 3761,1655 3761,1573 3737,1573 3713,1594 3680,1582 3662,1594 3650,1585 3635,1591 3616,1573 3583,1597 3550,1597"/>
                <Baseline points="3567,1628 3656,1628 3746,1628 3770,1628"/>
                <TextEquiv>
                    <Unicode>N-1</Unicode>
                </TextEquiv>
            </TextLine>
            <TextLine id="tr_1_tl_12" custom="readingOrder {index:11;}">
                <Coords points="3421,1736 4789,1784 5322,1667 5651,1736 5690,1594 4331,1564 4201,1639 3421,1646"/>
                <Baseline points="3436,1718 3460,1712 3549,1706 3638,1706 3728,1706 3817,1700 3907,1700 3996,1694 4086,1688 4175,1688 4265,1688 4354,1688 4444,1688 4533,1688 4623,1682 4712,1676 4802,1676 4891,1670 4981,1670 5070,1670 5160,1664 5249,1664 5339,1664 5428,1664 5518,1658 5607,1652 5697,1652"/>
                <TextEquiv>
                    <Unicode>kon vor der Mansarde lag im schiefen Sonnenglanz.</Unicode>
                </TextEquiv>
            </TextLine>
            <TextLine id="tr_1_tl_13" custom="readingOrder {index:12;}">
                <Coords points="3421,1962 4117,1872 4572,1929 4967,1829 5633,1908 5687,1733 3424,1781"/>
                <Baseline points="3436,1873 3454,1867 3543,1867 3633,1861 3722,1855 3811,1855 3901,1855 3990,1855 4080,1849 4169,1849 4259,1849 4348,1843 4438,1837 4527,1843 4617,1837 4706,1831 4796,1831 4885,1825 4975,1825 5064,1825 5154,1825 5243,1819 5333,1819 5422,1819 5512,1813 5601,1807 5691,1813"/>
                <TextEquiv>
                    <Unicode>Kein Mensch war zu sehen, alles war still, nur der</Unicode>
                </TextEquiv>
            </TextLine>
            <TextLine id="tr_1_tl_14" custom="readingOrder {index:13;}">
                <Coords points="4698,1935 4828,1932 4846,1917 4885,1932 5039,1920 5072,1935 5075,1835 5024,1820 4991,1838 4973,1829 4934,1856 4894,1841 4825,1878 4810,1869 4786,1893 4735,1872 4701,1881"/>
                <Baseline points="4718,1920 4724,1914 4814,1914 4903,1908 4993,1908 5082,1908"/>
                <TextEquiv>
                    <Unicode>was taken</Unicode>
                </TextEquiv>
            </TextLine>
            <TextLine id="tr_1_tl_15" custom="readingOrder {index:14;}">
                <Coords points="3418,2104 3601,2040 5548,2049 5708,2031 5711,1896 3764,1890 3421,1956"/>
                <Baseline points="3436,2022 3477,2022 3567,2022 3656,2016 3746,2016 3835,2016 3925,2010 4014,2004 4104,2004 4193,2004 4283,2004 4372,1998 4462,1992 4551,1992 4641,1986 4730,1986 4820,1986 4909,1980 4999,1980 5088,1980 5178,1974 5267,1974 5357,1974 5446,1968 5536,1968 5625,1968 5714,1968"/>
                <TextEquiv>
                    <Unicode>Kies unter meinem Schritt knirschte. Kein</Unicode>
                </TextEquiv>
            </TextLine>
            <TextLine id="tr_1_tl_16" custom="readingOrder {index:15;}">
                <Coords points="3412,2251 4973,2224 5120,2155 5630,2209 5832,2173 5838,1968 5464,2092 5274,2013 3415,2116"/>
                <Baseline points="3430,2183 3513,2171 3603,2171 3692,2171 3782,2171 3871,2165 3961,2159 4050,2159 4140,2159 4229,2159 4319,2159 4408,2153 4498,2147 4587,2147 4676,2147 4766,2141 4855,2141 4945,2135 5034,2135 5124,2135 5213,2135 5303,2129 5392,2123 5482,2117 5571,2123 5661,2117 5750,2117 5840,2129"/>
                <TextEquiv>
                    <Unicode>Gärtner. kein Diener, kein Stubenmädchen, (ich zögerte,</Unicode>
                </TextEquiv>
            </TextLine>
            <TextLine id="tr_1_tl_17" custom="readingOrder {index:16;}">
                <Coords points="3424,2345 5621,2378 5663,2206 3427,2251"/>
                <Baseline points="3442,2338 3448,2332 3537,2332 3627,2332 3716,2326 3806,2320 3895,2320 3984,2320 4074,2314 4163,2314 4253,2314 4342,2308 4432,2308 4468,2308 4503,2302 4593,2302 4682,2296 4772,2296 4861,2296 4951,2290 5040,2284 5130,2284 5219,2284 5309,2278 5398,2278 5488,2278 5577,2278 5667,2272"/>
                <TextEquiv>
                    <Unicode>denn ohne Meldung wollte ich, konnte ich das Haus</Unicode>
                </TextEquiv>
            </TextLine>
            <TextLine id="tr_1_tl_18" custom="readingOrder {index:17;}">
                <Coords points="3430,2544 5138,2450 5735,2507 5738,2336 3433,2417"/>
                <Baseline points="3448,2493 3507,2487 3597,2487 3686,2487 3776,2481 3865,2475 3955,2475 4044,2469 4134,2475 4223,2469 4313,2463 4402,2463 4492,2457 4581,2457 4671,2451 4760,2451 4849,2451 4939,2445 5028,2445 5118,2439 5207,2439 5297,2439 5386,2439 5476,2433 5565,2433 5655,2445 5744,2457"/>
                <TextEquiv>
                    <Unicode>nicht betreten besonders unter diesen Umständen</Unicode>
                </TextEquiv>
            </TextLine>
            <TextLine id="tr_1_tl_19" custom="readingOrder {index:18;}">
                <Coords points="3448,2658 5591,2673 5759,2655 5762,2519 5123,2553 4578,2462 3451,2547"/>
                <Baseline points="3465,2648 3531,2642 3621,2642 3710,2642 3800,2636 3889,2636 3979,2630 4068,2630 4157,2624 4247,2624 4336,2618 4426,2612 4515,2612 4605,2612 4694,2612 4784,2606 4873,2600 4963,2595 5052,2600 5142,2600 5231,2600 5321,2595 5410,2589 5500,2589 5589,2589 5679,2589 5768,2583"/>
                <TextEquiv>
                    <Unicode>und jetzt erst begann mir das Herz zu klopfen. Da-</Unicode>
                </TextEquiv>
            </TextLine>
            <TextLine id="tr_1_tl_20" custom="readingOrder {index:19;}">
                <Coords points="3433,2845 5271,2794 5642,2860 5705,2854 5711,2640 4554,2730 3436,2700"/>
                <Baseline points="3448,2797 3477,2797 3567,2797 3656,2797 3746,2797 3835,2791 3925,2791 4014,2785 4104,2779 4193,2779 4283,2773 4372,2773 4462,2773 4551,2773 4641,2768 4730,2768 4820,2762 4909,2756 4999,2756 5088,2750 5178,2750 5267,2750 5357,2750 5446,2744 5536,2744 5625,2744 5714,2750"/>
                <TextEquiv>
                    <Unicode>ran, dass Agathe zuhause sei, zweifelte ich nicht.)</Unicode>
                </TextEquiv>
            </TextLine>
            <TextLine id="tr_1_tl_21" custom="readingOrder {index:20;}">
                <Coords points="3445,2981 5618,2953 5621,2839 3448,2845"/>
                <Baseline points="3465,2946 3477,2941 3567,2946 3656,2946 3746,2946 3835,2941 3925,2941 4014,2941 4104,2941 4193,2935 4283,2929 4372,2923 4462,2923 4551,2923 4641,2923 4730,2923 4820,2917 4909,2917 4999,2911 5088,2911 5178,2911 5267,2905 5357,2899 5446,2899 5536,2899 5625,2893"/>
                <TextEquiv>
                    <Unicode>Die Mittagsstunde war nahe, vielleicht sass man</Unicode>
                </TextEquiv>
            </TextLine>
            <TextLine id="tr_1_tl_22" custom="readingOrder {index:21;}">
                <Coords points="4421,3026 4472,3017 4500,3029 4512,3020 4530,3029 4545,3017 4578,3023 4587,3014 4629,3017 4629,2960 4581,2966 4569,2953 4539,2969 4521,2963 4503,2981 4472,2966 4460,2975 4421,2969"/>
                <Baseline points="4438,3006 4527,3006 4617,3006 4635,3006"/>
                <TextEquiv>
                    <Unicode>treture</Unicode>
                </TextEquiv>
            </TextLine>
            <TextLine id="tr_1_tl_23" custom="readingOrder {index:22;}">
                <Coords points="3463,3119 3746,3183 3984,3113 5307,3134 5482,3107 5485,2941 4753,3032 3466,3002"/>
                <Baseline points="3483,3108 3519,3108 3609,3102 3698,3102 3788,3096 3877,3096 3967,3096 4056,3090 4146,3090 4235,3090 4325,3084 4414,3084 4503,3078 4593,3078 4682,3078 4772,3072 4861,3072 4951,3066 5040,3066 5130,3060 5219,3066 5309,3060 5398,3054 5488,3060"/>
                <TextEquiv>
                    <Unicode>schon beim Essen, das heisst, sie allein, denn</Unicode>
                </TextEquiv>
            </TextLine>
            <TextLine id="tr_1_tl_24" custom="readingOrder {index:23;}">
                <Coords points="3469,3297 5606,3306 5804,3273 5807,3104 3472,3183"/>
                <Baseline points="3489,3251 3573,3257 3662,3257 3752,3257 3841,3257 3931,3251 4020,3251 4110,3245 4199,3239 4289,3239 4378,3239 4468,3239 4557,3233 4647,3227 4736,3227 4826,3227 4915,3227 5005,3221 5094,3221 5184,3221 5273,3221 5363,3215 5452,3215 5541,3209 5631,3209 5720,3209 5810,3203"/>
                <TextEquiv>
                    <Unicode>Eduard war ja auf einer Dolomitentours Ja, wahrhaf-</Unicode>
                </TextEquiv>
            </TextLine>
            <TextLine id="tr_1_tl_25" custom="readingOrder {index:24;}">
                <Coords points="3508,3481 5774,3457 5777,3303 3511,3342"/>
                <Baseline points="3525,3424 3549,3424 3638,3424 3728,3418 3817,3412 3907,3406 3996,3406 4086,3400 4175,3394 4265,3394 4354,3394 4444,3388 4533,3382 4623,3382 4712,3382 4802,3382 4891,3382 4981,3376 5070,3376 5160,3370 5249,3370 5339,3370 5428,3370 5518,3364 5607,3364 5697,3364 5786,3370"/>
                <TextEquiv>
                    <Unicode>tig, das dachte ich, noch ehe es mir zu Bewusstsein</Unicode>
                </TextEquiv>
            </TextLine>
            <TextLine id="tr_1_tl_26" custom="readingOrder {index:25;}">
                <Coords points="3481,3604 4759,3638 5594,3574 5675,3457 4692,3421 4394,3505 4186,3427 4026,3514 3758,3460 3484,3520"/>
                <Baseline points="3501,3579 3531,3573 3621,3573 3710,3573 3800,3567 3889,3561 3979,3555 4068,3555 4157,3555 4247,3549 4336,3549 4426,3549 4515,3543 4605,3537 4694,3543 4784,3537 4873,3531 4963,3531 5052,3531 5142,3531 5231,3525 5321,3525 5410,3525 5500,3525 5589,3525 5679,3525"/>
                <TextEquiv>
                    <Unicode>kam, dass er in der Leichenkammer einer kleinen</Unicode>
                </TextEquiv>
            </TextLine>
            <TextLine id="tr_1_tl_27" custom="readingOrder {index:26;}">
                <Coords points="3481,3815 4828,3746 5383,3827 5681,3716 5681,3592 3484,3632"/>
                <Baseline points="3501,3740 3537,3734 3627,3734 3716,3728 3806,3728 3895,3722 3984,3722 4074,3722 4163,3716 4253,3716 4342,3716 4432,3716 4521,3716 4611,3716 4700,3716 4790,3710 4879,3710 4969,3710 5058,3710 5148,3710 5237,3704 5327,3710 5416,3704 5506,3710 5595,3704 5685,3710"/>
                <TextEquiv>
                    <Unicode>Garnisonsstadt lag. Und plötzlich kam mir meine</Unicode>
                </TextEquiv>
            </TextLine>
        </TextRegion>
    </Page>
</PcGts>
