6200 4184
5484 276 5681 527 uns
3637 454 5763 639 Sekundanten die Rede und nur, als wir ein
3634 609 5837 795 ander im Gang vor unseren Zimmern um Mit-
3662 760 5659 959 ternacht verabschiedeten,sagten wir zu-
3615 902 5777 1126 gleich,als bedürfe es noch ausdrücklicher
5725 1025 5924 1183 und
3631 1052 5782 1224 Erinnerung: „Also morgen Früh,sechs." Dazu
3631 1210 5561 1385 lächelten wir Beide etwas töricht und
3626 1385 5626 1533 drückten uns mit übertriebener Freund-
3642 1514 5664 1700 schaftlichkeit, mit gleichsam teilnahms-
3642 1656 5050 1855 voller Wärme die Hand.
4060 1820 5651 2011 So kam es, dass wir un am näch-
3634 1978 5782 2167 sten Tag um sieben Uhr zehn, als unser Freund
3637 2140 5667 2309 Eduard von der zweiten Kugel des Drago-
3648 2323 5766 2467 neroberleutrants hingestreckt tot am Wal-
3656 2432 5736 2610 desrand lag, der Gegner mit seinen Zeugen
3656 2585 5817 2749 sich entfernt hatte und der Regimentsarzt,
3656 2675 5837 2932 ein auffallend hagerer, kühler Herr mit p###
3648 2864 5689 3069 nischem Schnurrbart die Frage richtete,
3662 3003 5812 3205 was nach Abschluss der gerichtlichen Forma-
3672 3148 5796 3356 litäten mit dem Leichnam des Herrn Gefal-
3664 3304 5831 3525 lenen (er drückte sich wörtlich so aus) zu
3667 3454 5664 3656 geschehen habe, in einiger Verlegenheit
5208 3582 5801 3774 befanden.
