5992 4120
3339 518 5414 680 oben nur durch den Offizierscharaktordes
3339 680 5361 863 einen Gegners zu ernsteren Konsequenzen
1883 724 2105 916 G.C.F.P
3328 760 5570 1019 geführt hatte. Mitmal wie auf Kräher i die Bet
3579 902 5389 1022 übertragt und unverstattet werden ist.
3089 975 5278 1175 Ein paa Kircheux. Am Abend kan Eduard Loiberger
3342 1139 5509 1250 an. Er hatte seinen Sommeraufenthalt unter
3325 1284 5403 1409 dem vorwand unterbrochen, dass er einige
3345 1370 5545 1618 vlettertouren in den solomiten unternehm
3339 1596 5517 1710 wollte, eine Absicht, die er schon früher ge-
3339 1757 5372 1880 äussert und zu deren Durchführung eben
3350 1852 5439 2025 jetzt das wundervolle Wetter glaubwürdig-
3395 2053 5264 2175 sten Anlass bot. Wir erwarteten ihnen
3877 2144 4311 2256 er begrüßen.
3359 2231 5445 2334 der Bahn und brachten ihn in den kleinen,
3966 2289 4771 2409 Couple Nachtplo de S.
3339 2390 5406 2481 recht behaglichen Gasthof, wo wir ihm das
3342 2495 5445 2637 beste Zimmer hatten reservieren las-s-on,
3395 2610 4091 2715 abgestellt.
4826 2604 5381 2710 flüchtigen
3350 2690 5456 2791 er blieb nicht länger oben, als er zum Um-
4888 2754 5158 2860 unbesch
3339 2846 5539 2969 kleiden benötigte,kam so vergnügt herunter,
3345 2999 5534 3100 wieder herab, als er hinaufgegangen war, wir
4985 3069 5679 3228 gep mit best Cxp
3682 3072 4002 3178 Aber -
3339 3144 5461 3258 nachtmahlten zusammen im Gastzimmer, und
2955 3231 4523 3400 (auf de l'immertine dem Tablch. das neue
4618 3233 5294 3339 not, in the t
3339 3303 5506 3462 fielen in keiner Weise auf. Wir waren alle
2910 3378 3180 3487 Land
3994 3387 4303 3481 Arzeth
2871 3439 3219 3615 (on an tin)
3339 3381 5420 3582 touristisch gekleidet auch die vier oder
2908 3568 3183 3721 Meiner
3339 3545 5456 3785 fünf Offiziere am Tisch in der gegenüber-
