6200 4216
157 358 2088 612 Awa Prr in to the Tyor in
349 561 1685 781 tills about if it stood.
237 827 984 1087 Nuhl Blick -
3372 426 5082 684 Sie nicht noch an... Mer ist die...
3358 598 5437 881 Marbert die der Vormüße – – – Wiel die unheiligt
3386 732 4078 935 Majesteit de
3412 912 4994 1193 d'inserve vers fort une in Nordre -
3438 1101 5746 1481 Ode : - Millst de mil men foot -! - Lucht die wurf? -
3472 1241 4110 1484 Hkürniss
3526 1433 5766 1665 - Welche Erlehnt  ist konnte nicht von können §
3555 1587 4484 1796 äusser ich zu sehen?
3606 1750 5262 1982 Et syl u ibrt Me kommt den
5302 1722 5995 2105 fait ses totes.
3586 1922 5277 2154 - Ob A d h/eidl eenen Krulls
5334 2039 5949 2265 &ca, his
3549 2051 5211 2319 dern Wir in verlassen – 2.
3727 2216 4713 2460 Šndif- uflicht.
3641 2339 4702 2580 Milling tuttein.
3978 2543 4319 2706 him.
3801 2623 4710 2889 2/1 xxx
3818 2809 4813 3046 Ma ut petite - r
3964 2969 5128 3200 Sie wissen muss – xxx
3581 3223 5374 3441 Oder sie macht d konnte — Taten
3612 3415 5337 3629 wir zusammen fort. Ich wohl mit¬
3572 3532 5288 3818 was had aomen. It has from -
3589 3649 4156 3844 Evec Rin.
