6184 4168
3651 602 5807 808 ten es gleich nach unserer Ankunft besichtigt.
3637 777 5835 989 die übliche Waldlichtung,wie von der Vorsehung
3646 919 5810 1114 zu solchen Dingen ausersehen,in der Nähe eines
4623 1042 4879 1164 dam
3648 1069 5762 1303 kleinen "irtshauses, in dem, wie Mülling heiter
3668 1231 5679 1448 bemerkte, schon manches Versöhnungsfrühstück
3665 1387 5807 1593 stattgefunden hatte. Dies war aber die einzige
3818 1554 4208 1665 sprelui
3665 1571 5765 1766 Andeutung auf den Zweck unserer Anwesenheit,-
3682 1755 5773 1936 im übrigen sprachen wir xxxx von lauter an-
3679 1872 5701 2097 deren Dingen, sum Beispiel von der für den
3687 2016 5835 2222 nächsten Sonntag bevorstehenden Segelregatte -
4743 2133 5548 2256 Siezer vom vorigen Sich
3704 2231 5879 2390 in der xxxx auch Loiberger stär-
3696 2370 5929 2537 ten sollte - voriges Jahr war er Sieger gewesen.
5542 2445 5835 2557 phent
3996 2465 4359 2596 geplante.
3710 2468 5926 2718 von einem Zubau, den er für seine Villa beabsich-
3710 2676 5818 2891 tigte und zu dem er, von Beruf Fabrikant aber
5456 2760 5804 2869 Cetsch
3718 2866 5784 3005 Dilettant in allen möglichen anderen Dingen,
4097 2960 4473 3072 Quade to
3718 3011 5837 3169 selbst den Plan entworfen hatte, von einer der
3732 3130 5837 3284 Vollendung nahen Drahtseilbahn auf die Hütte-
3724 3275 5957 3465 neckalm.deren Trassierung Loibeger bemängelte,
3729 3439 5862 3690 von einem Prozess, den Doktor Mülling für ihn
