6136 4168
4977 477 5245 576 vom
3445 558 5339 781 damals vor meiner letzten Staatsprüfung,
3469 633 5671 920 Villenbauten, Meisterschaften im Rudersport und
3475 839 5680 1077 allerlei zufälligen gemeinsamen Bekannten. Von
3984 962 5692 1113 Gabrye den in fornnge bevouderde
3484 1013 5713 1210 Frau Agathe sprachen wir nicht.
3239 1107 5668 1306 thester nicht. T hulle compt fomflla weh ets ogis woll
3909 1194 5833 1345 Am Abend kam Eduard Loiberger an. Er hat-
3505 1306 5728 1559 te seinen Sommeraufenthalt am See unter dem Vor-
3520 1499 5842 1683 wand unterbrochen, dass er Klettertouren in den Do-
3520 1635 5888 1867 lomiten unternehmen wollte, wozu eben jetzt das wun-
3529 1771 5728 1997 dervolle Augustwetter glaubwürdigen Anlass bot.
4021 1807 4307 1912 Spalman
3544 1958 5716 2166 Wir begrüssten ihn harmlos und brachten ihn in
4102 2096 4784 2220 allen toutenle
3550 2132 5827 2319 den alten behaglichen Gasthof auf dem Marktplatz,
3556 2268 5737 2494 wo wir ihm das beste Zimmer hatten reservieren
3568 2428 5689 2633 lassen. Wir nahmen zusammen im Gastzimmer das
3580 2606 5858 2853 Abendessen, plauderten angeregt, tranken und rauch-
3583 2754 5734 2938 ten, fielen in keiner Weise auf, auch nicht den
3592 2899 5836 3149 paar Offizieren, die an einem Tisch in der gegen-
3586 3052 5879 3270 überliegenden Ecke sassen, Vollkommen sachlich be-
3604 3233 5861 3429 richtete Doktor Mülling von dem Terrain, auf dem
5643 3339 5852 3399 in-
3598 3387 5894 3601 morgen das Duell stattfinden sollte - wir hat-
