6265 4104
3322 202 3673 364 grant
236 148 472 411 26
3953 199 4846 384 in diret elle
3319 263 5264 550 Bank in de Toune t, day in
5315 293 5801 540 B 1;
357 223 2921 607 Prei allmach wykent og la fubil, pais
5356 506 5595 641 at
1919 509 2435 654 Mariede
3302 513 5737 769 He laibt by  "Bond - Schett" - Dis
337 590 2991 843 sogleidt. (Auf zu kindliches Turtenorte immer
5342 698 5848 954 weete,
1966 725 2202 843 Frost
3305 661 5592 985 hande - ten, mit den nachlochste
327 826 3039 1008 a/overreide - in morgen - wer is cive me
3319 978 5693 1305 hohannes in die vorlauf geben hagen
361 941 3042 1261 that be p i de Ratsaal ueht, a/6 ten
4027 1160 5211 1339 shurgh Hill.
283 1147 2735 1443 V. Arpents t il fatte la cin an
3325 1255 5612 1518 espenert  /: - die weit Ralette
293 1342 3002 1730 potest in. Iof hatte ab den fründe offert
3315 1379 5875 1740 Alle Teint in ob Focke schon wert offen
300 1558 2809 1905 unftpensne- und ohne Frage eben
3325 1622 5700 2030 is kle Balkon mit de hanark 6
3507 1777 3865 1885 it.
3325 1831 5784 2121 of in kelly Sunglang.. Re bevid a
351 1784 2995 2182 Iche michteit immer verlängt - et il
3383 2034 5753 2337 cette - et elle a  dit
560 2081 2823 2371 Millem intenere)  "    Mein cin
968 2243 1406 2408 is by
3325 2179 5949 2499 wie ein Tof u Schritt auf te Ries kommenkte
408 2256 2853 2553 Betteid kal nicht zu doch; - dann es heft -
3325 2401 5625 2728 nde kreis mit meinem Schreib von Ein
496 2425 2840 2725 a nicht weiter lassen, als die gete
3275 2590 5780 3012 man for her, the farle, heu diener and
405 2644 2735 2998 Pom gesellschaftliche Frau erlegte n-
3271 2880 5865 3278 Hibrum of -; of part - do it having out
415 2978 1531 3224 zugleich uberbl.
2195 2988 2482 3231 in
567 3123 2030 3369 Hor Shovnd faites etc
2195 3174 2533 3329 offe
2695 3170 3012 3386 de
3305 3133 5531 3453 if [illegible] to the cotiter.
2118 3278 2988 3467 konnte ert
523 3342 2978 3609 Bliowespartene trilte die Blivenburt
3292 3359 4047 3673 Sta
4492 3420 5123 3690 of
5143 3447 5753 3720 deme
506 3521 2954 3841 ﻿Hincaparter leur bint –; and weiss
