6136 4152
4616 453 4897 665 Cette
3432 538 5592 786 zwischen den Sekundanten fænd schon am Sonntag
4668 731 5396 843 dem Mortwerpe
3438 801 5650 973 Abend wenige Stunden nach geehehener Forderung
3979 882 4384 1000 gehinden
4565 903 5372 1039 Dr. Mülling und ich
3447 952 5629 1157 in Ischl statu, seidass wir also noch in dersel-
3429 1127 5592 1296 ben Nacht gleich nach unserer Rückkunft an den
3438 1302 5556 1468 See Herrn Lotberger das Resultat berichten
3408 1450 5677 1641 konnten. Die Bedingungen waren schwer. Eduard
3420 1547 5514 1764 Leiberger hatte uns angewiesen Kr. Boiberger
3420 1728 5577 1949 hatte uns angewiesen die Bedingungen des Ritt-
3426 1891 5629 2109 meisters ohne Widerrede zu akzeptieren; sie wa-
3438 2051 3982 2221 ren schwer.
3988 2206 5689 2417 Also Montag Nachmittag kamen Mülling
3432 2357 5855 2553 und ich in der kleinen Stadt an. Wie auf Verabredung
3420 2538 5601 2777 sprachen wir so gut wienichts über das, was uns
3435 2692 5762 2867 für den nächsten Morgen bevorstand; Doktor Mülling
3435 2846 5626 3064 wusete zweifellos mehr als er mir sagen wolite
4157 2991 4532 3100 a leur
3432 3009 5683 3187 end durfte; wir machten eine kleine Spazierfahrt
3338 3103 4562 3284 und berichtigte der Terrän der in
4641 3169 5692 3269 en gegueil Serenissime
3438 3221 5707 3366 in die Umgebung, Mülling sprach von seinen Reisen,
3426 3345 5804 3535 seinen längst verflossenen Universitätsstudien,Szu-
3423 3474 5668 3755 dentenmensuren, Professoren, Prüfungen - ich stand
