6120 4072
3018 307 4679 708 Das Zeuge in gelösten Tro-
3108 562 4409 866 Lauptvrye.
3024 745 5527 1046 Laater he everunto. I don't not get
2987 987 4381 1205 helem ick ond we
3124 1130 4353 1391 heeft it bill.
3148 1329 5471 1611 Ecc vom mir zugleich. Neu: ein¬
3068 1518 3766 1785 allen feil.
3158 1683 4176 1925 Alfurne
3266 1801 5561 2093 No Iont Succost. dif was the i
3176 1969 5446 2264 wissen zweifelt ist. wer¬
3176 2198 5098 2534 wederbart hinein ist,
3453 2630 3875 2894 Lant Sir
3530 2857 5341 3037 Hea. Es ll. wennen soll. Sieb
3561 2987 5120 3201 Vielen 2 decke, bei darauf Schwert,
3546 3083 5421 3369 So betrieben. ich die auf erträglich
3611 3294 5328 3496 etwas, wenn ich mich noch nicht
3620 3412 5266 3642 Wenn Wienen so sich, in 56 Jahren.
3568 3524 5266 3804 et en os il se c'est a eue copielle.
