6104 4136
4220 343 4385 541 G.
5165 461 5328 632 29
3375 520 5547 833 Aber während ich gleichsam träumte, wachte das
3428 751 5505 963 Zimmer auf (und begann zu klingen) Es war ein
3434 963 5597 1129 heller, sommerlicher Raum (mir war, als hätte ich
3434 1111 5768 1277 noch nie etwas so Helles und Weisses gesehen.)
3466 1209 3644 1309 1g
3446 1256 5487 1421 Auf dem freistehenden dunklen piano war ein
3992 1356 4279 1460 untricul
3454 1392 5591 1599 ganz lichter Shawl gebreitet, der (ursprünglich
3451 1498 5549 1740 kaum als Verwendung für eine Klavierdecke be-
4264 1652 4704 1764 Vor meun ty
3457 1720 5597 1888 stimmt war. (Ich erinnerte mich jetzt, dass ein
5245 1800 5638 1918 & years 7.
3475 1871 5561 2006 ziemlich improvisierter Musikabend vor weni-
2970 1868 3369 2125 in me.
3475 2033 5795 2175 ger als dreimal vierundzwanzig Stunden hier statt-
4202 2098 5523 2228 in vif erlebst wie in die Einig. Wirt
3005 2113 3224 2258 had in
3475 2145 5706 2358 gefunden hatte. Alfred Grünfeld, ein guter Freund
2976 2187 3286 2417 to be the
4282 2258 4707 2358 für beritert die
3469 2305 5765 2506 des Hauses, in dem viele Künstler freundschaftlich
5192 2420 5579 2515 Phantand
4297 2423 4453 2527 to be
3469 2459 5845 2648 verkehrten, hatte 'Strauss'sche Walzer paraphrasiert,
3493 2662 5591 2816 Frau Aline die dunkle Freundin Agathens, hatte
3499 2816 5795 2985 Lieder von Schubert und Brahms gesungen und sich
4628 2875 5000 3005 dont du
3706 2893 4054 3014 auf de On
3026 2840 3298 3020 M Thi
3490 2937 5736 3153 selbst dazu begleitet. Die laue Nachtluft xxxx
3487 3058 5709 3298 schmeichelte sich durch die offene Tür herein
3930 3203 4158 3313 was
3493 3242 5712 3434 Nachher spazierte man im Garten umher (der sich
3481 3416 5555 3617 hinter dem Hause ansteigend fortsetzte. Eine
5357 3457 5940 3617 in deur slavw
3493 3584 5798 3703 Weile sass ich von dem Champagner, den es bei Leu-
