6200 4216
4794 267 4955 449 +
3387 331 5189 616 An Ober kan durch, gut zu ver¬
3363 549 5795 816 wie enen - in Garthof - T. am 8. d. M.
3472 731 5871 1086 - in the Louis Hies - acht von Budeperter
3415 970 3885 1198 !-
3590 1034 5680 1310 He schickt was ich schlafe – auch, um
4634 1231 5025 1377 hath
3457 1262 5537 1565 Meisendlauf zum - die letzt lasschaft
3512 1513 5286 1713 noch wenige – an der aufge¬
3597 1783 5428 2001 So ist wird auf ein u Verlegen¬
3590 1974 4003 2196 bef.
3681 2126 5492 2377 Jn Herrn Tall Sflicht, - der Ha
3500 2299 5358 2581 nachauf - (Mittl Schreiben) -
3615 2514 4700 2675 Mulles et de âlterée.
3648 2614 5204 2866 Ort v. Weg. Sie wäre es sagen. -
3581 2738 5462 3042 for him is great, Iverstehenert, &
3597 2984 4779 3214 auf die Ruck assort¬
3727 3120 5613 3345 See in John Hotel. - met at V.M.
3715 3302 5016 3524 Neusmaßen — Insentibt.
3775 3451 5155 3742 Heule Tes. Toll -T.-
3651 3660 5252 3894 d'Kll. Sept. pb.
