3352 4104
2478 677 2827 878 der ich
528 612 2277 933 Du was das bedeutete? Nach einer Nacht
512 874 2905 1043 drei solche Träume gehabt, nach einem Vormittag. an
508 1004 3006 1215 dem ich bei zwei Gesangsprofessoren gewesen, nach ei
2863 1075 3015 1341 be
502 1156 2837 1334 nem Nachmittag, an dem mich zwei Aerzte behandelt
1636 1273 1752 1360 G.F.P.
531 1321 2870 1519 gab ich mich — es war fünf Uhr Abend — zum dritten
2300 1399 2471 1509 G.H.F.P.
518 1467 2772 1668 das heisst zum vierundzwanzigsten. Sein Name war
2180 1558 2287 1674 G.F.P.
499 1632 3054 1788 mir schon oft genannt worden. Durch einen Zufall hatte
531 1775 3019 1950 ich bisher versdumt ihn zu Rate zu ziehen. Ich
2261 1859 2536 1969 sland
1742 1869 1992 1985 Sem
534 1882 3006 2095 sagte schon, es war fünf. Der Wagen wartote schon vor
534 2070 2993 2306 dem Haustør und wie ich hinaufkam, stand er, der Pro
544 2254 2970 2423 fessor selbst, mit Hut und Rock bereits im Vorzimmer
521 2423 2944 2610 zum Weggehen bereit. Er schrie mich beinahe an: Was
2157 2484 2244 2581 G.S.
531 2542 3080 2730 wollen Sie? Und noch bevor ich antworten konnte,.ich
528 2717 2873 2853 habe keine Zeit, ich muss fort, kommen Sie morgen.
531 2831 3038 3028 Er war noch nicht alt, vielleicht xxxundvierzig. Und
538 2967 3015 3161 seine Grobheit machte mir gar nicht bange. Bitte, un
551 3125 2704 3313 tersuchen Sie mich doch noch, bat ich einfach.
541 3252 2967 3488 Er war bei nahe starr, umsomehr, als ich, ohne seine
544 3456 3142 3644 Antwort abzuwarten voran ins Zimmer ging. Er folgte mir
