3352 4088
558 620 3090 859 hübsche Männer begegnet und mancher hat mich angesehen
571 784 2972 964 und mancher angeldchelt. Du warst der erste, dessen
584 915 682 1014 G.F.P.
551 909 3096 1105 Lächeln ich erwiderte, nicht wahr, sonst wärst Du auch
505 1056 669 1187 G.C.F.P.
567 1040 3018 1263 nicht so keck gewesen und mir nachgegangen. I Und Du
567 1210 3201 1430 bist auch nicht böse, dass ich Dir nicht gleich
551 1361 827 1466 G.C.F.P.
581 1368 3041 1588 alles gestanden. Ich war ja in den ersten Tagen nahe
587 1538 2929 1745 daran. Da überlegte ich aber, dass es Dich zusehr
567 1660 3077 1866 verstimmen könnte — und das hätte Deiner Zürtlichkeit
581 1850 3027 2030 und natürlich auch mir geschadet..Und dann, dass ich
2578 1932 2755 2043 de
564 2007 3123 2175 Dirs nur gestehe, es gab wirklich Momente, xxx ich fast
590 2135 2991 2378 vergass, was Du mir ursprünglich bedeuten solltest,
590 2322 2991 2526 und mich begann mich in Dich zu verlieben, wie in
581 2506 3070 2706 einen Geliebten, den man nur zu seinen Vergnügen hat.
584 2611 3096 2867 Schau Fritz. ich muss aufrichtig sein, ich bin Dir zu
597 2778 3064 3011 viel Dank schuldig. Du weisst, dass meine Stimme nun
594 2962 3054 3162 derschön geworden ist. Von Tag zu Tag konnte ich den
587 3086 3064 3260 Fortschritt merken. Mein Gesangslehrer war frappiert
581 3221 3191 3411 Den Agenten, denen ich vorgesungen habe, waren entzückt
587 3372 3146 3660 Und der Direktor,.... vom... Theater, (ähode verschwieg
