3368 4120
604 522 3009 805 und andre waren wieder frech und sagten: Wissen Sie
610 704 3015 934 was Sie brauchten.. und machten sehr glühende Augen
604 852 2965 1119 und flüsterten: Liebe. Und man merkte gleich, dass
619 1009 3137 1248 sie selber sie eigentlich brauchten) und das war mir so
622 1188 3125 1383 zuvider. Freilich gings mir selbst zuweilen durch den
619 1339 3115 1578 Kopf, aber doch nur so, als wenn es gar nie ernst wer
648 1474 2996 1713 den könnte, und wenn ich daran denken wollte, dass
651 1650 3100 1858 Ich dadurch, dadurch meine schöne, wunderschöne Stim
648 1779 2955 2025 me wiederbekommen sollte - ich hab einfach lachen
644 1927 3109 2179 müssen. Aber ich fing an zu verzufeln. Meine Stimme
666 2087 3112 2330 blieb wie sie war. Ich ermattete nach xxxet Tönen und
679 2260 3147 2480 die Kolleginnen, mit denen ich zu studieren begonnen,
682 2446 3207 2641 wurden alle fertig, gingen in Engagement und feierten
544 2421 635 2584 P.S.
679 2550 3090 2795 Triumphe. Ich führte ein unheimliches Leben. Es gab
688 2741 3065 2943 Zeiten, in denen ich von drei oder vier Aerzten zu
707 2873 3031 3112 gleich behandelt wurde, von einen zum andern lief
710 2990 3156 3254 wie im Traume, drei Kuren zugleich über mich ergehen
714 3166 2886 3411 liess. Ich verbrachte schauerliche Nächte. Ich
720 3266 3112 3571 träumte von den Erfolgen meiner Kolleginnen. Weisst
