3368 4168
1010 680 1786 931 Der Empfindsame.
1198 875 1849 1070 Eine Burleske
1921 1000 2073 1258 von
2136 1205 3044 1367 Arthur Schnitzler.
2661 1307 2889 1509 1895
512 1532 670 1849 D.
1070 1773 3067 1987 Die jungen Leute waren heute sehr traurig.
432 1951 2895 2169 Sie dachten an den armen Fritz Platen, der so oft da
439 2136 2945 2327 neben ihnen gesessen war, plaudernd, lächelnd, Kaffee
456 2271 2892 2476 trinkend, Zigaretten rauchend. Eines Abends vor acht
442 2476 2918 2611 Tagen var er nicht gekommen, sondern war zu Hause ge
456 2611 3034 2776 blieben, hatte sich vor seinen Schreibtisch gesetzt und
558 2733 2922 2941 sich eine Kugel durch den Kopf geschossen. Niemand
456 2875 3110 3090 wusste warum. Fritz Platen war ein lieber, junger Mensch
456 3027 3007 3262 gewesen, bildhülsch, ziemlich wohlhabend und ein biss -
475 3212 2879 3387 chen empfindsam. Und sie sprachen darüber, wie dumm
475 3361 2895 3549 oder wenigstens wie unbegreiflich das von so, einem
