3400 4152
500 710 3096 917 Zimmer, hab mirs bequem gemacht. Eine Reisetasche steht
507 872 2870 1072 neben dem Bett und im Vorzimmer rumort Mama, packt
507 1033 2912 1220 noch, denn morgen früh, Fritz, langen bevor der Brief
517 1182 3009 1379 da in Deinen Händen sein darf, morgen früh reisen wir
533 1343 3029 1524 ab, Mama und ich und in acht Tagen steh ich das erste
510 1488 2938 1708 mal auf der Bühne. Ja Fritz, ich hab ein Engagement
530 1634 2980 1879 und Dir dank ich es, Dir gerade, der mich vielleicht
523 1798 3071 2057 niemals von seiner Seite geltassen hätte. Deine Liebe,
539 1979 3032 2183 die mir mehr gewesen ist, als Du ahntest und weniger,
542 2163 1317 2328 als Du wolltest.
536 2260 2906 2515 Es ist meine Pflicht Dir diese dunkeln Wortenau er
555 2425 3041 2625 klären, ich fühle es wohl. Ich glaube, dass ich sogar
562 2589 3029 2790 ein bisschen Verzethung brauche, denn es ist möglich
571 2777 1899 2977 dass Du mir böse sein wirst.
559 2793 3122 3064 Erinnerst Du Dich des Abends, an dem wtr uns das erste
575 3083 3074 3284 mal begegnet sind? Aber was frage ich Dich... wie oft
575 3255 2990 3442 haben wir von diesem Abend mit einander gesprochen!
578 3384 3009 3619 Erst heute hast Du mir ja wieder gesagt, dass Du es
