3416 4136
540 649 3042 938 "Ich kann den Namen der Schreiberin nicht nennen, denn
500 852 2979 1084 aller Wahrscheinlichkeit nach wird sie bald eine sehr
517 1034 1786 1263 berühmte Person sein."
527 1170 2479 1362 „Woher ist der Brief?" fragten die andern,
547 1316 3065 1581 "Auch das muss ich verschweigen, denn das würde leicht
530 1508 1511 1707 auf dte Spur führen."
543 1644 1902 1872 "So lies," riefen die andern.
520 1753 3002 1982 Albert Rhode zog seine Brieftasche hervor und xxxahm
537 1925 2923 2157 ihr einen mehrfach zusammengelegten Brief. Während
560 2031 3016 2283 er ihn entfaltete, versuchten die andern, jedoch ver
567 2240 2972 2469 gedlich die Unterschrift zu entziffern. Albert Rhode
570 2363 3175 2605 schüttelte den Kopf und reichte ihnen den Brief hin.
560 2542 3035 2750 Er wies auf die letzte Seite. Statt der Unterschrift
577 2687 3241 2936 eine Stelle, wo das Papier abgeschabt und grau aussah.
2071 2873 2190 3032 G.H.F.P
560 2876 1985 3078 Er hatte den Namen ausradiert.
580 3022 2956 3287 Uebrigens ist das nebensächlich,“ sagte der kleine
2064 3185 2171 3373 P.
580 3204 1992 3420 Willner, der sehr diskret war.
603 3327 3241 3595 „Geiss," erwiderte Albert Rhode. "Nun hört.“ Und er nahm
600 3506 2959 3748 den Brief in die Hand und begann langsam zu lesen:
