3416 4168
643 562 2981 798 nicht fassen könntest wie Du Dioh kaun eine Stunde
643 720 3175 950 nach dem ersten Lächeln, mit dem Du die Unbekannte auf
652 904 3065 1114 der Strasse begrüsstest,in thren Armen — und in den
627 1053 2910 1253 Armen eines unschuldigen Mädchen fandest. Dieses
627 1195 3104 1428 Staunen, in dem wohl auch ein bisschen Stolz gewesen
652 1405 3023 1589 ist, nicht wahr, Du lieber Fritz, wird nun bald ein
643 1499 3062 1764 Ende haben. Denn was Dir damals geglückt ist, hätte
659 1651 3230 1873 vielleicht auch anderen an diesem Abend glücken können.
649 1806 3165 2058 Dein Stolz darf nur sein, dass ich Dir treu geblieben
2671 1957 3136 2093 prheyesetu
665 1980 3068 2206 bin, denn das hab ich an jenem Abend nicht gemüssi.
2545 2122 2794 2222 am
1305 2135 3127 2355 Weisst Du noch, wie ich ### Kaffee
604 2219 895 2355 G.C.H.F.P.
3014 2264 3127 2358 G.H.F.P
685 2319 3278 2526 Imperthe vorüberging vor dem Tisch, wo Du so ganz allein
685 2468 3182 2655 dasassest, mit den vielen Zeitungen auf dem Sessel ne
678 2607 3046 2817 ben Dir, die Du gar nicht anschautest? Du hast in
688 2758 3146 3014 die Luft gestarrt, und anfangs sahst Du mich auch so
2762 2894 3085 3004 konnte
685 2968 3014 3133 an, als wenn ich Luft wäre, bis Du merktest, dass
698 3088 3185 3324 auch ich Dich ansah und da hast Du gelächelt und bist
698 3259 3159 3482 aufgestanden und bist eine Weile hinter mir gegangen
704 3382 3117 3634 in respektvoller Entfernung, bis die Entfemung und
759 3598 866 3750 G.F.P.
