3432 4168
488 697 2410 937 netten, hübschen, wohlhabenden und empfin-
494 861 2694 1061 gen Menschen sei, eines Tages plötzlich nicht
478 1013 2815 1273 Kaffeehaus zu kommen, sondern zu Hause zu bleiben
497 1197 1637 1415 und sich totzuschiessen.
526 1289 3071 1526 "Zu empfindsam." sagte plötzlich einer von den jungen
491 1472 3008 1694 Leuten und das uar Albert Rhode, der beste Freund des
497 1627 2859 1868 Toten. Der einzige, der sogar Frauer für ihn trug.
1168 1795 2964 1982 "Wieso!" fragten die xxxet andern Hugo
513 1947 1988 2188 Friedel und der kleine Willner.
551 2083 2945 2305 "An seiner Empfindsamkeit ist er gestorben, und ich
541 2261 2941 2501 will Euch zum Bewetse dafür einen xxxx merkwürdigen
538 2463 1292 2653 Brief verlesen.“
564 2577 2083 2821 “Ist also doch einer da gewesen?"
526 2707 3052 2960 Rhode schüttelte den Kopf. "Keiner von ihm, Ihr wisst
557 2862 3021 3109 es ja. Aberich habe halte seine Papiere geordnet und
554 2998 3090 3261 da habe ich einen gefunden, der am Tage seines Selbst
551 3163 2941 3394 mordes an ihn gelangt ist und der löst das Rätsel.
564 3318 2916 3572 Die beiden andern waren höchst erstaunt. “Von mein
586 3499 2083 3752 ist dieser Brief?“ fragten sie.
