3336 4040
478 658 2934 881 die Namen), vor den ich vor acht Tagen Probe sang, ha
468 810 2989 1033 mich sofort auf drei Jahre mit steigender Gage für ers
491 930 2927 1143 te Partien engagiert. Fritz, Fritz... ich kann meine
468 1139 2795 1330 Kunst leben, wie es der Traum meiner Kinder und
474 1297 2882 1469 Mädchenjahre war. Ich werde eine gefeierte Sängerin
487 1436 2934 1627 sein und Du wirst das Bewusstsein haben, dass ich es
500 1591 2898 1807 in Deinen Armen geworden bin. Wenn Du mich wirklich
2898 1665 2982 1769 G.F.P.
2217 1685 2395 1772 G.H.F.P.
494 1762 3073 1933 so lieb gehabt hist, wie Du mirs so oft gesagt, so muss
491 1914 3027 2156 Dir das ein Trost dafür sein, dass Du die Geliebte ver¬
494 2104 794 2275 loren.
491 2091 3089 2411 Und wer weiss, wie gern ich Dich gehabt hätte, wenn ich
500 2363 3008 2582 nicht immer daran hätte denken müssen, dass Du mir ei
513 2543 2120 2727 gentlich verschrieben worden bist!
503 2676 2872 2853 Leb wohl, mein lieber Fritz, glaube, dass, während
510 2805 2950 3031 ich diesen Lebenslauf niederschreibe eine Trüne über
516 2976 3089 3173 meine Wange Fliesst und denke in Güte dnes Wesens, das
513 3076 3076 3360 Dir so lange dankbar sein wird, als es atmet und singt
1217 3308 2921 3489 Hier folgt die Unterschrift, schloss
739 3328 836 3505 P.
510 3463 3014 3718 Albert Rhode und liess den Brief auf die Marmorplatte
