3384 4088
619 508 3064 787 vierundzwanzigster Arzt - ich übertreibe vielleicht
609 703 2970 981 einwenig, aber ich bleibe der Kürze halber bei der
619 842 3106 1101 Zahl vierund xxxanzig — hat mich gerettet, oder hat mir
622 1023 3070 1263 das Mittel zu meiner Rettung gegeben. Allerdings ist
628 1153 3171 1406 es mir seither schon manchmal so vorgekommen, als täte
632 1344 3103 1551 ich den dreiundewanzig andern auch Unrecht, denn sie
638 1500 3151 1717 haben es an Andeutungen nicht fehlen lassen. Aber die
648 1642 3252 1875 ser vierundzwanzigste war so deutlich, so göttlich grob
657 1778 3015 2011 er hat es so einfach, so kurz ausgedrückt, dass es
651 1959 3142 2157 mir gleich das erstemal nicht wie ein Scherz, wie et
664 2083 3048 2335 ne Galanterie, wie eine Dummheit, oder ###e eine Im
667 2267 3167 2491 per tinez vorkam, sondern wie das einzige, schwere, aber
683 2406 2474 2630 auch sichere Mittel zu meiner Heilung.
670 2526 3048 2789 Mancher hatte schon gesagt: Ach mein Fräulein, Sie
700 2740 3080 2954 sind eben nervös, es wäre gut, wenn Sie heirateten
696 2866 3161 3099 und andre drückten sich ungeheuer vorsichtig aus und
703 3035 3142 3304 sprachen von einer durchgreifenden Aenderung der Le
700 3216 3074 3423 bensweise; und einige waren riesig verschmitzt und
716 3355 3148 3679 sagten: Fräulein waren Sie denn noch nie verliebt..
