3320 4104
530 633 2896 807 Er, indem er den Hut in die Hand nimmt: Sagen, aja
533 803 2976 980 Ich in meiner Erregung, statt ihn zu bitten, schreie
543 922 3069 1118 ihn an, wütend, fast weinend: also was soll ich nehmen!
537 1099 2908 1266 Darauf er, wütend, als wenn er mir was antun wollt.
553 1250 2465 1478 auf mich zu und schreit: einen Liebhaber.
540 1372 2998 1626 Fritz, so wie dieser Mann musste man mirs sagen, das
556 1572 3037 1726 war deutlich. Ich spürte ja wieder in dem Augenblick,
553 1694 2973 1922 da ich es hörte, dass mir dasselbe schon viele, mög
550 1864 3043 2028 licherweise alle gesagt hatten. Aber so beiläuftg, so
559 1999 3056 2243 ohne wissenschaftlichen Ernst. Und die meisten mit so
569 2163 3037 2388 schlecht verhehltem Egoismus. Der aber sagte jene Wor
572 2333 2998 2539 te in einem Ton, mit dem er auch hätte sagen können:
559 2487 2931 2651 Chinin oder Cyankalt... Das erstemal hatte ich et
559 2638 3018 2822 nen ärztlichen Rat bekommen und noch während ich die
566 2786 2966 2963 Treppe hinunterstieg, war ich fest entschlossen ihn
569 2986 1167 3153 zu befolgen.
575 3098 3040 3262 Und da ging ich zufällig vor dem Kaffee Imperial vor
578 3256 3169 3413 bet. Sei aber nicht gar zu böse. Ich war schon eine xxx
575 3349 2899 3609 Stunde spazteren gegangen, hatte viele Junge### und
