3400 4152
525 506 2943 809 ach Gott, auch der Respekt immer gertnger wurden und
529 718 2923 956 dann kamst Du näher zu mir und nä her. Am Gitter des
522 861 3054 1073 Stadtparkes hörte ich schon, wie Du leise vor Dich hin
519 985 2940 1285 Pflffst, um Dir Mut zu machen. Und dann sprachst Du
532 1171 2900 1396 mich an: Erlauben Sie mein Fräulein, dass ich mich
545 1331 2809 1546 Ihrem einsamen Spaziergangek... und so wetter...
542 1514 3145 1723 Es war nicht sehr klug, aber es hätte noch dümmer sein.
568 1631 2943 1918 dürfen. Denn ich hatte Dich mit Sehnsucht erwartet.
561 1794 3116 2016 Dich, gerade Dicht Ja Dich, denn Du bist Ja der Rich -
568 2033 1201 2173 tige gewesen.
564 2111 3047 2336 An diesem Abend, mein lieber Fritz, bin ich von mei -
571 2232 3132 2489 nem Arzt gekommen, von metnem vierundzwanzigsten, glaub
591 2418 3047 2607 ich. Von dem einen zum andern war ich gelaufen, ruhe
591 2568 3041 2796 los, mit der Zeit fast hoffnungslos, denn ich wollte
587 2731 3083 2926 meine schöne, meine wunderschöne Stimme wieder haben,
607 2858 3233 3103 die ich mit sechzehn gehabt hatte, und keiner konnte sie
597 2988 3028 3269 mir geben. Ja mein Fräuleln, Ihnen fehlt & gentlich
763 3047 1083 3204 riever
613 3168 2969 3435 gar nichts.. sagten sie alle. Aber behandelt haben
620 3315 3031 3559 sie mich alle. Du ahnst nicht, was ich ausgestanden
623 3468 3217 3736 habe. Ich bin gepinselt, elektrisiert, gedtzt, massiert
