3400 4152
520 530 1903 788 Mein lieber, lieber Fritz....
536 713 2979 942 Albert Rhode unterbrach sich. Seine Stimme hatte ge
543 883 3090 1128 zittert. Er biss sich auf die Lippen. Die andern sahen
553 1014 2963 1269 vor sich hin und waren etwas verlegen. Albert Rhode
546 1180 3110 1422 fasste sich, schüttelte den Kopf und fuhr stoh mit den
546 1344 3025 1592 Fingern der linken Hand zwischen Kragen und Hals et
562 1514 2900 1733 nigemale hin und her. Dann las er wetter: Wenn Du
559 1648 3025 1880 diesen Brief erhältst, bin ich fort, weit fort, viel
566 1785 2930 2011 leicht für immer. Ich hab Dirs nicht sagen wollen.
569 1929 3169 2207 Es hätte Dir weh getan und mir auch. Lieber sag ich Dir
585 2106 3087 2328 so adieu und habe als letzte Erinnerung von Dir Dein
579 2266 3038 2459 liebes, lächelndes Gesicht und Deine Worte: Also mor
602 2417 3149 2659 gen Abend mein Schatz...Du hättest ja geweint und ich
592 2587 3221 2812 hätte mit Dir weinen müssen und das wäre nicht schön ge
615 2678 3064 2950 wesen. Drum ist es besser so. Ich hab Dich auch sehr
608 2855 3169 3100 lieb so wie ich Dich jetzt vor mir sehe, wenn ich die
605 3041 3084 3299 Augen schliesse. Es ist gerade eine Stunde, dass ich
1249 3175 1455 3286 habe
615 3192 3142 3437 Dich verlassen. Nicht wahr, Du liegst noch auf Deinem
618 3342 3035 3623 Divan und träumst davon wie glücklich wir vor einer
628 3496 3195 3741 Stunde gewesen sind. Und auch ich bin allein in meinem
