3336 4024
1149 647 1271 854 on the
753 684 851 832 it's
521 778 1544 989 Die Freunde waren stil
1384 851 2850 1111 fragte endlich Hugo Russ
530 954 1259 1168 Und Du glaubst?
502 1108 1447 1312 aus diesem Grunde...
493 1252 2988 1510 Albert Rhode nichte. "Gewiss. Ich stelle mir das auch
512 1431 2998 1607 sehr entsetzlich vor. Denk Dir nur, glauben, dass man
502 1557 3019 1820 von einen jungen Müdchen angebetet wurde und erfahren
515 1686 2875 1918 dass sie einen - eingenommen hat.Er musste sich ja
515 1915 3007 2059 selber nach Empfang dieses Briefes widerwärtig und un¬
515 2075 2853 2219 heimlich vorkommen. Die ganze Zeit, die er mit ihr
521 2222 2903 2398 verbracht hatte, musste ihm ja als vergifteter -
530 2376 1067 2564 scheinen. „
527 2508 3054 2718 "Dass er sich erschossen hatte, wegen dieser herzlosen
518 2655 2960 2869 Person, das ist doch übertrieben und kaum zu begret
527 2819 1711 3048 fen," fanden dte Freunde.
537 2966 2520 3136 „Wenn man zu empfindsam ist,“ sagte Rhode.
549 3117 2906 3346 "Es ist sehr traurig. "Und Du willst uns den Namen
540 3280 1742 3468 dieser Dame nicht sagen?"
565 3390 3004 3644 "Nein ste wird berühmt werden, dank unserm armen Fri
