3336 4088
2240 729 2505 913 der Tr
439 733 2191 994 Ich durchschritt das Wartezimmer, vor
452 913 2576 1097 Ordinationsannmer blieb ich stehen. Er öffnet
442 1062 2737 1239 mir voraus und jetzt erst nahm er den Hut ab, was
462 1214 2985 1417 ihn auf einen Sessel, setzte sich selbst von den Stuhl
465 1365 2982 1591 vor dem Schreibtisch und begann mich auszufragen, fast
481 1504 3056 1714 ohne mich anzuschauen. Dann untersuchte er mich, spie -
478 1688 2947 1859 gelte mir in den Hals, stellte einige Fragen an mich,
484 1801 3076 2004 und schaute mich, nachdem ich ihm alles sehr ehrlich be
500 1966 2947 2162 antwortete, eine Weile mit einem ernsten, beinahe bö
497 2101 2950 2327 sen Blick an. Dann stand er auf. Ihnen fehlt nichts.
513 2298 2995 2488 sagte er, adieu. Ich erwiderte heftig: Das haben alle
516 2424 2956 2647 gesagt, das ist nichts neues. Er noch heftiger: Ich
503 2592 2837 2837 bin ja nicht dazu da, um Ihnen was neues zu sagen
500 2750 2963 2979 Ich mit zusammengepressten Zähnen: Neine Stimme will
516 2956 1523 3153 ich wieder haben....
526 3021 2979 3311 Ihre Stimme, ja dafür gibts kein Rezept, das man auf
542 3282 1255 3476 schretben kann.
545 3382 2831 3560 Ich mit einem Hoffnungsstrahl durchleuchtet: aber
552 3618 1439 3766 vielleicht sagen...
