3400 4136
556 469 3023 749 worden, — massiert am ganzen Körper wegen zu###er klet
565 646 3090 903 nen Stimmbänder, die nicht ordentlich schliessen woll
578 877 2901 1099 ten. Man hat mich höflich, man hat mioh groh, man
578 980 3052 1205 hat mich- beinahe särtlich behandelt. Dass ich wieder
578 1118 3081 1388 meine Stimme bekommen würde hat mich jeder versichert
598 1317 2959 1503 aber — und das sagten sie alle, nachdem sie mich wo
614 1465 3049 1696 chenlang behandelt hatten — Sie sind ja ganz gesund.
614 1638 3052 1847 Gesund, ich! die sich gar kein Leben ohne ihre Kunst
620 1793 3206 1995 vorstellen könnte, ich, die von ihrem vierzehnten Jahre
623 1966 3148 2191 an nur von Erfolgen auf des Bühne, von einem Triumph -
630 2120 3180 2316 zug durch die ganze Welt, von einer Zukunft als grosse
646 2220 2326 2451 und berühmte Sängerin geträumt hatte.
614 2425 3049 2621 Aber das ging so durch drei Jahre, durchdrei volle
630 2580 3004 2772 Jahre. Auch von einem Gesangslehrer zum andern bin
652 2663 2962 2933 ich in dieser Zett gewandert. Ich dachte, es läge
652 2801 3119 3087 vielleicht an der Stimbildung. Und da mir jeder sag
659 3013 3123 3225 te, der vorige habe mir die Stimme verdorben, so be
662 3132 2859 3367 deutete jeder neue für mich eine neue Hoffnung
662 3319 3004 3543 Aber vergebl ich, alles war vergeblich. Erst mein
