3672 4184
1244 298 2348 571 4. Freiherr. Leonilda
1728 481 3201 738 Weisst du,warum er alles das
1175 504 1656 671 Freiherr:
1188 640 1707 833 verbrennt?
1196 787 3052 1064 Leonilda: Er will ’s verbrennen? Was
1188 951 1779 1131 ist’s denn?
1188 1106 3139 1314 Freiherr: Seine Tagebücher. Seine Brie
1178 1309 3183 1432 fe. Seine Vergangenheit. Weil er nun ein
1185 1417 2844 1622 Ehemann wird oder gar schon ist,
1196 1571 3116 1782 Leonilda: Wahrhaftig? Wo fand er sich
1188 1733 3258 1926 die Frau? Warum brachte er sie nicht mit?
1183 1859 3214 2096 Freiherr: Sie ist daheim geblieben, weil
1183 2031 2332 2193 sie ein Kind erwartet.
1190 2152 3114 2342 Leonilda: Hat er dich erzählt,wer sie
1183 2358 1414 2502 ist?
1188 2435 3219 2710 Freiherr: Ahnst du es nicht? Die damals
1183 2669 2085 2844 mit ihm hier war.
1193 2780 3157 3032 Leonilda: Die? Ist die denn heute jung
1208 2988 1944 3160 genug für ihn?
1196 3086 3163 3299 Freiherr: Gerade wie sie's damals war.
1193 3268 3019 3463 Leonilda: Doch böse Menschen werden
1196 3399 3152 3582 schneller alt.Nein, glaub mir, Vater, die
