3320 4104
2000 440 2443 646 Menschen
914 474 1309 640 ich. Denn
1808 626 2124 790 umd es
1289 623 1571 793 Kaiser.
691 635 1261 821 Doch da er
1354 767 2646 976 sie zu lieben, so ringt er
889 753 1233 954 cht hält.
708 832 860 959 Pfl
697 923 2838 1148 sich's mühselig ab. Man merkt seiner Liebe
705 1058 2768 1275 die Plage an. Er möchte gerecht sein, aber
691 1239 2833 1405 der Platz, auf dem er steht, ist nicht dazu
688 1363 2920 1583 gemacht von dort aus Gerechtigkeit zu üben.
680 1543 2841 1732 So hört er da und dort und um Jedem Recht
688 1721 2835 1885 zu tun, tut er überall Unrecht. Und im Han-
694 1842 2717 2048 deln,da er abwägt, sorgsam was dem Lande
688 1989 2821 2215 frommt, versäumt er stets den guten Augen
691 2139 2892 2322 blick. Wenn er dem eigenen Gefühl vertraute
702 2313 2875 2483 dann wär er besser dran und auch das Land.
700 2438 2590 2649 Auch wenn ihn dieses Gefühl zuweilen
708 2576 2838 2790 täuschte. Und soll ich hier sagen, warum er
694 2759 2959 2931 mich verstiess? Ja,Sekretär, das ist das Wort
705 2903 2756 3154 weil ich ihn kannte. Dass ich  ihn liebte
702 3055 2700 3270 war ihm nicht genug. Ich hätt' ihn auch
702 3213 2864 3436 bewundern sollen. Er selbst ist seiner ni
705 3411 2880 3594 gewiss, so braucht er einen Freund, der sei-
745 3555 2748 3716 mer sicherer ist als er.Er ist sich sei
2342 3670 2770 3885 „s ihn, we
767 3693 1811 3905 Fehler wohl bewusst, d
