3384 4168
458 591 2091 889 Wir können uns ja scheiden lassen.
441 814 2868 1018 Der Vater empfindet einen Widerwillen. Dass dieser
451 964 3115 1208 Mensch, der der Gefährte seiner Jugend war, nun der Mann
445 1127 3112 1341 seiner Tochter wird. Ihm ist es wie eine Süde wider die
448 1320 1880 1473 Natur. Er sagt es dem Dichter.
448 1402 2980 1636 Dichter: Du hast auch Deine kleinen Abenteuer hier im
451 1615 2124 1785 Dorf, denkst Du man weiss es nicht.
451 1751 2830 1938 Vaer: das ist ganz etwas anderes, aber es wird mir
458 1897 3173 2080 nicht einfallen ein junges Wesen an mich binden zu wollen.
455 2033 2277 2230 Hier hast Du wohl Deine Stellducheins?
462 2175 1612 2382 Vater hört ein Geräsch.
462 2304 3194 2532 Dichter muss auf ein paar Tage in die Stadt kommt wieder,
557 2450 943 2610 Er geht.
502 2508 3170 2830 Der Vater sieht durch die Zweige. Als
2528 2623 3105 2776 Neir in interiurchs
468 2796 1948 2949 Verwandlung. Wieder im Schloss.
2769 2773 3180 2932 (H.lt) the
465 2851 3166 3098 Der Vater. Der Jugling kommt. (Ersuch aus Wien) erlebt.
502 3061 2980 3244 Vater: Hier gibt es reizende Abenteuer. Elfen, visst
468 3204 2942 3390 Ihr das nicht. Ich selber als Jnglings habe gesehen
472 3367 1388 3519 seither nicht mehr.
719 3380 2006 3696 I have feit denf Elber... nock.
