4065 5984
1443 1656 3432 1891 Konrad. Dominik. Benucin keine Einroß.
1359 1826 3319 2076 Konrad: Die Sonne noch kaum da. Es ist
1339 1994 2104 2193 Zeit zu gehen.
1342 2104 3367 2345 Dominik: Herr, das Pferd hinkt. Ihr wer-
1339 2275 3591 2527 det nicht reiten können.
1328 2462 3224 2678 Konrad: Verdammt.. Verhext. Ich muss
1350 2614 3224 2810 davon. (Noch eh sie wach wird). Mein
1350 2790 3364 2953 Vater wartet. Es geht nicht mit rechten
1345 2891 3350 3121 Dingen zu, dass der Freiherr noch nicht
1345 3081 2860 3289 zurück ist. xxx
1339 3224 3325 3446 Dominik: Aber es hiess doch, Ihr woll-
1359 3362 2888 3594 tet warten bis er zurück ist.
1339 3538 2622 3742 Hier kommt das Fräulein.
1406 3647 3328 3911 (4 nennt ist mit dem Tateur fortquitter)
