3716 4211
2644 76 2783 290 49
962 215 2995 432 Ihr so mich widerlegt? All dies ist viel
384 384 699 502 trukt the
960 422 2952 578 tiefer als Worte sind.Mit Worten werdet
404 475 639 581 Worten
399 540 912 679 venirung die
965 558 2937 760 Ihr mich nicht verwirren. Alles hab ich
396 636 889 768 ist tiefer ab
434 732 864 884 werte und
957 752 2717 896 gemacht.Die ganze Welt. Und mit mir
947 899 2954 1048 stirbt sie.Drum seid nicht gar zu stolz
942 1078 2836 1197 Sylvester Klang. Auch Eure Werke habe
952 1164 2949 1331 ich gemacht, wie Euch, und alles ringsum.
944 1371 2770 1487 Sylvester:Sehr wahr.Mit jedem sterb
947 1459 2656 1659 ich so. Wie oft in derben. Noten der Graici
957 1682 2687 1793 Hamilkar: Mit mir, denn ich allein
947 1821 1326 2020 bin da.
947 1879 2886 2192 Sylvester: Und sagt ich Euch, dass Ihr
965 2050 2937 2331 ein Narr seid,so sagt Ihr.’s selbst.Und
962 2283 2480 2419 wenn Ihr Recht habt, was dann?
949 2333 2838 2608 Hamilkar: Ich lass Euch nun. Wo seid
972 2578 2732 2719 Ihr? Nirgends.Ich wende mich. Ver-
962 2745 2474 2911 schwunden. (Armseliges Dasein.
970 2891 2904 3091 Sylvester: Doch hört Ihr mich. Ich ruf
970 3015 2783 3227 Euch, Sekretär. Wann usellt. ich in
962 3189 2853 3361 Hamilkar: Es ruft.Ich weiss,warum.Da
972 3351 2858 3530 ich mein Geheimnis doch einem lassen
965 3487 2136 3666 muss, Ihr mögt es sein.
