3656 4184
1230 344 1784 575 mich holen
1232 539 2329 724 Sylvester: Träum ich?
1232 632 2958 878 Leonilda: Nein, mein Geliebter, ich
1225 842 3009 1032 weiss mein Glück zu halten, wenn es
1230 932 3197 1186 kommt. Hier kommt mein Vater. Ich las¬
1227 1091 3289 1338 se dich mit ihm allein. Er ist klug. Glaub
1214 1235 3166 1487 mir, er sagt nicht nein. Und wenn auch
1217 1425 3014 1633 was tut es, ich bin dein. (sie geht
1384 1587 2986 1774 tahre glaub hier – Heich noch. – Il est
1402 1687 2953 1836 dich nicht nicht sehe – wie at einem
1448 1802 2922 1982 Branligam – Odergar wilt — Ode
1479 1941 1813 2082 mit i
