3640 4248
2823 402 3163 545 dahin
1490 374 2754 617 Glück ganz schattenlos b
1581 535 2407 791 ich verschwinden
1353 706 2719 920 reiherr: Wie meinst du das
1311 863 3133 1058 Sylvester: Nun, damit du ganz sicher
1316 1019 3297 1172 bist, ich will mich töten. Wie immer die
1376 1138 2962 1393 e drei Jahre vergehen. Mein Eid!
1309 1324 2935 1542 Freiherr: Du wirst ihn brechen.
1309 1490 3297 1686 Sylvester: Wenn ich das tue, so geb ich
1311 1638 2702 1854 dir das Recht mich selbst -
1400 1780 3103 1990 geiherr: Unsinn.Bis dahin bin ich
1358 1931 3307 2124 weiss Gott wie lange tot. Auch nehm ich
1336 2097 2414 2275 solche Eide nicht an.
1339 2261 3170 2444 Sylvester: Drei Jahre sagt ich? Ein
1321 2412 3252 2623 Jahr. Und mein Schwur besteht. In einem
1343 2533 3252 2774 Jahr verschwind ich aus der Welt.Dies
1453 2675 3170 2883 n Jahr ist mir genug. Es ist vom
1400 2823 3284 3086 lücke so erfüllt, dass ein Dutzend, an.
1408 3019 2526 3220 ere arm daneben wären.
1418 3136 3257 3349 reiherr: Du bist erregt. Lassen wir's
1532 3299 3324 3502 ung sein. Wir wollen später einmal da
1430 3453 3076 3644 über reden. Ich nehme deinen Eid
1497 3577 3336 3750 ght an und es bleibt bei dem, was ich
