3656 4184
1127 544 3064 715 einigen Jahren erlosch der Ruhm ihres
1122 667 3171 875 Gesangs) Als du mit ihr hier warst,dach-
1143 836 3124 1017 te ich, es sei zu Ende zwischen ihr und
1143 985 3169 1164 dir. Ihr spracht ziemlich unverhüllt vom
1351 1090 1834 1196 Oh said him
1135 1119 3150 1324 Abschiednehmen,wenn auch wie im Scherz.
1127 1245 3219 1464 Sylvester: Wir nahmen Abschied und haben
1138 1411 3221 1603 es noch oft getan.Monate.Jahre waren wir
1130 1561 3219 1766 getrennt voneinander,führten jeder unser
1135 1737 3213 1926 eigenes Leben. Aber immer fanden wir ein-
1114 1871 3129 2060 ander wieder auf Tage, auf Wochen.Gaben
1130 2042 3182 2262 uns frei und gaben uns gefangen, quälten
1146 2168 3077 2381 einander mit Eifersucht und Liebe. Nun
2078 2302 2249 2415 lind
1132 2357 3077 2546 aber, da die Jugend sich neigt, ist die
1130 2480 3227 2677 Ruhe da.Seit einem Jahre leben wir unge-
1130 2667 3221 2843 stört zusammen. Sie, obwohl sie noch könn-
1140 2801 3234 3016 te, ist das unruhvolle Leben satt. Und als
1138 2977 3082 3145 hätte Gott selber spät erst,doch umso
1143 3106 3232 3290 tiefer unsern Bund gesegnet,sie erwartet
1146 3276 1608 3468 ein Kind.
1135 3376 3227 3634 Freiherr: Wohl Euch Beiden, Nach so viel
1138 3592 3245 3802 Stürmen Ruh. Ob’s eben Gott war, der Euren
