3368 4120
892 497 1855 711 Anselma. Freiherr
852 687 2206 854 Freiherr: Also, was gibt’s?
854 817 2928 1006 Anselma: Ich wollte dir nur sagen, es ist
846 944 2785 1146 im vielleicht doch nicht klug, dass du
862 1098 3004 1292 Leonilda wieder in dein Haus zurücknahmst.
860 1252 2985 1471 Freiherr: Nicht klug, dass ich meine Toch-
854 1438 2885 1593 ter wieder ins Haus nahm? Sieben Jahre
852 1557 2993 1771 war sie fort.. in der Klosterschule. Jetzt
865 1709 2993 1906 ist sie achtzehn. Ich bin glücklich,dass
862 1844 2939 2085 sie da ist. Was fällt dir ein, Schwester?
860 2017 2847 2225 Anselma: Es wäre noch Zeit gewesen. Du
862 2209 1536 2398 bist zu jung.
860 2333 2985 2542 Freiherr: Zu jung? Nun höre,bald fünfzig.
852 2479 2244 2704 Zu jung, ein Vater zu sein!
1492 2606 1790 2709 Ein Ewang.
857 2647 2944 2828 Anselma: Du musst doch gewisse Rücksich-
871 2834 1441 3001 ten nehmen.
868 2955 2890 3139 Freiherr: Was tut's? Ich nehm sie gern.
860 3109 3028 3323 Es ist auch besser, Meine Freuden draussen
871 3253 2925 3472 zu suchen ausserhalb des eigenen Hauses
873 3412 1928 3604 wenn's Freuden sind.
876 3545 2907 3831 Anselma: Es ist mir nicht um dich. Aber
