3368 4072
766 338 2709 614 Leonilda selbst.Sie ist sonderbar. Mer
742 525 2811 756 du es nicht? Sie treibt sich viel herum.
737 699 1771 906 Und allzu unbesorgt.
748 847 2680 1043 Freiherr: Was für Bedenken. Die Leute
756 992 2629 1209 sind gutartig rings im Land. Sie ist
761 1045 2876 1402 überall so sicher,wie in unserem umfriede
775 1343 1343 1517 ten Garten.
761 1428 2795 1694 Anselma: Weisst du, dass sie heute Nacht
775 1640 1675 1806 ausser Hause war?
777 1651 2693 2013 Freiherr: Du bist wohl nicht bei dir,
777 1956 1300 2133 Schwester.
788 1948 2843 2267 Anselma: Sei trotzdemunbesorgt. Ich sah
791 2165 2951 2409 sie fortgehen und habe sie verfolgt. Denn
793 2291 2843 2594 es war nicht das erste Mal, dass sie ver
804 2565 1227 2763 schwand.
801 2592 2173 2892 Freiherr: Wo ging sie hin?
815 2742 2902 3026 Anselma: Nun, was denkst du. Sie verliess
817 2921 2924 3213 den Park und nahm den Weg zum Weiher, der
815 3160 2074 3363 hinter den Mauern liegt.
831 3296 1793 3513 Freiherr: Nun und?
850 3433 2814 3645 Anselma: Und in dem Weiher, ich sah es
836 3559 2969 3867 selbst, gleich einer Nixe blass und kühl,
