3592 4168
2983 343 3192 552 achh
1989 296 2310 557 hilft
1306 666 2406 870 Leonilda: Der Vater samt
1356 789 2923 1033 ylbester: So weisst du alles -
1319 993 2009 1171 Leonilda: Alle
1321 1087 3025 1316 Sylvester: Und weisst, es ist nicht
1302 1267 2709 1484 Klugheit nur, auch Pflicht.
1299 1437 2615 1590 Leonilda: Oh dummes Wort.
1306 1555 3113 1762 Sylvester: Doch fühlen wir,es gilt.
1311 1743 3131 1928 Leonilda: Mir gilt es nicht. Zieht's
1314 1841 3052 2029 dich nachhause? xxx
1309 2009 2879 2221 Sylvester: (schüttelt den Kopf
1309 2186 3214 2389 Leonilda: Glaubst du,dass sie, Tere-
1321 2334 3303 2556 sa mein ich, in Sehnsucht dich erwartet?
1336 2517 3256 2707 Sylvester: Sehnsucht? Vieldeutig Wort.
1314 2660 3278 2822 Auch wahr, was du wohl Sehnsucht nennen
1306 2805 2667 2993 magst, nicht eben ihre Art.
1324 2931 2623 3138 Leonilda: So kenn ich sie
1341 3084 3313 3298 Sylvester: Du kennst sie nicht. Du warst
1338 3288 1797 3434 ein Kind.
1343 3370 3200 3574 Leonilda: Ich sah sie doch. Und glaubt
1371 3535 3091 3789 du, sie wird eine gute Mutter sein?
