3640 4232
1334 324 3052 536 visst, keine Veran twortung. Nur eine
1299 491 3165 703 Gefahr, länger Zögern. Ihr fühlt es ja
1289 651 3182 855 wie ich. Sagt es ihm, es liegt an Euch.
1299 823 2277 1027 Er liebt Euch sehr.
1299 935 3110 1130 Freiherr: Das scheint ihm heut, weil
1312 1130 2421 1342 Ihr eben von mir kamt.
1299 1297 3292 1464 Konrad: Das ist gleichgültig.Nun hängt's
1307 1399 3209 1616 an einem Wort von Euch. Sagt das rech-
1299 1596 1469 1783 te.
1312 1698 3167 1930 Freiherr: Ueberlasst das mir. Ist der
2087 1860 2589 2015 de feuolut.
1302 1880 2307 2085 Gesandte noch dort:
1314 2037 3082 2257 Konrad: Was kann Euch das kümmern?
1312 2167 3180 2379 Freiherr: Ihr seht, dass es mich küm-
1304 2347 2252 2556 mert, da ich frage,
1322 2449 3090 2683 Konrad: Er ist noch dort.Wer weiss
1327 2621 3269 2818 wie lang,wie kurz.Es wäre möglich, dass
1332 2773 3342 2975 ihn sein Herr in wenigen Tagen abberuft,
1349 2943 2484 3145 vielleicht in Stunden.
1334 3122 3254 3309 Freiherr: Dann freilich heisst es ei-
1344 3317 1569 3461 len.
1352 3411 2888 3591 Konrad: Ihr wollt doch nicht -
1347 3524 3115 3783 Freiherr: Hab ich mit Euch mich zu
