3624 4392
2906 362 3038 614 61
1228 537 1603 739 gesagt.
1216 674 3150 879 Sylvester: Und so lässt du mich gehn?
1223 869 3095 1073 Freiherr: Es ist nicht meine Schuld,
1221 1028 2673 1171 dass wir so scheiden müssen.
1228 1133 3190 1345 Sylvester: Und wenn Leonilda mir frei-
1218 1355 2002 1520 willig folgt...
1231 1438 2728 1648 Freiherr: Das wird sie nicht.
1236 1620 3148 1797 Sylvester: Willst du sie einsperrn,in
1231 1780 3090 1932 ein Kloster stecken, ihr abreden, mich
1221 1925 2494 2094 schlecht machen vor ihr?
1223 2079 2431 2267 Freiherr: Was soll das?
1218 2224 3055 2436 Sylvester: Und ich sage dir,es wird
1228 2386 3128 2554 nichts nützen. Ich werde sie nicht ru-
1228 2519 3100 2728 fen, das schwör ich dir. Sie aber wird
1223 2683 3190 2866 mir nach. Und wenn aus Liebe nicht, aus
1213 2833 3018 3045 Trotz. penn dass du mich so fortge.
1231 2988 3235 3175 schickt, du kannst ihr's nicht vesschwei-
1223 3120 3108 3357 gen. Sie wird dir sagen und aus ihr=m
1228 3280 3013 3475 Mund wird's anders klingen, dass du
1233 3440 3155 3630 dein Recht missbrauchst. Ich glaube, du
1233 3615 2336 3812 tust nicht gut daran.
