3293 4114
2404 113 2530 270 48
650 328 1835 501 2. Sylvester - Hamilkar.
658 459 2538 680 Hamilkar: Guten Abend, Herr Sylvester
645 655 975 789 Klang.
655 753 2210 950 Sylvester: Ah, der Sekretarius.
648 912 2482 1061 Hamilkar: So nennt man mich.Und Ihr
645 1058 2588 1237 seid ein Dichter, sagt man. Da will ich
660 1212 2545 1409 Euch ein Geheimnis verraten. Euch als
653 1391 2492 1522 Ersten... für minist.. The Knutet & oustebo¬
864 1446 2061 1567 Ich hab einen gerichtet – de
655 1512 2477 1668 Sylvester: Ihr macht mich begierig.
653 1653 2583 1860 Hamilkar: Doch nehmt es ruhig auf. Ihr
658 1814 2591 1976 seid gar nicht vorhanden. Versteht Ihr
658 2008 948 2202 mich?
658 2134 2074 2331 Sylvester: Ich glaube wohl.
670 2276 2538 2424 Hamilkar: Seid nicht da. Nur ich bin.
849 2404 1656 2502 Ihr- und die schluss über die
665 2449 2495 2631 Alles andere ist in meinem Kopf. Was
663 2596 2404 2729 meint Ihr? Euch sag ich’s nur und
668 2722 2606 2913 hinem andern. Denn da Ihr ein Dichter
663 2875 2147 3095 seid,könntet Ihr's verstehn.
683 3016 2613 3271 Sylvester: Doch wenn nur Ihr seid und
673 3203 2528 3397 kein Anderer,so sprecht Ihr nur mit
675 3354 1880 3538 Euch und nicht mit mir.
670 3457 2694 3712 Hamilkar: (Sehr recht.Und meint Ihr, dass
