3512 4200
492 700 1046 895 Wo ist sie!
540 854 1062 1032 Spazieren.
505 997 1243 1181 Da kommen sie.
559 1122 1767 1338 Von dort, vom Weiher her.
522 1305 1600 1508 Es ist euch verziehen.
724 1505 2786 1794 Der Jungleich fort.. Holz. Eine, die so rasch sich
538 1492 1078 1632 Ihr Kinder.
838 1716 1870 1938 gab... Ich neben sie nicht.
1008 1865 2100 2032 The will not half the secret..
835 1878 984 2008 &c
870 1976 2254 2178 qui triste. Ce m̂er wiederkommen
689 2176 2608 2448 Besser n'est tout des ladite allem¬
705 2403 1813 2589 Sagt den Lichter: Neu:
716 2389 2894 2700 Vater... Schärif deri Genad.. Ich auf der dann.
722 2584 2584 2846 Vale ein Fichter. Sie liebt einer andern.
740 2770 2248 2967 Dear:- for Jungling kommt...
789 2921 1962 3102 Ich nehmenichtied zu leich.
795 3048 1651 3251 Heil nacht noch:
797 3138 1894 3319 De. - Ist soll in den Krieg.
827 3178 2743 3427 Wei the wiederkomt - reid The m Chhuren! -
868 3384 1721 3548 Ich kan will wiede.
903 3427 2381 3654 ah! - The reidein is her jesell! -
884 3532 2667 3770 am Ihr:... Habt mit clarcée herzlich: et -:-
1270 3656 2530 3843 Ripplerischer Tates... Sie fechte!
1035 3729 2873 3946 tochle dazu. "Oh no it is nicht. I do that if
1419 3827 2846 4013 sen.. Auf des Junglungs Vater!
