4065 5984
1269 1637 3204 1864 3. Dominik hat das Kommen des Frei-
1358 1903 2174 2014 herrn gemeldet.
1353 1965 2672 2164 Konrad. Leonilda. Freiherr.
1353 2177 3320 2320 Freiherr: Guten Morgen, Leonilda. Wie,
1368 2290 3071 2556 Konrad, schon gerüstet? Ihr müsst
1366 2445 3054 2633 nicht eilen, es kommt kein Krieg.
1366 2672 2490 2820 Leonilda: Ist's wahr?
1378 2825 2376 2951 Konrad: Kein Krieg?
1375 2891 3185 3091 Freiherr: Ja,es gelang. Ich sprach
1356 3057 3343 3254 mit dem Gesandten und morgen reis ich
1605 3224 2973 3338 si dever - diedi Feinde niedertest
1378 3251 3172 3402 selbst ins fremde Land,um dort mit
1403 3434 2487 3550 dem Fürsten zu reden.
1375 3530 3303 3789 Konrad: So ist doch noch nicht alles
1378 3757 1937 3912 so sicher.
1395 3813 3251 4025 Freiherr: Aug guten Willen kommt es
1378 3991 3293 4237 an. Keiner will den Krieg. Abenteuer
1390 4183 3155 4358 will mancher.. und Ruhm! Das läst
1393 4311 3357 4508 sich wohl auf andre Weise finden. Aber
1390 4476 2778 4664 Krieg sejbst will niemand.
1395 4597 3315 4836 Konrad: Ihr glaubt? Wärt Ihr dort,wo
1408 4760 3101 5011 ich gewesen bin. Sie alle wollen.
