3480 4216
2275 247 3068 502 Welsters - traldbrine
2631 400 3020 570 10.2.56
498 658 1064 888 Krater Akt.
2156 746 3051 963 tume bered drt ober
559 824 1936 1037 1. Der Vater und die Tochter,
2265 881 2963 1027 re: ch - ce licht das
498 966 1871 1193 Kostüm des 18. Jahrhunderts.
573 1088 2515 1325 Sie kommt von dem geheimnisvollen Weiher.
529 1159 3170 1454 Erwartet wird der Dichter, für den das Mädchen schwärmt,
542 1397 3204 1634 ohne ihn zu kennen. Er war ein Jugendfreund des Vaters.
536 1529 3237 1790 Der Vater herkt, dass es ernster ist, als er gedacht hat.
593 1756 1149 1946 Er scherzt.
593 1848 2831 2088 Die Tochter rezitiert aus des Dichters Werken.
576 2058 1142 2251 Die Mutter?
586 2210 1881 2393 Gemeldet wird der Jüngling.
542 2254 3010 2502 Vom Vater hergeschickt, vielleicht gleicher Name wie
553 2478 1715 2692 der Dichter. Sein Neffe?
556 2559 3176 2804 Die Tochter will ihn gar nicht sehen. Nein, heut kein
576 2688 3122 2956 anderer. Nur für ihn ist meine Seele bereit. Sie geht.
620 2929 1498 3129 2. Vater Jüngling.
590 2990 3319 3261 Jüngling bringt einen Brief seines Vaters.
634 3176 3071 3387 Ih er hier bleiben kann, hat er noch in der Nähe in
614 3288 3258 3556 einer Stadt ein paar Tage zu tun. Irgendetwas was keinen
607 3434 3305 3726 Verzug erlaubt. Frau, Duell, Züchtigung, Rettung eines
1163 3658 2207 3902 be lebt in Wien, Comp-
