3640 4184
1947 395 3080 620 man ich mit Euch sterbe
1282 370 1745 647 Sylvester
1267 559 3030 781 Hamilkar: Tod ist vielerlei so wie
1262 758 1768 907 das Leben.
1262 824 3028 1076 Sylvester: Ehrlich,Freund,habt Ihr
1269 1013 3028 1204 schon Einem vertraut, was Ihr heute
1254 1184 1939 1365 mir vertraut?
1274 1355 3252 1529 Hamilkar: Versucht,Einmal versucht.Dem
1269 1471 3249 1660 Freiherrn segt ich’s. Er gab mir einen
1264 1622 3138 1829 Tritt. Er war lustig.Glaubst du nun,
1267 1786 3289 1982 sagte er, dass ich existiere? Ich schrie,
1262 1919 3141 2118 ich klatschte in die Hände,ich musst
1259 2091 3274 2264 ihm seinen Willen tun. Er kann es nicht
1274 2237 3085 2443 verstehn. Ihr seid aus andrem Stoff
1287 2413 3171 2657 gemacht. Nun lass ich Euch. (er geht),
