3608 4184
1371 455 1816 649 Freiherr
1881 445 2336 659 Sylvester
1162 599 1606 806 Freiherr
1876 631 2425 785 kommt's, da:
2580 615 3155 814 ich so lange
1237 761 2268 955 ichts von dir gehört
1258 905 3145 1091 1 bester: (Mein Leben war ruhelos, aber)
1154 1062 2998 1298 dass ich auch für tot gehalten wurde.
1164 1222 1960 1415 wusst ich nicht.
1143 1392 3168 1565 Ereiherr: Solch ein Mensch wie der küm-
1122 1523 3126 1703 mert sich nicht um dich und deinesglei
1902 1646 2920 1873 Tus lade... Gans récht
1125 1711 1434 1858 chen.
1761 1732 2697 1892 su der ce meuil - du ist.
1172 1865 3119 2041 Sylvest er: Mög er doch Recht haben. Nun
1128 1986 3234 2169 soll ein neuer Sylvester der Welt erstehn
1115 2166 3105 2336 Alles, was bis jetzt von mir geschaffen
1122 2331 3111 2470 ward,soll untergehen.Meine Leiden,mein
1122 2457 3142 2611 Leben sang ich. Nun soll meine Seele die
1117 2601 3051 2802 Welt wiederspiegeln. Ich hatte mich an
1120 2758 3100 2959 die Gegenwart verloren, nun will ich zu
1115 2899 2836 3077 denen sprechen, die kommen werden.
1115 3045 2996 3244 Freiherr: Du bist so sicher, dass sie
1104 3221 1965 3391 lauschen werden?
1099 3380 3085 3563 Sylvester: Als ich jetzt durch die ge-
604 3443 1026 3616 in der Zeigen
1115 3516 2988 3746 liebten Wälder zu dir hergewandert, da
704 3579 942 3710 angl
