3384 4216
2233 543 2840 791 O Tas ouzerpaer
2293 711 2648 855 geider...
530 654 2035 898 Freundes. Ir muss géeieh fort.
530 852 3044 1046 3. Indessen kommt der Diehter. Ungemeldet. Er hat den
546 962 3071 1183 Weg, wie in jungen Jahren durch den Wald genommen, ist
2038 1083 3037 1264 ihn sei vor nach. dem Twint¬
536 1140 1921 1341 recht melancholisehmgeworden.
2317 1177 2726 1301 flicheur -
543 1311 2648 1468 Durchaus unlächerliche, liebenswürdige Figur,
543 1435 1841 1656 Beziehung Jüngling Dichter?
1311 1522 2528 1760 - die haben sich unendro gesehen -
536 1609 1344 1820 Kennen sie sich.
607 1743 1931 1955 Alte Antipathie, Sympathie.
573 1814 3007 2099 D er Jungleng muss fort, kommt in drei Tagen wieder.
2897 1988 3004 2146 P.S
2508 1981 2742 2176 Monsieur
607 2048 1981 2246 4 Vater Bichtehr Aussprache.
2092 2048 2273 2179 a:t:
553 2172 3255 2397 Ueber die alte Geliebte des Dichters. Vielleicht lebt si
580 2290 2591 2538 jetzt bei ihm wieder nach langer Irrfahrt.
550 2471 3158 2692 Vielleicht vermählt man sich auch.
573 2635 1227 2826 sie ein Kind.
1341 2628 1559 2813 G.H.F.P
573 2779 2692 2954 Und Deine Tochter? Bald auch zur Heirat reif.
557 2893 3202 3114 Ob es nicht zur Wiener Kongresszeit in der Nähe von Wien
580 3071 1301 3272 spielen könnte.
520 3168 3138 3409 5. Die Tochter erscheint, begrüsst den Diehter mit einem
580 3319 3155 3534 Wort aus seinen Werken. Kann kaum reden vor Erregung.
573 3500 1482 3731 Ihr kleiner Bruder!
