3640 4168
1274 304 2614 571 Sylvester: Ihrem Kind gewinn
1254 528 3084 711 Leonilda: Auch diesem Kinde, glaub er
1244 696 3127 852 mir,Sylvester,gäb's eine bessere Mut.
1252 822 2587 963 ter als sie sein wird. Ich.
1249 963 2295 1166 Sylvester: Leonilda!
1254 1099 3160 1302 Leonilda: Dein Unheil wär es, kehrtest
1249 1292 3238 1468 du ihr wieder.Ein Zwang, dem du dich un-
1244 1425 3205 1584 terwirfst, nichts weiter. Ich kenne sie.
1242 1576 3215 1765 Nie kann ich ihre Augen vergessen. Sie
1242 1737 3205 1971 kettet sich an dich, weil sie alt ward.
1242 1900 2441 2064 Du weisst es ja selbst.
1282 2019 3016 2293 Sylvester: Auch ich bin nicht mehr
1262 2232 1521 2345 jung.
1239 2318 3263 2509 Leonilda: Jung genug (für mich) und wirst
1267 2514 3240 2627 es bleiben. Wirst Wundersames schaffen
1305 2604 3205 2702 wirklichte bleichs. Einander wie — Ich wenste
1244 2675 3140 2810 als mein Geliebter.Wer denkt an Ewig,
1747 2763 1946 2863 Salle.
1249 2758 3089 3014 keit Ich glaube fast,ich liebe dich
1252 2954 3250 3117 so sehr, dass ich dich auch einer strei-
1252 3112 3233 3308 tig machte, die um dich litte. Aber sie?
1239 3270 2549 3469 Sie leidet nicht um dich.
1242 3439 2715 3612 Sylvester: Was soll ich tun?
1254 3575 3180 3791 Leonilda: Heimfahren,wiederkommen und
