3624 4200
1078 359 3246 581 13. Leonilda, Sylvester, Freiherr.
1076 543 2997 778 Freiherr:So, hier bring ich dir, was du
1084 700 1549 889 verlangt.
1084 843 2303 1100 Leonilda: was ist dies?
1084 997 3189 1189 Sylvester: Heut feier ich ein sonderbares
1081 1162 3016 1343 Fest. Ich setze mich mit meiner Jugend
1078 1313 2389 1484 zu Tisch,zum letzten Mal.
1081 1467 3108 1622 Leonilda: Warum zum letzten Mal? Du bist
1086 1608 1935 1803 noch heute jung,
1089 1762 3113 1930 Sylvester: Nein.Doch vielleicht alters-
1103 1908 2924 2119 los.Ahnt Ihr,was jetzt kommen wird?
1086 2057 3024 2251 Ruhe und Heimat. Oh Wunder. Und nun bin
1081 2216 3070 2440 ich hier. Auf Wiedersehn Ihr Lieben. (Er
1097 2389 3105 2570 wird auf sein Zimmer geführtdurch Domi-
1089 2532 1373 2794 nik).
1562 2657 2332 2840 Es wil den trunn¬
1424 2789 3346 3038 Anseln heute die Tageb näher auf ein F.M. gelegt
