4123 5768
1239 1465 3163 1647 Freiherr: Das war nicht nötig. Und so
1255 1626 3241 1771 lange bleib ich nicht. Vielleicht bin
1250 1744 2784 1986 ich schon morgen wieder hier.
1234 1927 1946 2118 Dominik: (ab).
1244 2021 3273 2220 Konrad: Ihr wart sehr sicher, dass die¬
1244 2209 3236 2438 ser Ruf des Kaisers Euch ertönen wird.
1244 2381 3002 2577 Freiherr: Dies ist eine Nacht des
1250 2540 3335 2717 Schicksals. Ueberall,Sohn meines Freun¬
1239 2653 3303 2827 des,sind Zeichen.Sie richtig deuten ist
1226 2854 3260 3037 nicht jedermanns Sache. Nicht nur Klug¬
1226 2962 3249 3152 heit, auch Verwegenheit gehört manchmal
1226 3150 2102 3341 dazu. Lebt wohl.
1244 3292 2212 3507 Konrad: Lebt wohl.
1234 3470 3260 3652 Freiherr: Und Euer Wort - Eugen xd.Eid,
1234 3631 3257 3792 Konrad,dass Ihr nichts unternehmt, dass
1234 3749 3241 3967 Ihr Euch hier geduldet, bis ich zurück
1223 3902 2580 4125 bin, mit des Kaisers Wort.
1209 4064 3370 4276 Konrad: Und wenn mir die Geduld zerreisst-
1223 4254 1744 4391 was dann?
1209 4303 3287 4596 Freiherr: So seid Ihr ein Verräter. Und
1239 4528 3308 4690 Ihr werdet darnach behandelt werden. Da¬
1226 4657 3225 4889 rauf verlasst Euch. Dies war im Ernst
