4168 5720
1933 1274 2448 1469 Min dies?
1449 1411 3417 1618 gesprochen, so wie alles, was ich heute
1471 1562 3389 1802 sprach. Auf Wiedersehen! (leicht ein
1459 1736 3293 2006 ganz kurzes Zögern, dann rasch ab).
1466 2006 2216 2221 Konrad allein.
1476 2196 3258 2395 Konrad: Wie Greisenatem diese Welt
1454 2367 3319 2549 vergiftet. Man müsste sie erschlagen
1461 2481 3329 2690 allesammt. Wir wollen eine Welt der
1464 2655 3205 2852 Jugend gründen.Könnt Ihr zur Zeit
1471 2811 3218 3018 nicht gehen was hält Euch auf der
1466 2970 3344 3145 Erde? Wenn ich so bedenke - ein Tag
1471 3102 3288 3326 und noch ein Tag, ein Jahr und noch
1471 3271 3402 3463 eins und grau das Haar und Kalten in
1471 3480 3463 3632 der Stirn, dass sie nicht jede Gelegen-
1461 3599 3488 3753 heit suchen nach einem edlen Ende. Heut
1484 3733 3377 3967 will die Luft nicht kühlen. Wahrlich,
1489 3884 3513 4071 's ist schade, dass die Märchenzeit vor¬
1459 4041 3124 4313 bei. (ab durch die Gartentüre).
