4120 5704
1365 1360 3161 1604 4. Freiherr.Sekretär, Später Anselm
1337 1519 3239 1730 Freiherr: Mach dich bereit.Suche die
1350 1675 3332 1887 Papiere zusammen, von denen ich neulich
1357 1821 3307 2063 sprach. Wir reisen in wenigen Stunden
1347 2043 1526 2222 ab.
1352 2159 3254 2361 Anselma: Wieder da und gleich wieder
1347 2311 3373 2560 fort? So in Bewegung? Wie lange bleibt
1352 2482 1544 2661 du?
1355 2631 3153 2792 Freiherr: Viel Zeit hab ich nicht.
1350 2744 3287 2966 Anselma: Ich hab ein Wort mit dir al-
1367 2931 2275 3178 lein zu sprechen.
