3368 4120
858 474 2881 736 1. Hamilkar Zimmerl, der Sekretär mit Pa
866 720 2905 872 pieren.Briefschaften und dergleichm. von
866 853 3041 1023 links, in den Erker, ordnet und bereitet zun
850 1015 2258 1183 Arbeiten vor, blickt hinaus.
853 1159 2169 1346 Der Diener Dominik kommt.
866 1291 2962 1481 Hamilkar: Der Freiherr nach nicht aufge-
856 1503 1302 1657 standen?
869 1584 3008 1803 Dominik: Was denkt Ihr. Schon in der Frühe
866 1773 2385 1941 fortgeritten. Im Morgengrauen.
858 1890 2594 2115 Hamilkar: Kommt wohl bald zurück?
872 2058 3027 2247 Dominik: Vielleicht. Vielleicht auch nicht.
866 2190 3011 2456 Man weiss ja jetzt nie. Früher war es an-
869 2399 1202 2588 ders.
866 2529 1779 2724 Hamilkar: Früher?
869 2664 2948 2867 Dominik: Als wir noch bei Hofe waren. Ja
875 2840 2905 2994 das waren andere Zeiten,bessere Zeiten.
872 3019 2320 3189 Hamilkar: Bessere. Wer weiss.
866 3133 2981 3290 Dominik: Ich weiss. Denn ich war doßt. Und
872 3268 2908 3517 dort gehört er hin.Dort war sein Platz.
877 3482 1570 3625 Für uns alle.
877 3544 2921 3774 Hamilkar: Ich höre das Zimmer oben wird
512 3636 690 3864 verh.
682 3758 1687 3912 (was was due for him)
