3608 4184
2922 242 3016 395 40
1101 335 2218 597 12. Leonilda.Sylvester.
1086 556 3057 701 Sylvester: Wie bist du schön geworden,
1086 696 1574 888 Leonilda.
1621 701 3125 899 So sprach einer die in h. Ses von 2: ou der
2177 826 2979 901 me toit si étage gebliebe.
1086 829 3174 1039 Leonilda: Du bist geblieben,wie du warst.
1094 1021 3016 1174 Grau hier an den Schläfen. Wie bin sich
1397 1107 2953 1216 wie ich gleichstet, dass die niederkommt -!
1088 1184 2803 1338 froh,dass du wiedergekommen bist.
1083 1283 3060 1494 Sylvester: Auch ich bin froh und trau-
1070 1457 2629 1616 rig, dass ich wieder fortwjuss.
1078 1618 3031 1784 Leonilda: Das ist nicht so schlimm. In.
1073 1784 3070 1909 zehn Jahren wirst du eben wiederkommen
1530 1865 2455 1956 Ein bleibt durch in die nur
1073 1907 3044 2078 Sylvester: Zehn Jahre...So lang ist es
1065 2068 3075 2255 her. Aber du warst doch damals ein Kind,
1062 2234 3112 2403 Wie kommt’s, dass ich wie zu einer alten
1062 2366 2169 2559 Freundin zu dir rede?
1062 2535 2946 2712 Leonilda: War ich ein Kind? Nicht so
1055 2673 3005 2852 sehr wie du glaubst.Habe auch viel an
1047 2816 3044 3003 dich gedacht. Nicht in sehnsucht.Und du
1042 2972 3088 3159 hast wohl vergessen in dieser Zeit, dass
1057 3130 2660 3335 eine Leonilda auf der Welt ist.
1047 3244 2927 3491 Sylvester: Es ist wohl wahr, dass ich
1049 3424 2348 3626 nicht immer daran dachte.
