3496 4216
502 697 2313 929 Noch schöner als sie ihn sich gedacht.
505 852 3169 1071 Vielleicht sinkt sie dem Vater um den Hals, nachdem der
2401 1051 2788 1206 par une
505 997 2330 1239 Dichter auf sein Zimmer geführt wurde.
2526 1142 3202 1384 Ende wider die
2165 1202 2260 1320 P:S:
515 1162 1923 1401 Ich bin glücklich, Vater.
1408 1334 1913 1488 dem Dichter
869 1350 1118 1488 B:r a:s
1155 1377 1246 1515 be
529 1377 832 1505 Matur
559 1499 3071 1680 Zweiter Akt.
532 1593 2856 1802 1. Im Garten, Dichter und Mädchen herumspaziered.
535 1805 1401 2027 Ir soll bald fort.
559 1940 1788 2118 Sie bittet ihn zu bleiben.
542 2027 3155 2276 Er kann sich nicht helfen, muss ihr alles gestehen. Die
562 2246 1010 2428 Geliebte.
596 2347 3216 2559 Das Mädchen weiss es. Wir werden das Kind adoptieren.
559 2512 1886 2728 Dichter. Bedenk es ein Jahr.
572 2542 3149 2835 Nein, das nicht. Vielleicht sterben wir in diesem Jahr
596 2808 2202 3004 Dichter: Ich bin zu alt für Dich.
586 2970 1573 3159 Alterslose Künstler.
583 3051 3287 3273 Der Vater dazu, merkt dass die Sache nicht in Ordnung ist
583 3229 2495 3448 Verwandlung. Am Weiher nahe dem Schloss.
593 3398 1455 3596 Dichter und Vater.
599 3502 1849 3745 Ich rede als Mann zu Mann.
