3608 4184
1221 398 3171 582 Leonilda: pu hast in diesen Jahren vie
1200 548 3254 722 erlebt draussen in der Fremde? Nun wirst
2527 662 2866 760 me suite.
1205 688 3228 895 du mir erzählen. Wie früher Damals waren
1203 877 3026 1022 es Märchen, wunderbare Märchen. Jetzt
1197 1019 3220 1218 wird es Wahrheit sein. Das ist der ganze
1182 1130 1898 1340 Unterschied.
1190 1329 3116 1497 Sylvester: Aber die ganzen zehn Jahre
1179 1487 3222 1671 sind verschwunden. War ich nicht gestern
1185 1601 2765 1810 hier? (Doch deine Mutter starb,
1187 1785 3111 1940 Leonilda: Es starb wohl manche, xxx in
1179 1906 1826 2103 dieser Zeit.
1182 2097 2281 2278 Sylvester: Manche, ja.
1172 2247 3202 2441 Leonilda: Und wirst du mir alles erzäh-
1179 2405 3158 2535 len von deinen Fahrten durch die Welt?
1169 2542 3109 2685 Haben sie dich überall, wo du hinkamst
1177 2700 3052 2878 dich laut gepriesen? Standen überall
1166 2876 3052 3026 Mädchen mit Blumen,neigten Jünglinge
1179 2966 3109 3202 das Haupt? Streute man dir Blumen auf
1159 3137 2915 3318 den Weg? Glänzten ihre Augen auf?
1164 3277 3096 3468 Sylvester: Mir ist, als wär alles dies
1177 3445 3251 3652 einstmals so gewesen. Aber das ist vorbei
