3384 4184
2462 338 2566 509 7
590 466 1999 688 Zur Kongresszeit oder früher?
602 732 1148 928 Erster Akt.
610 856 1484 1096 Zimmer im Schloss.
607 992 2754 1226 Freiherr von Rodaun (über 50) und der Diener.
616 1197 1067 1380 Haushalt.
622 1270 2950 1556 Ueber die Herrichtung des Zimmers, das für den er¬
645 1481 2071 1678 warteten Dichter bestimt ist.
639 1626 2456 1819 Er hätte schon gestern kommen sollen?
639 1724 2962 1981 Schöner Blick auf Felder und Wiesen wie der Dich¬
665 1964 1284 2120 ter es liebt.
671 2068 2890 2265 Vielleicht ein alter Diener, der den Dichter aus
683 2224 2369 2453 früherer Zeit kennt. der weiß noch..
740 2389 2751 2603 Das nichter u aa damal mit der Sangerin hiei.
732 2571 1897 2765 tue liever en terretaire.
743 2661 2398 2852 Has ti wene oben slaas cuse leer.
743 2777 2560 2971 Tricheri in eenen Morgenritt rauch.
740 2829 2924 3095 sionder hicure (her cta is) ersotet in tydia – die
761 3046 1935 3225 oben das Einwe besichliche.
865 3167 2198 3390 Les Secrecois - Komteur Eimmel. -
674 3373 2129 3569 (Begin: Her Secretär richtet alles her.
862 3436 2693 3650 in des kommt der Lieue mit Beimen. (an der
790 3619 1368 3786 zimmer oben.
859 3668 2603 3902 Demnient - Schnägerin. – Wo ist dem Trailler!
