<?xml version="1.0" encoding="UTF-8" standalone="yes"?>
<PcGts xmlns="http://schema.primaresearch.org/PAGE/gts/pagecontent/2013-07-15" xmlns:xsi="http://www.w3.org/2001/XMLSchema-instance" xsi:schemaLocation="http://schema.primaresearch.org/PAGE/gts/pagecontent/2013-07-15 http://schema.primaresearch.org/PAGE/gts/pagecontent/2013-07-15/pagecontent.xsd">
    <Metadata>
        <Creator>prov=READ-COOP:name=TrHtr:version=2.1.0:model_id=51170:date=15_08_2023_05:14</Creator>
        <Created>2023-05-10T13:17:31.151+02:00</Created>
        <LastChange>2023-08-15T05:14:55.640+02:00</LastChange>
        <TranskribusMetadata docId="1428826" pageId="55432447" pageNr="11" tsid="132839170" status="IN_PROGRESS" userId="64420" imgUrl="https://files.transkribus.eu/Get?id=HHHIMMJZFMMXTYZRUSXQNIWZ&amp;fileType=view" xmlUrl="https://files.transkribus.eu/Get?id=ZDMQTKTHLQSBGAXNVOXWNFUL" imageId="44706484"/>
    </Metadata>
    <Page imageFilename="1428826_0011.jpg" imageWidth="3400" imageHeight="4200">
        <ReadingOrder>
            <OrderedGroup id="ro_1711802435647" caption="Regions reading order">
                <RegionRefIndexed index="0" regionRef="tr_1"/>
            </OrderedGroup>
        </ReadingOrder>
        <TextRegion id="tr_1" custom="readingOrder {index:0;}">
            <Coords points="226,352 3116,352 3116,3723 226,3723"/>
            <TextLine id="tr_1_tl_1" custom="readingOrder {index:0;}">
                <Coords points="2708,459 2758,465 2773,459 2785,471 2800,471 2794,307 2779,307 2752,328 2734,316 2702,313"/>
                <Baseline points="2722,402 2767,408 2805,405"/>
                <TextEquiv>
                    <Unicode>8</Unicode>
                </TextEquiv>
            </TextLine>
            <TextLine id="tr_1_tl_2" custom="readingOrder {index:1;}">
                <Coords points="637,667 1451,623 2034,664 2121,626 2124,494 1835,456 1573,527 1418,468 849,477 640,527"/>
                <Baseline points="656,602 695,600 740,600 785,600 829,600 874,600 919,600 964,594 1008,594 1053,594 1098,591 1143,591 1188,588 1232,588 1277,588 1322,585 1367,585 1411,582 1456,582 1501,582 1546,582 1591,579 1635,576 1680,576 1725,576 1770,573 1814,570 1859,570 1904,570 1949,567 1994,567 2038,567 2083,567 2128,567"/>
                <TextEquiv>
                    <Unicode>Der Freiherr, die Haushälterin</Unicode>
                </TextEquiv>
            </TextLine>
            <TextLine id="tr_1_tl_3" custom="readingOrder {index:2;}">
                <Coords points="649,816 1588,831 2258,742 2690,801 2824,766 2830,581 655,688"/>
                <Baseline points="668,761 686,758 731,758 776,761 820,758 865,758 910,758 955,758 1000,755 1044,752 1089,752 1134,752 1179,752 1223,752 1268,749 1313,749 1358,749 1402,746 1447,746 1492,743 1537,740 1582,740 1626,737 1671,737 1716,734 1761,737 1805,734 1850,734 1895,734 1940,731 1985,731 2029,728 2074,725 2119,725 2164,725 2208,722 2253,722 2298,719 2343,719 2388,716 2432,716 2477,713 2522,710 2567,710 2611,707 2656,704 2701,704 2746,704 2791,704 2835,698"/>
                <TextEquiv>
                    <Unicode>Diese ist vielleicht eine frühere Geliebte des</Unicode>
                </TextEquiv>
            </TextLine>
            <TextLine id="tr_1_tl_4" custom="readingOrder {index:3;}">
                <Coords points="655,891 721,897 837,977 891,965 914,986 959,950 1162,959 1159,813 1087,825 1049,801 1013,813 959,795 783,852 727,816 652,825"/>
                <Baseline points="671,886 716,889 761,898 805,901 850,904 895,904 940,904 985,901 1029,901 1074,901 1119,901 1164,904 1170,904"/>
                <TextEquiv>
                    <Unicode>Freiherrn.</Unicode>
                </TextEquiv>
            </TextLine>
            <TextLine id="tr_1_tl_5" custom="readingOrder {index:4;}">
                <Coords points="664,1078 1284,1150 2246,1025 2746,1099 2767,944 667,980"/>
                <Baseline points="680,1053 716,1056 761,1056 805,1059 850,1059 895,1059 940,1059 985,1056 1029,1056 1074,1056 1119,1056 1164,1053 1208,1050 1253,1053 1298,1050 1343,1047 1388,1047 1432,1047 1477,1047 1522,1044 1567,1044 1611,1041 1656,1041 1701,1038 1746,1035 1791,1035 1835,1035 1880,1035 1925,1032 1970,1032 2014,1032 2059,1029 2104,1026 2149,1026 2194,1023 2238,1020 2283,1020 2328,1020 2373,1020 2417,1020 2462,1017 2507,1017 2552,1014 2597,1011 2641,1011 2686,1014 2731,1011 2776,1014"/>
                <TextEquiv>
                    <Unicode>Er verbietet sich jedenfalls jede Anspielung,</Unicode>
                </TextEquiv>
            </TextLine>
            <TextLine id="tr_1_tl_6" custom="readingOrder {index:5;}">
                <Coords points="670,1257 1037,1290 1466,1189 2297,1206 2416,1180 2419,1090 1859,1051 1290,1153 676,1105"/>
                <Baseline points="689,1208 719,1208 764,1205 808,1208 853,1208 898,1208 943,1208 988,1205 1032,1202 1077,1200 1122,1200 1167,1197 1211,1194 1256,1191 1301,1191 1346,1191 1391,1191 1435,1188 1480,1185 1525,1185 1570,1182 1614,1182 1659,1179 1704,1179 1749,1176 1794,1176 1838,1173 1883,1173 1928,1170 1973,1170 2017,1170 2062,1167 2107,1167 2152,1164 2197,1164 2241,1161 2286,1161 2331,1158 2376,1158 2420,1158"/>
                <TextEquiv>
                    <Unicode>Freiherr: Wo ist meine Tochter Lydia?</Unicode>
                </TextEquiv>
            </TextLine>
            <TextLine id="tr_1_tl_7" custom="readingOrder {index:6;}">
                <Coords points="682,1430 1028,1358 2824,1329 2851,1200 2466,1257 2091,1171 1606,1275 1358,1197 920,1299 688,1245"/>
                <Baseline points="698,1370 707,1367 752,1370 797,1370 841,1367 886,1364 931,1364 976,1358 1020,1355 1065,1355 1110,1355 1155,1355 1200,1355 1244,1352 1289,1349 1334,1349 1379,1349 1423,1346 1468,1346 1513,1346 1558,1343 1602,1343 1647,1343 1692,1340 1737,1337 1782,1334 1826,1331 1871,1328 1916,1325 1961,1319 2005,1319 2050,1319 2095,1319 2140,1322 2185,1319 2229,1316 2274,1313 2319,1310 2364,1307 2408,1307 2453,1307 2498,1304 2543,1304 2588,1304 2632,1304 2677,1301 2722,1298 2767,1295 2811,1295 2856,1295"/>
                <TextEquiv>
                    <Unicode>(Lydia ist begeistert für den Dichter, den sie</Unicode>
                </TextEquiv>
            </TextLine>
            <TextLine id="tr_1_tl_8" custom="readingOrder {index:7;}">
                <Coords points="206,1454 271,1457 316,1427 346,1436 375,1424 417,1433 438,1421 536,1418 542,1317 491,1302 474,1281 453,1296 414,1296 325,1227 304,1236 280,1215 223,1221"/>
                <Baseline points="226,1417 229,1417 274,1414 319,1411 364,1405 408,1402 453,1400 498,1397 543,1394"/>
                <TextEquiv>
                    <Unicode>Lernilda</Unicode>
                </TextEquiv>
            </TextLine>
            <TextLine id="tr_1_tl_9" custom="readingOrder {index:8;}">
                <Coords points="673,1582 2603,1472 2895,1525 2985,1403 679,1427"/>
                <Baseline points="692,1525 704,1522 749,1522 794,1519 838,1519 883,1516 928,1516 973,1513 1017,1513 1062,1510 1107,1510 1152,1507 1197,1507 1241,1504 1286,1504 1331,1501 1376,1501 1420,1501 1465,1498 1510,1498 1555,1495 1600,1495 1644,1492 1689,1492 1734,1489 1779,1489 1823,1486 1868,1483 1913,1480 1958,1480 2002,1477 2047,1477 2092,1474 2137,1474 2182,1474 2226,1471 2271,1471 2316,1471 2361,1468 2405,1468 2450,1465 2495,1465 2540,1465 2585,1465 2629,1462 2674,1459 2719,1459 2764,1459 2808,1456 2853,1453 2898,1453 2943,1447 2988,1447"/>
                <TextEquiv>
                    <Unicode>nie gesehen hat.Sie ist im Kloster erzogen,da die</Unicode>
                </TextEquiv>
            </TextLine>
            <TextLine id="tr_1_tl_10" custom="readingOrder {index:9;}">
                <Coords points="673,1689 950,1680 1063,1728 1236,1665 1498,1695 1594,1668 1594,1594 1477,1564 810,1623 673,1597"/>
                <Baseline points="689,1659 701,1656 746,1659 791,1665 835,1668 880,1668 925,1668 970,1668 1014,1665 1059,1665 1104,1662 1149,1659 1194,1659 1238,1656 1283,1656 1328,1653 1373,1653 1417,1650 1462,1650 1507,1650 1552,1650 1597,1653"/>
                <TextEquiv>
                    <Unicode>Mutter früh starb).</Unicode>
                </TextEquiv>
            </TextLine>
            <TextLine id="tr_1_tl_11" custom="readingOrder {index:10;}">
                <Coords points="673,1835 2907,1823 2913,1659 676,1769"/>
                <Baseline points="689,1820 725,1823 770,1823 814,1823 859,1823 904,1820 949,1820 994,1820 1038,1820 1083,1817 1128,1814 1173,1814 1217,1811 1262,1808 1307,1805 1352,1805 1397,1805 1441,1802 1486,1802 1531,1802 1576,1802 1620,1800 1665,1800 1710,1797 1755,1794 1800,1794 1844,1791 1889,1788 1934,1785 1979,1785 2023,1785 2068,1782 2113,1782 2158,1782 2202,1779 2247,1779 2292,1776 2337,1776 2382,1776 2426,1773 2471,1770 2516,1767 2561,1764 2605,1764 2650,1761 2695,1761 2740,1758 2785,1758 2829,1755 2874,1755 2919,1761"/>
                <TextEquiv>
                    <Unicode>Die Haushälterin (nicht komtsche Alte) sich ein</Unicode>
                </TextEquiv>
            </TextLine>
            <TextLine id="tr_1_tl_12" custom="readingOrder {index:11;}">
                <Coords points="709,2005 2812,1951 2863,1820 712,1933"/>
                <Baseline points="725,1982 761,1982 805,1982 850,1979 895,1979 940,1979 985,1976 1029,1976 1074,1973 1119,1970 1164,1967 1208,1967 1253,1967 1298,1967 1343,1964 1388,1964 1432,1961 1477,1961 1522,1958 1567,1955 1611,1952 1656,1952 1701,1949 1746,1949 1791,1949 1835,1946 1880,1946 1925,1943 1970,1943 2014,1940 2059,1937 2104,1934 2149,1934 2194,1934 2238,1931 2283,1931 2328,1928 2373,1925 2417,1925 2462,1919 2507,1919 2552,1919 2597,1916 2641,1916 2686,1913 2731,1913 2776,1910 2820,1910 2865,1913"/>
                <TextEquiv>
                    <Unicode>wenig bekügend über Lydia, nicht gleich mit der</Unicode>
                </TextEquiv>
            </TextLine>
            <TextLine id="tr_1_tl_13" custom="readingOrder {index:12;}">
                <Coords points="277,1996 393,1996 417,1978 542,1996 599,1969 629,1975 640,1832 524,1853 486,1838 450,1859 295,1796"/>
                <Baseline points="295,1979 325,1976 370,1970 414,1967 459,1964 504,1961 549,1958 594,1952 638,1949"/>
                <TextEquiv>
                    <Unicode>Ich halle durch</Unicode>
                </TextEquiv>
            </TextLine>
            <TextLine id="tr_1_tl_14" custom="readingOrder {index:13;}">
                <Coords points="310,2049 372,2070 447,2049 489,2082 551,2058 634,2088 688,2085 694,1951 649,1948 617,1978 596,1969 551,1996 536,1984 483,1996 417,1975 372,2014 313,1999"/>
                <Baseline points="325,2041 340,2041 385,2041 429,2038 474,2035 519,2032 564,2032 608,2029 653,2026 698,2026"/>
                <TextEquiv>
                    <Unicode>nicht angesch</Unicode>
                </TextEquiv>
            </TextLine>
            <TextLine id="tr_1_tl_15" custom="readingOrder {index:14;}">
                <Coords points="733,2163 2755,2121 2907,2100 2913,1996 736,2061"/>
                <Baseline points="752,2143 767,2146 811,2134 856,2131 901,2131 946,2131 991,2128 1035,2128 1080,2125 1125,2125 1170,2122 1214,2122 1259,2119 1304,2119 1349,2116 1394,2116 1438,2116 1483,2113 1528,2110 1573,2110 1617,2110 1662,2107 1707,2110 1752,2107 1797,2107 1841,2104 1886,2101 1931,2098 1976,2095 2020,2095 2065,2092 2110,2092 2155,2089 2200,2089 2244,2089 2289,2086 2334,2083 2379,2083 2423,2080 2468,2080 2513,2077 2558,2074 2602,2074 2647,2074 2692,2074 2737,2074 2782,2074 2826,2071 2871,2068 2916,2071"/>
                <TextEquiv>
                    <Unicode>prache heraus wollend, endlich erzählt sie, dass</Unicode>
                </TextEquiv>
            </TextLine>
            <TextLine id="tr_1_tl_16" custom="readingOrder {index:15;}">
                <Coords points="211,2163 304,2177 384,2154 408,2166 494,2136 590,2136 596,2079 554,2079 536,2097 480,2082 447,2049 372,2073 357,2061 316,2085 298,2073 286,2085 274,2073 220,2073"/>
                <Baseline points="232,2155 238,2155 283,2152 328,2149 373,2143 417,2140 462,2134 507,2131 552,2128 597,2122"/>
                <TextEquiv>
                    <Unicode>née même</Unicode>
                </TextEquiv>
            </TextLine>
            <TextLine id="tr_1_tl_17" custom="readingOrder {index:16;}">
                <Coords points="220,2237 265,2258 301,2252 319,2273 337,2264 351,2282 444,2258 494,2297 599,2312 614,2151 491,2136 340,2189 226,2166"/>
                <Baseline points="238,2232 256,2229 301,2226 346,2223 391,2217 435,2211 480,2208 525,2205 570,2200 614,2194"/>
                <TextEquiv>
                    <Unicode>Tren gelebt hatt.</Unicode>
                </TextEquiv>
            </TextLine>
            <TextLine id="tr_1_tl_18" custom="readingOrder {index:17;}">
                <Coords points="706,2303 2690,2291 3089,2228 3092,2154 706,2252"/>
                <Baseline points="722,2301 764,2298 808,2295 853,2292 898,2289 943,2289 988,2286 1032,2286 1077,2286 1122,2283 1167,2283 1211,2280 1256,2277 1301,2277 1346,2274 1391,2271 1435,2271 1480,2271 1525,2268 1570,2265 1614,2265 1659,2265 1704,2265 1749,2262 1794,2259 1838,2259 1883,2256 1928,2253 1973,2253 2017,2250 2062,2250 2107,2247 2152,2247 2197,2244 2241,2244 2286,2241 2331,2241 2376,2238 2420,2235 2465,2235 2510,2235 2555,2232 2600,2232 2644,2232 2689,2229 2734,2226 2779,2223 2823,2223 2868,2220 2913,2217 2958,2214 3002,2214 3047,2214 3092,2214"/>
                <TextEquiv>
                    <Unicode>sie sich spät Abends manchmal aus dem Hause stiehl,</Unicode>
                </TextEquiv>
            </TextLine>
            <TextLine id="tr_1_tl_19" custom="readingOrder {index:18;}">
                <Coords points="703,2481 1868,2484 2174,2401 2529,2487 3026,2449 3068,2291 706,2401"/>
                <Baseline points="722,2450 746,2450 791,2447 835,2444 880,2444 925,2441 970,2438 1014,2435 1059,2435 1104,2432 1149,2429 1194,2429 1238,2429 1283,2426 1328,2423 1373,2423 1417,2423 1462,2420 1507,2420 1552,2420 1597,2417 1641,2417 1686,2417 1731,2414 1776,2414 1820,2411 1865,2408 1910,2405 1955,2405 2000,2405 2044,2402 2089,2402 2134,2400 2179,2397 2223,2394 2268,2394 2313,2394 2358,2394 2402,2394 2447,2394 2492,2391 2537,2388 2582,2388 2626,2388 2671,2385 2716,2385 2761,2382 2805,2379 2850,2376 2895,2376 2940,2373 2985,2373 3029,2370 3074,2370"/>
                <TextEquiv>
                    <Unicode>neulich hat die Haushälterin sie verfolgt und nach</Unicode>
                </TextEquiv>
            </TextLine>
            <TextLine id="tr_1_tl_20" custom="readingOrder {index:19;}">
                <Coords points="712,2600 2830,2594 2869,2481 2237,2434 2157,2493 715,2517"/>
                <Baseline points="728,2602 770,2600 814,2600 859,2600 904,2597 949,2597 994,2594 1038,2594 1083,2591 1128,2588 1173,2588 1217,2588 1262,2585 1307,2585 1352,2585 1397,2582 1441,2582 1486,2579 1531,2576 1576,2576 1620,2573 1665,2573 1710,2570 1755,2570 1800,2570 1844,2567 1889,2564 1934,2564 1979,2561 2023,2558 2068,2555 2113,2555 2158,2555 2202,2555 2247,2555 2292,2549 2337,2549 2382,2546 2426,2546 2471,2546 2516,2543 2561,2543 2605,2540 2650,2540 2695,2537 2740,2537 2785,2537 2829,2534 2874,2534"/>
                <TextEquiv>
                    <Unicode>längerem Zögern erzählt sie dem "reiherrn.dass</Unicode>
                </TextEquiv>
            </TextLine>
            <TextLine id="tr_1_tl_21" custom="readingOrder {index:20;}">
                <Coords points="712,2797 2854,2746 2961,2737 2964,2639 715,2666"/>
                <Baseline points="728,2752 773,2758 817,2755 862,2752 907,2749 952,2749 997,2746 1041,2743 1086,2743 1131,2740 1176,2740 1220,2740 1265,2737 1310,2734 1355,2734 1400,2731 1444,2731 1489,2728 1534,2725 1579,2725 1623,2722 1668,2722 1713,2719 1758,2719 1802,2719 1847,2719 1892,2716 1937,2713 1982,2710 2026,2710 2071,2707 2116,2704 2161,2704 2205,2704 2250,2701 2295,2701 2340,2698 2385,2695 2429,2695 2474,2692 2519,2692 2564,2692 2608,2692 2653,2692 2698,2689 2743,2686 2788,2686 2832,2689 2877,2683 2922,2680 2967,2674"/>
                <TextEquiv>
                    <Unicode>Lydia in jenem Wether hinter dem Schlosspark ge¬</Unicode>
                </TextEquiv>
            </TextLine>
            <TextLine id="tr_1_tl_22" custom="readingOrder {index:21;}">
                <Coords points="1218,2892 1308,2860 1394,2886 1609,2830 1853,2857 1903,2842 1906,2767 1754,2746 1689,2791 1513,2740 1394,2785 1224,2776"/>
                <Baseline points="1238,2847 1283,2844 1328,2844 1373,2841 1417,2841 1462,2838 1507,2838 1552,2835 1597,2832 1641,2829 1686,2826 1731,2826 1776,2823 1820,2820 1865,2820 1910,2820"/>
                <TextEquiv>
                    <Unicode>Dort wo mit... einnt.</Unicode>
                </TextEquiv>
            </TextLine>
            <TextLine id="tr_1_tl_23" custom="readingOrder {index:22;}">
                <Coords points="343,2907 381,2922 453,2916 500,2886 536,2913 557,2901 584,2910 602,2708 503,2714 462,2749 450,2737 420,2752 402,2734 360,2734"/>
                <Baseline points="361,2898 370,2898 414,2895 459,2889 504,2886 549,2880 594,2880"/>
                <TextEquiv>
                    <Unicode>I am</Unicode>
                </TextEquiv>
            </TextLine>
            <TextLine id="tr_1_tl_24" custom="readingOrder {index:23;}">
                <Coords points="724,2913 804,2943 825,2925 852,2928 894,2964 926,2940 977,2949 998,2931 1034,2925 1034,2848 986,2833 959,2833 944,2848 929,2833 900,2842 846,2824 834,2833 795,2824 748,2845 724,2839"/>
                <Baseline points="740,2904 770,2901 814,2901 859,2901 904,2901 949,2898 994,2898 1038,2895"/>
                <TextEquiv>
                    <Unicode>badet.</Unicode>
                </TextEquiv>
            </TextLine>
            <TextLine id="tr_1_tl_25" custom="readingOrder {index:24;}">
                <Coords points="322,3006 462,2997 515,3020 575,2985 640,2985 643,2877 572,2886 536,2913 518,2901 447,2904 423,2919 369,2922 354,2904 325,2904"/>
                <Baseline points="337,2955 379,2955 423,2958 468,2955 513,2955 558,2952 602,2952 647,2949"/>
                <TextEquiv>
                    <Unicode>vizoynen.</Unicode>
                </TextEquiv>
            </TextLine>
            <TextLine id="tr_1_tl_26" custom="readingOrder {index:25;}">
                <Coords points="715,3101 1257,3143 1552,3026 1746,3092 2866,2991 3107,3050 3110,2916 721,2949"/>
                <Baseline points="734,3038 743,3035 788,3041 832,3044 877,3044 922,3047 967,3047 1011,3044 1056,3041 1101,3041 1146,3041 1191,3038 1235,3038 1280,3038 1325,3035 1370,3032 1414,3029 1459,3029 1504,3026 1549,3026 1594,3026 1638,3020 1683,3020 1728,3020 1773,3017 1817,3017 1862,3017 1907,3014 1952,3011 1997,3011 2041,3011 2086,3011 2131,3008 2176,3005 2220,3002 2265,3002 2310,3000 2355,3002 2400,3000 2444,2997 2489,2997 2534,2994 2579,2994 2623,2991 2668,2991 2713,2991 2758,2988 2802,2988 2847,2985 2892,2985 2937,2982 2982,2979 3026,2979 3071,2976 3116,2979"/>
                <TextEquiv>
                    <Unicode>Fretherr: Nun das scheint mir nicht so entsetzlich.</Unicode>
                </TextEquiv>
            </TextLine>
            <TextLine id="tr_1_tl_27" custom="readingOrder {index:26;}">
                <Coords points="712,3259 831,3283 938,3205 1096,3232 1483,3184 1707,3223 1728,3107 1555,3083 1257,3143 715,3140"/>
                <Baseline points="731,3197 746,3197 791,3200 835,3205 880,3205 925,3205 970,3202 1014,3200 1059,3200 1104,3197 1149,3194 1194,3194 1238,3191 1283,3191 1328,3191 1373,3188 1417,3188 1462,3185 1507,3182 1552,3182 1597,3182 1641,3179 1686,3179 1731,3179"/>
                <TextEquiv>
                    <Unicode>Sie: Wenn einer küme.</Unicode>
                </TextEquiv>
            </TextLine>
            <TextLine id="tr_1_tl_28" custom="readingOrder {index:27;}">
                <Coords points="715,3396 2496,3351 2889,3315 2892,3220 1948,3199 1838,3274 1031,3250 914,3318 718,3259"/>
                <Baseline points="731,3364 749,3364 794,3361 838,3358 883,3358 928,3355 973,3352 1017,3352 1062,3352 1107,3349 1152,3349 1197,3349 1241,3346 1286,3343 1331,3343 1376,3340 1420,3340 1465,3337 1510,3337 1555,3334 1600,3334 1644,3331 1689,3331 1734,3328 1779,3328 1823,3328 1868,3325 1913,3322 1958,3319 2002,3319 2047,3319 2092,3316 2137,3316 2182,3313 2226,3310 2271,3310 2316,3307 2361,3307 2405,3307 2450,3304 2495,3304 2540,3301 2585,3298 2629,3298 2674,3298 2719,3295 2764,3295 2808,3295 2853,3301 2898,3301"/>
                <TextEquiv>
                    <Unicode>Er: Lasst sie doch. Wozu sie aufmerksam machen,</Unicode>
                </TextEquiv>
            </TextLine>
            <TextLine id="tr_1_tl_29" custom="readingOrder {index:28;}">
                <Coords points="1880,3432 1924,3449 1993,3414 2127,3446 2261,3405 2389,3461 2517,3449 2520,3348 2481,3339 2434,3354 2368,3321 2174,3327 2121,3357 2079,3333 1969,3363 1883,3345"/>
                <Baseline points="1895,3423 1898,3423 1943,3417 1988,3408 2032,3408 2077,3405 2122,3402 2167,3400 2211,3397 2256,3397 2301,3397 2346,3397 2391,3394 2435,3397 2480,3400 2525,3405"/>
                <TextEquiv>
                    <Unicode>Grthin Knut Beier</Unicode>
                </TextEquiv>
            </TextLine>
            <TextLine id="tr_1_tl_30" custom="readingOrder {index:29;}">
                <Coords points="724,3554 998,3515 1031,3548 1084,3512 1120,3554 1549,3539 1656,3476 1734,3503 1847,3467 1778,3411 1591,3372 1469,3432 1343,3396 1245,3449 1066,3449 962,3402 858,3455 730,3440"/>
                <Baseline points="743,3513 779,3513 823,3513 868,3510 913,3510 958,3510 1002,3504 1047,3501 1092,3501 1137,3501 1182,3501 1226,3501 1271,3498 1316,3498 1361,3495 1405,3495 1450,3492 1495,3486 1540,3483 1585,3480 1629,3477 1674,3474 1719,3471 1764,3468 1808,3462 1853,3456"/>
                <TextEquiv>
                    <Unicode>das Kind von sechzehn.</Unicode>
                </TextEquiv>
            </TextLine>
            <TextLine id="tr_1_tl_31" custom="readingOrder {index:30;}">
                <Coords points="724,3732 1281,3697 1409,3738 1906,3661 1993,3700 2306,3658 2309,3592 2219,3545 1990,3601 1892,3545 1638,3631 1194,3577 730,3604"/>
                <Baseline points="740,3710 746,3710 791,3713 835,3710 880,3710 925,3710 970,3707 1014,3707 1059,3704 1104,3701 1149,3701 1194,3698 1238,3695 1283,3695 1328,3692 1373,3692 1417,3689 1462,3686 1507,3683 1552,3680 1597,3680 1641,3677 1686,3674 1731,3671 1776,3668 1820,3668 1865,3665 1910,3659 1955,3656 2000,3650 2044,3650 2089,3647 2134,3647 2179,3644 2223,3641 2268,3641 2313,3644"/>
                <TextEquiv>
                    <Unicode>Sie: Für eine Elfe hielt ich sie.</Unicode>
                </TextEquiv>
            </TextLine>
            <TextLine id="tr_1_tl_32" custom="readingOrder {index:31;}">
                <Coords points="393,3720 423,3720 435,3712 438,3717 453,3706 483,3712 489,3548 474,3548 453,3566 432,3563 417,3548 402,3548"/>
                <Baseline points="414,3689 441,3689 486,3686"/>
                <TextEquiv>
                    <Unicode>P.</Unicode>
                </TextEquiv>
            </TextLine>
        </TextRegion>
    </Page>
</PcGts>
