3624 4168
1100 350 3141 529 Bund gesegnet — Doch sage, bist du schon
1319 508 2490 598 seit eräulist du im Land!
1127 566 2619 690 längere Zeit in unserer Nähe?
1100 698 2414 911 Sylvester: Seit Monaten.
1095 850 3214 992 Freiherr: Und bleibst bei mir - bis wann?
1090 977 3083 1219 Sylvester: Nicht lang. Theresa bat mich
1872 1114 2074 1221 Nacht
1090 1158 2912 1293 heute noch vor Tags daheim zu sein.
1861 1224 3412 1419 So wärk — noberst die! - Je - Aussi IJete.
1098 1274 3127 1511 Freiherr: Und was hat dich plötzlich zu
1079 1432 2303 1601 mir gezogen?
1716 1514 2551 1674 is die nicht allein in die
1090 1637 3127 1806 Sylvester: Wie soll ich dir’s erklären?
1090 1772 2606 1893 Sehnsucht nach meiner Jugend.
1100 1861 3022 2053 Freiherr: Lass doch die Tage treiben,
1079 2093 2077 2219 Schau nicht zurück.
2493 2098 3393 2267 et du kind du Wilt Dme
1100 2153 3193 2364 Sylvester: Warum? Mich lookt’s die Vergan¬
1087 2396 2996 2532 genheit irgendwie lebendig zu machen.
1098 2498 3154 2740 Freiherr: Unfrommer (Jedes Alter hat sei-
1087 2685 3172 2814 ne Schönheit.Sich nach der Jugend sehnen
1132 2790 2172 2917 scheint une faut et jollé. ne
1124 2859 3085 3062 ist gottos, gottlos wie jede Sehnsucht
1090 3017 2796 3183 für die es keine Erfüllung gibt.)
1127 3177 3130 3362 Sylvester: Ich dachte wohl, dass du dies
1085 3314 2072 3456 nicht fassen wirst.
1092 3380 3156 3659 Freiherr: Und wie willst du deine Jugend
1095 3620 1785 3772 wiederfinden?
