3624 4376
2918 367 3057 557 62
1230 498 2258 724 Freiherr: Sylvester!
1230 683 2530 848 Gylvester: Was willst du?
1225 855 3090 994 Freiherr: Wir wollen einmal noch da-
1210 956 3134 1151 rüber sprechen. Denn beide, du und ich,
1233 1128 3005 1297 vielleicht alle drei, auch Leonilda
2962 1159 3327 1318 B. Leutres.
1230 1251 3157 1454 sind heute nicht ruhig genug dazu. Also
599 1364 1130 1534 I noctumpte
1230 1451 3116 1613 komm wieder.Doch nicht eher, als dein
568 1487 1097 1613 int ou nieuen
534 1575 1105 1688 dass der selbes
1230 1595 2119 1798 Kind geboren ist.
524 1675 1135 1790 der Sache nicht
1246 1721 3152 1909 Sylvester: Das kann morgen sein.Viel-
532 1765 1081 1914 recht hänst!
1248 1867 3067 2045 leicht ist dir das zu bald. Ich will
1228 2022 2746 2225 dich nicht beim Worte nehmen.
1236 2214 3118 2356 Freiherr: Du magst es ruhig tun.Komm
1246 2325 3118 2530 wieder,wenn das Kind geboren ist) Und
1248 2489 3070 2659 wär's auch morgen schon.Doch stelle
1251 2648 3126 2828 ich die eine Bedingung,dass du jetzt
1248 2836 3219 2975 sofort abfährst,ohne Leonilda zu sehn.
1256 2972 3062 3131 Sylbester: Dabei bleibt’s.Ich komme
565 2921 1135 3160 1.  drichum ihr
1266 3088 3332 3303 wieder. Und auch bei meinem Eid bleibt“.
588 3147 1169 3324 métile je s’agire
1274 3211 3124 3483 Freiherr: (Dies vielleicht früher).
1272 3388 3085 3607 Mensch,Freünd, ich fass es nicht. Wir
1264 3565 3270 3712 haben zusammen in tollen Jugendjahren -
1272 3699 3080 3915 gedenkst du noch der wüsten Nacht -
