4065 5984
1289 1582 3283 1823 Freiherr: Sie glauben, dass sie wollen.
1306 1803 3032 1992 Uebrigens ist ein Filbote an die
1306 1928 3062 2137 Grenze gesandt zur Ruh zu mahnen.
1306 2094 2107 2306 Konrad: Ruhe...
1303 2214 3211 2425 Freiherr: Ruhe ist nicht Stillstand.
1296 2395 2527 2609 Die Ruhe ist fruchtbar.
1306 2522 3152 2771 Konrad: Und was soll mit Leuten, wie
1306 2736 2592 2920 ich einer bin, geschehen?
1294 2858 3057 3062 Freiherr: Ich denke auch für dich
1311 3022 3057 3231 wird es im Frieden manches zu tun
1306 3196 2945 3361 geben. Wir sprechen noch davon.
1311 3316 3219 3520 Der Sekretär ist gekommen. Konrad mit
1311 3507 2853 3634 Leonilda gegen den Garten zu.
1294 3652 2418 3851 4. Freiherr.Sekretär.
1669 3851 2893 4072 in a d. M. Smit, inte
