3688 4232
1172 391 2692 655 ist nicht jung genug für ihn.
2523 520 3064 663 nuit ou de feit
1191 628 3113 814 Freiherr: Doch ist es heut zu spät es
1188 798 1870 968 ihm zu sagen.
1197 873 3088 1186 Leonilda: Das freilich.Wie sonderbar
1205 1065 3177 1272 dass er's mir nicht erzählt hat. Frei-
1202 1170 3094 1447 lich, wir sprachen von andern Dingen.
1205 1396 2194 1604 Nun, leb wohl, Vater.
1224 1517 2587 1719 Freiherr: Wohin, mein Kind?
1207 1593 3261 1860 Leonilda: Heut gibt's im Hause allerlei
1224 1814 3016 2062 zu tun. Der Andere ist schon fort?
1237 1975 2665 2167 Freiherr: Du meinst Konrad?
1250 2086 3347 2382 Leonilda: Ja. Was hat er denn in Wien zu
1256 2355 1498 2498 tun?
1248 2399 3129 2676 Freiherr: Er kommt von seinem Vater.
1250 2560 3420 2803 Doch das sind noch Geheimnisse. Vielleicht
612 2609 1194 2889 Anselon kommt
1277 2722 2919 2981 bald davon.Ruf mir den Sekretär,
1283 2908 2021 3113 Leonilda: (ab).
1269 3018 3256 3291 Freiherr: Ist dies nur Schwärmerei Mnd
1288 3204 2970 3377 wär's auch mehr,es wird vergehn.
1647 3315 3323 3530 von der Secretärungen — es dienst weiter.
1563 3433 3204 3627 Neu-nicht da er in stets blieb - we
1571 3565 3094 3703 Sag des Abschieds... Ein tusschen¬
1609 3676 3064 3827 Seite kämpfte... keine Letzte ich
1692 3776 2256 3900 as-boh it
