3336 4008
1299 394 2502 624 sonst kein Mensch. Liegt
738 598 2515 817 auch ausserhalb der Mauern,er gehör
696 751 2666 931 doch noch zu unserm Park.Glaub mir. Es
693 923 2666 1121 kennt ihn kaum einer hier. Frag einmal
693 1039 2822 1272 Dominik,frage Brigitte,ob sie wissen, dass
698 1214 2669 1410 hier ein Weiher liegt. Der Weg hin ist
698 1367 2248 1587 verwachsen Lass ihr die Freude.
680 1521 1944 1738 Anselma: Zufälle gibt’s.
690 1688 2137 1886 Freiherr: Und wenn. Ein Kind.
690 1814 2767 2029 Anselma: Kind... Sie stand im Schilf, sie
696 1978 2759 2137 breitete die Arme, sie lächelte im Traum,
696 2124 2087 2322 sie war schön und wusst es.
698 2283 2756 2478 Freiherr: (heiter) Nun, soll ich ihr ver-
698 2418 2780 2603 bieten schön zul sein? Sich schon zu fin-
696 2584 2719 2783 den, da sie's ist? Gebe ihr Gott, so viel
696 2724 2682 2931 Glück als ihre Schönheit sich erwarten
709 2915 950 3111 darf.
696 3023 2243 3253 Anselma: Es ist deine Tochter.
704 3179 2722 3412 Freiherr: Ja,meine Tochter, ja. Sie wird
730 3351 2619 3576 bin Weib wie andre Töchter. Wir Väter
780 3507 2706 3748 orgossen's oft. Kein Wunder, Vergessen
