3608 4200
1196 457 2941 702 den Kerker jagt, oder auf den Sche
1074 676 1576 882 terhaufen.
1072 787 3113 987 Freiherr: Komm zu dir, Freund. Daran denk
1067 979 3155 1193 keiner jetzt. Die Zeit der Scheiterhaufen
1072 1143 1645 1299 ist vorbei.
1072 1278 3131 1470 Konrad: So sehr man es zuweilen auch be-
1243 1399 1515 1510 behuf.
1077 1441 2104 1637 dauert.
1077 1531 2944 1793 Sylvester: Ich ward bewegt, verzeiht.
1074 1719 3142 1914 Konrad: Ein Jeder spricht seine Sprache.
1090 1877 3097 2091 Ich freue mich, was mir zeitlebens nicht
1088 2009 3123 2210 begegnet,einen Dichter von Angesicht zu
1077 2178 2080 2402 Angesicht zu sehen.
1074 2342 2487 2553 Sylvest er: Ihr seid Soldat?
1647 2476 2120 2556 Ich könten sein.
1069 2487 3189 2674 Konrad: So was ähnliches. Und daher leider
1074 2664 3186 2859 nicht mehr in der Lage an dieser Unterhal
1088 2804 2173 2986 tung teilzunehmen. ) -
2014 2925 2115 3002 A.
1088 2962 3054 3157 Sylvester: Wie kommt’s, dass Ihr Urlaub
1948 3062 2585 3171 bald jibe Ries
1082 3118 3107 3311 habt? Man sagt, der Krieg fange bald an.
1088 3271 3002 3469 Konrad: Sagt man? Gebe Gott, man hätte
1090 3421 1391 3598 Recht.
1114 3511 3012 3804 Sylvester: Viel Elend wird über diese
