3640 4168
1836 311 2247 479 sept cent Cents
1156 471 3008 666 Sylvester: Als ich damals Gegen'd und
1124 628 2835 818 Land verliess, übergab ich sie dir
1107 772 1857 964 Freiherr: Mir?
1113 893 3027 1075 Sylvester: In deinem Schreine ist sie
1107 1042 3122 1275 aufbewahrt.Briefe,Tagebücher,kurz,meine
1110 1221 3287 1394 ganze Jugend. Nun bin ich da sie mir holen.
1094 1378 3081 1606 Freiherr: So hast du’s gemeint? Willst
1099 1554 3214 1771 auch du die Geschichte deines Lebens auf-
1107 1714 1597 1893 bewahren?
1126 1814 3203 2012 Sylvester: Aufbewahren? Das ist es nicht.
1099 1976 2418 2188 Doch warum sagst du auch?
1110 2109 3124 2350 Freiherr: Ich bewahre das meine auf. Die
1094 2299 2978 2442 welt soll einmal, wenn ich nicht mehr
1091 2442 3173 2613 bin, die Geschichte meines Falles kennen.
1094 2591 2832 2808 Das Unrecht, das man an mir verübt
1088 2735 3089 2954 Sylvester: Ich will nichts mehr nieder.
1110 2905 3138 3092 schreiben, denn es steht ja alles da.Tag
1091 3038 3133 3273 für Tag.) Nur will ich einmal noch diese
1088 3230 3222 3428 flammende Jugend vor mir aufblühen lassen
1099 3352 3089 3560 dann fort damit.bring mir’s gleich.Ich
1099 3517 2491 3658 bleibe nur kurze Zeit hier.
