4099 5720
1356 1331 3316 1599 (In den Garten weisend) Sieh sie doch
1366 1533 2545 1714 an. Ein herrlich Paar.
1353 1673 3016 1909 Anselma: Wann soll die Hochzeit
1376 1879 1687 2012 sein?
1380 1975 3237 2166 Freiherr: Die Hochzeit? Die vor dem
1368 2122 3343 2321 Pfaffen, meinst du? Kommt's darauf an?
1378 2284 3274 2491 Weisst du, dass ich den vaiser wieder
1376 2419 3274 2645 sah? Auch nach dir hat er wieder ge-
1390 2628 1732 2807 fragt.
1368 2768 2518 2970 Anselma: Er nach mir?
1378 2893 3188 3122 Freiherr: Mach dich bereit. Grosses
1393 3063 3296 3262 steht bevor,Grösseres als du denkst.
1380 3213 3191 3422 Anselma: Ich hab's geahnt. Du gehst
1403 3399 2363 3566 wieder an den Hof.
1380 3512 3267 3738 Freiherr: Gefehlt.Als (Gesandter geh
1407 3657 3350 3839 ich nach dem Lande, mit dem wir beina-
1400 3834 2618 4001 he Krieg gehabt hätten.
1405 3959 3360 4166 Anselma: Ich geh nicht mit. Mir ist in
1412 4136 2685 4345 solcher Luft nicht wohl.
1412 4296 3382 4502 Freiherr: Du willst allein hier blei-
1403 4470 1668 4628 ben?
1417 4578 3257 4854 Anselma: Nicht hier. Längst hab ich
