3384 4184
1989 551 2928 751 Ihr misst kühn sein
420 547 1932 812 Erst in drei Tagen bei Vollmond.
1661 684 3046 859 Vale : 1 t'usent assis :. jours de Liebe und
414 757 1384 917 und nicht allzukühn.
1887 802 3068 961 siguen... der mir vertracilen als
468 882 1330 1120 Das Mädchen kommt.
1910 920 2711 1133 du Sitte Strenge Goetsen
433 1047 1617 1276 Wie der Dichter schon for
414 1219 1986 1435 Kühles Gespräch mit dem Jüngling.
461 1534 1066 1674 Dritter Akt.
442 1604 2976 1792 1. Tochter und Jungling Reifen spielend mit andern aus
1680 1725 2848 1932 jingling au trotz avis trohveur
442 1814 1305 1973 der Nachbarschaft.
477 1935 2708 2100 Vater hat dem Jungling den Weiher achn gezeigt.
2135 2034 3014 2237 Vater u. junge Mädchen
452 2072 1916 2253 Mädchen fort. - (Oftersntn)
1970 2174 3049 2330 Le Haischallein.. sept: Es ist was lui.
452 2231 1645 2400 Später der Jungling fort,
1980 2307 2323 2412 sa ils fut.
442 2355 3001 2530 Vater vielleicht im Gespräch mit einem andern neue
452 2454 2998 2686 Figur, Mönch, oder eine Frau Besser eines Junglings
493 2606 2581 2861 Geliebte, als eines alternden Mannes Gattin.
465 2788 2960 3007 2. Der Dichter kommt unerwartet zurück. Esnhielt mich
452 2941 1925 3144 nicht. Ehrt neal vom Alli daché
557 3058 2167 3294 Vater: Last Du mit ihr besprochen.
509 3205 3068 3443 Dichter: Nein, ich werde mit Deiner Tochter fort. Mich
474 3354 2737 3568 dann töten. Mein letztes grosses Werk schreiben.
557 3472 3106 3660 (Valerglaubli nicht. Hühle. Hiee da sift – di kaustere
665 3666 1416 3825 re[illegible] with
