<?xml version="1.0" encoding="UTF-8" standalone="yes"?>
<PcGts xmlns="http://schema.primaresearch.org/PAGE/gts/pagecontent/2013-07-15" xmlns:xsi="http://www.w3.org/2001/XMLSchema-instance" xsi:schemaLocation="http://schema.primaresearch.org/PAGE/gts/pagecontent/2013-07-15 http://schema.primaresearch.org/PAGE/gts/pagecontent/2013-07-15/pagecontent.xsd">
    <Metadata>
        <Creator>prov=READ-COOP:name=TrHtr:version=2.1.0:model_id=51170:date=15_08_2023_05:15</Creator>
        <Created>2023-05-10T13:17:48.201+02:00</Created>
        <LastChange>2023-08-15T05:15:20.980+02:00</LastChange>
        <TranskribusMetadata docId="1428826" pageId="55433058" pageNr="90" tsid="132839249" status="IN_PROGRESS" userId="64420" imgUrl="https://files.transkribus.eu/Get?id=IIQOPFUBNIJDHOAXEPCXHXZI&amp;fileType=view" xmlUrl="https://files.transkribus.eu/Get?id=DYLWNUAMSAHPTOSAQJMDXWMG" imageId="44707094"/>
    </Metadata>
    <Page imageFilename="1428826_0090.jpg" imageWidth="3608" imageHeight="4184">
        <ReadingOrder>
            <OrderedGroup id="ro_1711802612101" caption="Regions reading order">
                <RegionRefIndexed index="0" regionRef="tr_2"/>
                <RegionRefIndexed index="1" regionRef="tr_1"/>
            </OrderedGroup>
        </ReadingOrder>
        <TextRegion id="tr_2" custom="readingOrder {index:0;}">
            <Coords points="1345,475 3354,475 3354,1472 1345,1472"/>
            <TextLine id="tr_2_tl_1" custom="readingOrder {index:0;}">
                <Coords points="1452,601 1538,579 1584,584 1648,628 1749,613 1847,640 1918,579 1945,591 1942,358 1918,348 1820,395 1692,343 1599,343 1523,385 1449,383"/>
                <Baseline points="1465,525 1510,528 1554,531 1599,528 1644,528 1689,528 1733,528 1778,531 1823,531 1868,531 1912,531 1951,528"/>
                <TextEquiv>
                    <Unicode>Sylvester</Unicode>
                </TextEquiv>
            </TextLine>
            <TextLine id="tr_2_tl_2" custom="readingOrder {index:1;}">
                <Coords points="2023,552 2070,559 2109,544 2170,557 2200,542 2384,562 2421,549 2418,397 2354,385 2239,405 2205,387 2153,402 2102,370 2021,392"/>
                <Baseline points="2038,534 2083,534 2127,537 2172,537 2217,540 2262,540 2306,540 2351,540 2396,540 2426,540"/>
                <TextEquiv>
                    <Unicode>Freiher.</Unicode>
                </TextEquiv>
            </TextLine>
            <TextLine id="tr_2_tl_3" custom="readingOrder {index:2;}">
                <Coords points="1378,689 3353,760 3350,606 2803,643 2605,564 2352,647 1376,586"/>
                <Baseline points="1393,674 1438,674 1483,674 1527,677 1572,677 1617,677 1662,677 1707,677 1751,677 1796,680 1841,677 1886,680 1930,680 1975,683 2020,683 2065,683 2109,686 2154,689 2199,689 2244,692 2288,695 2333,695 2378,695 2423,695 2468,695 2512,695 2557,695 2602,698 2647,695 2691,695 2736,692 2781,701 2796,701 2808,695 2852,698 2897,698 2942,701 2987,704 3032,704 3076,704 3121,704 3166,704 3211,704 3255,707 3300,707 3345,704 3354,704"/>
                <TextEquiv>
                    <Unicode>Freiherr: Wer war's, der hier verschwand</Unicode>
                </TextEquiv>
            </TextLine>
            <TextLine id="tr_2_tl_4" custom="readingOrder {index:3;}">
                <Coords points="1364,839 2519,856 2516,773 1525,780 1361,716"/>
                <Baseline points="1378,826 1423,832 1468,832 1513,829 1557,832 1602,832 1647,832 1692,832 1736,832 1781,835 1826,835 1871,835 1915,835 1960,838 2005,838 2050,838 2094,841 2139,841 2184,841 2229,841 2274,844 2318,844 2363,841 2408,841 2453,841 2497,844 2524,844"/>
                <TextEquiv>
                    <Unicode>Sylvester: Leonilda war</Unicode>
                </TextEquiv>
            </TextLine>
            <TextLine id="tr_2_tl_5" custom="readingOrder {index:4;}">
                <Coords points="2587,903 2614,907 2629,898 2673,922 2683,912 2700,917 2700,792 2685,795 2676,785 2656,797 2651,792 2644,797 2587,795"/>
                <Baseline points="2602,847 2647,847 2691,847 2706,847"/>
                <TextEquiv>
                    <Unicode>es</Unicode>
                </TextEquiv>
            </TextLine>
            <TextLine id="tr_2_tl_6" custom="readingOrder {index:5;}">
                <Coords points="1368,1006 3166,1040 3161,866 2882,831 2526,947 2092,929 1942,844 1366,841"/>
                <Baseline points="1381,975 1426,975 1471,975 1516,978 1560,978 1605,981 1650,981 1695,981 1739,981 1784,984 1829,984 1874,987 1918,987 1963,993 2008,996 2053,996 2097,996 2142,996 2187,996 2232,993 2277,993 2321,993 2366,996 2411,996 2456,999 2500,999 2545,999 2590,999 2635,1002 2679,1002 2724,1008 2769,1008 2814,1008 2858,1008 2903,1008 2948,1008 2993,1005 3038,1005 3082,1008 3127,1011 3172,1011 3175,1008"/>
                <TextEquiv>
                    <Unicode>Freiherr: Sö.Eine schöne Nacht.Sieh</Unicode>
                </TextEquiv>
            </TextLine>
            <TextLine id="tr_2_tl_7" custom="readingOrder {index:6;}">
                <Coords points="1351,1148 3056,1177 3053,1079 2516,1111 2278,998 1349,1001"/>
                <Baseline points="1366,1122 1411,1125 1456,1125 1501,1128 1545,1128 1590,1131 1635,1131 1680,1134 1724,1137 1769,1137 1814,1137 1859,1140 1903,1140 1948,1142 1993,1142 2038,1142 2083,1142 2127,1142 2172,1145 2217,1145 2262,1145 2306,1145 2351,1145 2396,1148 2441,1148 2485,1151 2530,1151 2575,1148 2620,1151 2664,1154 2709,1154 2754,1154 2799,1157 2844,1157 2888,1157 2933,1157 2978,1157 3023,1157 3058,1145"/>
                <TextEquiv>
                    <Unicode>wie die Sterne blinken. In dieser</Unicode>
                </TextEquiv>
            </TextLine>
            <TextLine id="tr_2_tl_8" custom="readingOrder {index:7;}">
                <Coords points="1346,1295 3085,1332 3139,1319 3139,1224 2558,1265 2227,1234 2102,1153 1344,1136"/>
                <Baseline points="1360,1277 1405,1277 1450,1283 1495,1286 1539,1286 1584,1286 1629,1286 1674,1286 1718,1289 1763,1289 1808,1292 1853,1292 1898,1292 1942,1292 1987,1295 2032,1295 2077,1295 2121,1298 2166,1298 2211,1298 2256,1301 2300,1301 2345,1298 2390,1301 2435,1301 2479,1301 2524,1304 2569,1304 2614,1304 2659,1307 2703,1310 2748,1313 2793,1313 2838,1313 2882,1313 2927,1313 2972,1313 3017,1313 3061,1310 3106,1307 3145,1298"/>
                <TextEquiv>
                    <Unicode>Stunde entscheidet sich viel. Konrad</Unicode>
                </TextEquiv>
            </TextLine>
            <TextLine id="tr_2_tl_9" custom="readingOrder {index:8;}">
                <Coords points="1334,1467 3088,1481 3085,1371 2286,1413 1962,1302 1648,1290 1332,1342"/>
                <Baseline points="1345,1426 1390,1435 1435,1432 1480,1435 1524,1435 1569,1435 1614,1435 1659,1438 1704,1441 1748,1441 1793,1441 1838,1441 1883,1444 1927,1444 1972,1447 2017,1447 2062,1450 2106,1450 2151,1450 2196,1450 2241,1453 2285,1453 2330,1453 2375,1453 2420,1453 2465,1453 2509,1456 2554,1453 2599,1453 2644,1456 2688,1453 2733,1456 2778,1459 2823,1459 2867,1459 2912,1462 2957,1462 3002,1462 3046,1459 3091,1462 3094,1462"/>
                <TextEquiv>
                    <Unicode>ist beim Kaiser.Er gefiel dir wohl</Unicode>
                </TextEquiv>
            </TextLine>
        </TextRegion>
        <TextRegion id="tr_1" custom="readingOrder {index:1;}">
            <Coords points="1289,1534 3240,1534 3240,3615 1289,3615"/>
            <TextLine id="tr_1_tl_1" custom="readingOrder {index:0;}">
                <Coords points="1329,1594 2916,1646 3088,1631 3088,1545 2796,1496 2558,1555 2126,1457 1913,1498 1327,1437"/>
                <Baseline points="1342,1584 1387,1584 1432,1587 1477,1587 1521,1590 1566,1593 1611,1593 1656,1593 1701,1596 1745,1596 1790,1596 1835,1599 1880,1599 1924,1602 1969,1599 2014,1602 2059,1602 2103,1602 2148,1602 2193,1602 2238,1602 2282,1602 2327,1602 2372,1602 2417,1605 2462,1605 2506,1605 2551,1608 2596,1608 2641,1608 2685,1611 2730,1614 2775,1614 2820,1617 2864,1617 2909,1617 2954,1617 2999,1617 3043,1617 3088,1617 3094,1614"/>
                <TextEquiv>
                    <Unicode>nicht. Krieg, Friede, Weltenschicksal</Unicode>
                </TextEquiv>
            </TextLine>
            <TextLine id="tr_1_tl_2" custom="readingOrder {index:1;}">
                <Coords points="1324,1744 2531,1758 2847,1857 3227,1837 3225,1692 2337,1704 2153,1609 1319,1589"/>
                <Baseline points="1339,1733 1384,1736 1429,1736 1474,1736 1519,1736 1563,1739 1608,1742 1653,1745 1698,1745 1742,1748 1787,1748 1832,1748 1877,1751 1921,1751 1966,1751 2011,1751 2056,1751 2100,1754 2145,1754 2190,1754 2235,1757 2280,1757 2324,1760 2369,1763 2414,1763 2459,1760 2503,1760 2548,1760 2593,1760 2638,1763 2682,1760 2727,1763 2772,1766 2817,1766 2861,1766 2906,1769 2951,1769 2996,1769 3041,1769 3085,1769 3130,1769 3175,1769 3220,1769 3234,1766"/>
                <TextEquiv>
                    <Unicode>in dieser Stunde.Kannst du es fassen?</Unicode>
                </TextEquiv>
            </TextLine>
            <TextLine id="tr_1_tl_3" custom="readingOrder {index:2;}">
                <Coords points="1327,1913 3237,1947 3218,1839 1886,1815 1820,1869 1673,1771 1322,1741"/>
                <Baseline points="1339,1883 1384,1886 1429,1886 1474,1889 1519,1889 1563,1892 1608,1895 1653,1898 1698,1901 1742,1901 1787,1901 1832,1898 1877,1901 1921,1903 1966,1906 2011,1903 2056,1903 2100,1903 2145,1906 2190,1906 2235,1909 2280,1909 2324,1912 2369,1912 2414,1912 2459,1915 2503,1915 2548,1912 2593,1915 2638,1912 2682,1915 2727,1915 2772,1915 2817,1918 2861,1918 2906,1918 2951,1918 2996,1921 3041,1921 3085,1924 3130,1921 3175,1921 3220,1918 3240,1915"/>
                <TextEquiv>
                    <Unicode>Wie kam's, dass Leonilda hier war? Und</Unicode>
                </TextEquiv>
            </TextLine>
            <TextLine id="tr_1_tl_4" custom="readingOrder {index:3;}">
                <Coords points="1312,2065 2423,2085 2421,1933 2222,1999 1928,1918 1776,1979 1599,1950 1486,1999 1312,1996"/>
                <Baseline points="1325,2041 1369,2041 1414,2044 1459,2044 1504,2044 1548,2047 1593,2047 1638,2047 1683,2047 1727,2050 1772,2053 1817,2053 1862,2056 1906,2056 1951,2056 1996,2056 2041,2056 2086,2056 2130,2056 2175,2056 2220,2056 2265,2059 2309,2062 2354,2062 2399,2059 2429,2059"/>
                <TextEquiv>
                    <Unicode>warum verschwand sie?</Unicode>
                </TextEquiv>
            </TextLine>
            <TextLine id="tr_1_tl_5" custom="readingOrder {index:4;}">
                <Coords points="1310,2220 2416,2224 2629,2325 2771,2273 2872,2323 3174,2293 3171,2158 2992,2126 2482,2168 2183,2070 1307,2070"/>
                <Baseline points="1322,2202 1366,2205 1411,2205 1456,2202 1501,2202 1545,2205 1590,2205 1635,2208 1680,2205 1724,2205 1769,2205 1814,2205 1859,2208 1903,2205 1948,2208 1993,2205 2038,2208 2083,2208 2127,2211 2172,2211 2217,2214 2262,2217 2306,2217 2351,2220 2396,2220 2441,2220 2485,2220 2530,2217 2575,2220 2620,2223 2664,2226 2709,2223 2754,2226 2799,2223 2844,2223 2888,2223 2933,2226 2978,2226 3023,2226 3067,2226 3112,2229 3157,2226 3175,2223"/>
                <TextEquiv>
                    <Unicode>Sylvester: Mein Freund,Freund meiner</Unicode>
                </TextEquiv>
            </TextLine>
            <TextLine id="tr_1_tl_6" custom="readingOrder {index:5;}">
                <Coords points="1310,2364 2524,2399 2524,2300 2305,2325 2200,2269 2023,2310 1896,2276 1562,2298 1481,2259 1310,2298"/>
                <Baseline points="1322,2345 1366,2351 1411,2351 1456,2354 1501,2357 1545,2360 1590,2363 1635,2366 1680,2363 1724,2360 1769,2360 1814,2363 1859,2360 1903,2360 1948,2360 1993,2360 2038,2363 2083,2363 2127,2366 2172,2366 2217,2369 2262,2369 2306,2369 2351,2369 2396,2369 2441,2369 2485,2369 2530,2378"/>
                <TextEquiv>
                    <Unicode>Jugend,gib Leonilda mir.</Unicode>
                </TextEquiv>
            </TextLine>
            <TextLine id="tr_1_tl_7" custom="readingOrder {index:6;}">
                <Coords points="1305,2514 2965,2553 2963,2452 2860,2433 2276,2484 1570,2457 1300,2381"/>
                <Baseline points="1316,2500 1360,2500 1405,2500 1450,2503 1495,2503 1539,2506 1584,2506 1629,2509 1674,2509 1718,2512 1763,2515 1808,2515 1853,2512 1898,2512 1942,2512 1987,2512 2032,2512 2077,2512 2121,2515 2166,2515 2211,2518 2256,2521 2300,2521 2345,2524 2390,2524 2435,2524 2479,2524 2524,2524 2569,2527 2614,2527 2659,2527 2703,2530 2748,2530 2793,2533 2838,2533 2882,2533 2927,2530 2972,2527 2975,2524"/>
                <TextEquiv>
                    <Unicode>Freiherr: Zur Frau dir Leonilda?</Unicode>
                </TextEquiv>
            </TextLine>
            <TextLine id="tr_1_tl_8" custom="readingOrder {index:7;}">
                <Coords points="1300,2676 2730,2700 2727,2585 2475,2531 2011,2536 1815,2619 1297,2541"/>
                <Baseline points="1313,2653 1357,2664 1402,2659 1447,2659 1492,2662 1536,2664 1581,2662 1626,2664 1671,2664 1715,2664 1760,2667 1805,2667 1850,2667 1895,2667 1939,2670 1984,2667 2029,2667 2074,2667 2118,2670 2163,2670 2208,2673 2253,2673 2297,2676 2342,2676 2387,2676 2432,2676 2476,2676 2521,2679 2566,2676 2611,2679 2656,2679 2700,2682 2733,2685"/>
                <TextEquiv>
                    <Unicode>Sylvester: Gib Leonilda mir.</Unicode>
                </TextEquiv>
            </TextLine>
            <TextLine id="tr_1_tl_9" custom="readingOrder {index:8;}">
                <Coords points="1292,2823 2452,2838 2739,2933 3046,2847 3213,2877 3176,2747 2504,2796 1837,2722 1415,2759 1290,2695"/>
                <Baseline points="1307,2811 1351,2808 1396,2808 1441,2811 1486,2814 1530,2814 1575,2814 1620,2814 1665,2817 1710,2820 1754,2820 1799,2820 1844,2820 1889,2817 1933,2820 1978,2820 2023,2820 2068,2823 2112,2823 2157,2826 2202,2826 2247,2826 2291,2826 2336,2829 2381,2832 2426,2832 2471,2835 2515,2835 2560,2835 2605,2838 2650,2838 2694,2835 2739,2841 2784,2841 2829,2841 2873,2844 2918,2844 2963,2844 3008,2844 3052,2844 3097,2844 3142,2844 3187,2844 3220,2844"/>
                <TextEquiv>
                    <Unicode>Freiherr: Freund meiner Jugend. So alt</Unicode>
                </TextEquiv>
            </TextLine>
            <TextLine id="tr_1_tl_10" custom="readingOrder {index:9;}">
                <Coords points="1297,2972 3210,3071 3208,2914 2899,2879 2197,2941 1297,2899"/>
                <Baseline points="1310,2960 1354,2960 1399,2963 1444,2966 1489,2969 1533,2969 1578,2972 1623,2975 1668,2975 1712,2975 1757,2978 1802,2975 1847,2975 1892,2975 1936,2975 1981,2975 2026,2978 2071,2978 2115,2975 2160,2978 2205,2978 2250,2981 2294,2984 2339,2984 2384,2987 2429,2990 2473,2987 2518,2987 2563,2990 2608,2990 2653,2990 2697,2990 2742,2990 2787,2987 2832,2987 2876,2990 2921,2993 2966,2996 3011,2996 3055,2996 3100,2996 3145,2996 3190,2999 3214,2996"/>
                <TextEquiv>
                    <Unicode>wie ich. Du bist - nein, nicht verwirrt</Unicode>
                </TextEquiv>
            </TextLine>
            <TextLine id="tr_1_tl_11" custom="readingOrder {index:10;}">
                <Coords points="1290,3154 2536,3142 3193,3247 3188,3063 3122,3046 2462,3085 2227,3063 2121,2985 1285,3002"/>
                <Baseline points="1301,3115 1345,3115 1390,3118 1435,3118 1480,3121 1524,3124 1569,3124 1614,3124 1659,3127 1704,3127 1748,3130 1793,3130 1838,3127 1883,3130 1927,3127 1972,3130 2017,3130 2062,3130 2106,3130 2151,3130 2196,3133 2241,3139 2285,3139 2330,3139 2375,3142 2420,3142 2465,3142 2509,3142 2554,3142 2599,3145 2644,3148 2688,3148 2733,3148 2778,3151 2823,3151 2867,3148 2912,3151 2957,3148 3002,3148 3046,3148 3091,3151 3136,3148 3181,3145 3196,3145"/>
                <TextEquiv>
                    <Unicode>dein Blick ist klar, doch sage, was ist</Unicode>
                </TextEquiv>
            </TextLine>
            <TextLine id="tr_1_tl_12" custom="readingOrder {index:11;}">
                <Coords points="1288,3286 2173,3289 2288,3345 3048,3306 3046,3220 2104,3232 1947,3147 1285,3156"/>
                <Baseline points="1301,3270 1345,3270 1390,3273 1435,3273 1480,3273 1524,3273 1569,3276 1614,3276 1659,3276 1704,3276 1748,3276 1793,3276 1838,3279 1883,3282 1927,3282 1972,3285 2017,3285 2062,3288 2106,3288 2151,3288 2196,3288 2241,3291 2285,3288 2330,3291 2375,3291 2420,3291 2465,3294 2509,3294 2554,3297 2599,3297 2644,3297 2688,3300 2733,3300 2778,3297 2823,3297 2867,3297 2912,3297 2957,3297 3002,3297 3046,3297 3055,3294"/>
                <TextEquiv>
                    <Unicode>das für ein Scherz? Leonilda, meine</Unicode>
                </TextEquiv>
            </TextLine>
            <TextLine id="tr_1_tl_13" custom="readingOrder {index:12;}">
                <Coords points="1275,3458 3186,3502 3186,3394 2418,3397 2170,3286 1273,3308"/>
                <Baseline points="1289,3425 1333,3423 1378,3423 1423,3425 1468,3428 1513,3431 1557,3431 1602,3431 1647,3431 1692,3431 1736,3434 1781,3437 1826,3437 1871,3437 1915,3437 1960,3437 2005,3440 2050,3437 2094,3440 2139,3437 2184,3437 2229,3437 2274,3440 2318,3440 2363,3443 2408,3443 2453,3443 2497,3443 2542,3446 2587,3446 2632,3449 2676,3449 2721,3449 2766,3449 2811,3449 2855,3449 2900,3452 2945,3452 2990,3455 3035,3455 3079,3455 3124,3458 3169,3458 3190,3458"/>
                <TextEquiv>
                    <Unicode>Tochter, dir? Ich liebe solche Scherze</Unicode>
                </TextEquiv>
            </TextLine>
            <TextLine id="tr_1_tl_14" custom="readingOrder {index:13;}">
                <Coords points="1275,3676 1427,3657 1557,3703 1783,3600 2097,3647 2207,3718 2646,3662 2644,3527 2489,3527 2381,3453 1273,3456"/>
                <Baseline points="1289,3578 1333,3578 1378,3578 1423,3581 1468,3587 1513,3590 1557,3587 1602,3587 1647,3587 1692,3587 1736,3587 1781,3587 1826,3587 1871,3590 1915,3590 1960,3590 2005,3590 2050,3590 2094,3593 2139,3590 2184,3593 2229,3593 2274,3593 2318,3596 2363,3596 2408,3599 2453,3599 2497,3599 2542,3599 2587,3596 2632,3599 2650,3605"/>
                <TextEquiv>
                    <Unicode>nicht, Freund meiner Jugend.</Unicode>
                </TextEquiv>
            </TextLine>
        </TextRegion>
    </Page>
</PcGts>
