3336 4056
714 382 2543 680 Hamilkar. Anselma Freiherr Leopold vo
703 625 1111 824 Mayenau
706 743 2693 963 Freiherr; Guten Morgen, Schwester.Guten
700 928 1513 1119 Morgen, Sekretär
717 1067 2381 1232 Anselma: War's ein schöner Ritt?
712 1206 2765 1412 Freiherr: Herrlich...unter frühlingsgrü.
712 1374 2890 1553 nen Wipfeln. Und immer neue Wege auf alten
712 1504 2193 1718 Wiesengrund. Wo ist Leonilda?
712 1649 2852 1886 Anselma: Auch sie spaziert herum. Ich weiss
712 1851 1200 2022 nicht wo.
712 1978 2033 2178 Freiherr: Sind Briefe da?
712 2143 3037 2320 Hamilkar: Nichts dergleichen. Aus er
717 2285 2817 2502 Freiherr: Das ist gut. Ich erinnere mich
720 2433 2774 2618 noch einer Zeit, wo, wenn ich morgens von
720 2557 2817 2788 meinem Ritt zurückkam,die Briefe so hoch
717 2733 2849 2887 auf meinem Tische lagen. Zeit der Verant-
729 2869 2814 3101 wortung, der Qual und man war doch macht.
732 3049 2878 3216 los. Nieder wieder. Nie. Wie schön ist die
735 3222 1938 3410 Welt. Nun an die Arbeit.
723 3347 2861 3578 Anselma: Hast du ein wenig Zeit für mich?
735 3517 2731 3728 Freiherr: So viel du willst. Kommt spä
816 3645 1816 3830 ter wieder, Hamilkar.
