3496 4120
2698 304 3007 502 348 b
950 493 2376 688 Flint.-Bernhardi.- Hofrat.
965 678 2732 837 Hofrat: Ich bitte vielmals um Ent-
965 802 2792 1022 schuldigung, aber es handelt sich um
1374 955 1755 1057 wichtig
963 992 2700 1186 eine so meikwurdige Angelegenheit
973 1111 2886 1334 Bernhardi: ich will nicht weiter läs-
983 1272 2708 1520 tig fallen, zellent, wir sprechen
983 1483 1638 1624 noch weiter.
988 1574 2975 1760 Hofrat: Pardon es handelt sich um eine
983 1742 2955 1938 Sache die wohl auch für den Herrn Pro¬
995 1898 2829 2101 fessor Es kommt nämlich eben eine
995 2025 2933 2287 Meldung aus dem Justizministerium, die
1849 2141 2557 2252 der Herr Frr.
1000 2200 2584 2396 auf ihre Affaire Bezug hat.
1022 2374 2089 2559 Bernhardi: Auf meine
1015 2490 2970 2683 Hofrat: Es ist anzunehmen, dass die Sa.
1022 2614 2901 2846 che heute schon in den Abendblättern
1022 2772 3002 2985 stehen wird, also als Geheimnis ist sie
1035 2925 2864 3111 wohl nicht, zu behandeln. Es scheint
1530 3069 2039 3190 widermoll
1037 3074 2918 3341 sich eine Wendung vorzubereiten. Die
1040 3218 2928 3428 Schwester Ludmilla,die Kronzeugin in
1049 3359 2977 3621 Ihrer Affaire, beschuldigt sich selbst
