3336 4056
2802 374 3013 589 286
945 595 1731 724 Flint.Berhandi
947 763 2763 934 Flint: Ich stehe Dir zur Verfügung.
947 900 2881 1026 Bemhardi: Du kannst Dir wohl denken,
947 1024 2926 1239 dass es eine ziemlich wichtige Angele-
947 1202 2936 1360 genheit ist, die mich veranlasst zu Dir
947 1355 2926 1537 zu kommen. Eine Ange le genle it, die eine
950 1510 3013 1708 rasche Entscheidung verlangt. Prinz Kon-
945 1679 2839 1852 stantin ist ziemlich schwer erkrankt
945 1847 2297 2002 und hat mi h rufen lassen.
937 1981 2989 2134 Flint: Und was habe ich in der Sache zu
937 2147 1171 2289 tun?
934 2258 3050 2439 Bemh rdi: Du fragst? Ich will mich nicht
939 2439 2915 2610 eines neuen vergehens schuldig machen.
926 2587 1634 2763 Flint: Wieso?
937 2652 3013 2923 Bemhardi: Nun der Kupfuscherei.Ich habe
934 2889 2939 3065 nicht mehr das Recht ärztlichen Rat zu
939 3058 2989 3239 erteilen und überbringe hier persönlich
924 3202 2976 3402 mein Gesuch um Nachsicht der Rechtsfol-
934 3344 3005 3557 gen meiner Strafe.Auch bitte ich um tun-
939 3484 2963 3713 lichste Beschleunigung,um für dem Fall,
