3368 4136
2587 344 2845 530 23 st
1022 566 1407 731 häuser!
1020 717 2902 881 Flint: Jetzt solltest Du nicht spot¬
1037 843 2852 1018 ten,Bemhardi. Mir ist es nicht ge-
1044 994 2890 1192 geben solche Dinge leicht zu nehmen.
1034 1168 2957 1393 Bernhardi: Und jetzt sag einmal Flint.
1037 1302 2709 1491 Nach all dem was Du nun sprichst
1041 1498 2802 1653 müsste ich ja beinahe den Eindruck
1049 1627 2941 1794 haben, dass Du in der ganzen Sache auf
1044 1770 2100 1947 me Øner Seite stehst.
1061 1892 2728 2136 Flint : Da gehört wohl nicht viel
2026 2033 2329 2140 x &c
1068 2095 2826 2238 Scharfblick dazu. Anfangs war ichs
1058 2236 2881 2422 nicht vollkommen. Aber die ser Eben-
1070 2362 2895 2556 wald-Handel, der rückt doch alles in
1075 2518 2895 2699 eine ganz andere Beleuchtung. - Jetzt
1075 2644 2895 2838 ist nur noch eine Gefahr, dass Eben-
1082 2788 2919 3036 wald die ganze Sache einfach ableug-
1084 3003 1304 3170 net.
1593 3084 2090 3215 Also - id lo
1080 3089 2952 3318 Bernhardi: Welcher Mensch wird glau-
1096 3282 2630 3483 ben, dass boh so etwas erfinde,
1094 3433 2821 3607 Flint: Na glauben wirds natürlich
1099 3607 2926 3851 niem nd, aber Viele werden tun, als
