3448 4120
2732 298 2925 465 256
999 487 2879 700 überhaupt keinen Grund a/gab,sondern
1001 628 2775 797 alles Weitere nur in Gegenwart der
1449 751 2121 873 ronses, et ligne
1011 826 2892 950 von ihm verfangten Zeulen vorbringen
1655 848 3100 1003 do sen nulian abgelehnt uud.
1001 950 2906 1154 wollte. Und von diesen Augenblick an
1001 1086 2845 1246 verweigerte er jede Antwort und ver.
1006 1265 2838 1391 zichtete auf jede Fragestellung wie
1013 1396 2797 1554 ein schmollendes Kind. Wenn du das
1020 1571 2029 1743 vernünftig findes###
1023 1735 2850 1929 Pflugfelder: Er hatte Recht. Da die
1030 1818 2550 2043 Verurteilung schon fe.tstand,
1049 2021 2998 2244 Cyprian: Davon bin ich nicht überzeugt
