3448 4136
2573 369 2754 508 131
1172 525 2903 752 trauen 6 Jaja.Du denkst wetl das Genæ
962 671 2927 913 irgendote mit dem Religtösen zusammenhängt
259 801 920 1023 Ist hir ein overled
1194 828 2898 1045 oder mit dem Konfessione Ilen, dass da
344 962 893 1133 par une di-
1211 994 2881 1196 in mir gewisse Atavtsmen auftauchon.
259 1125 762 1311 liche General.
1174 1130 2995 1392 (Mit diesem lächerlichen Miss trauen sag
1670 1235 2693 1411 habt Ihr mich uns wieder
1233 1267 2920 1489 Ich Dir,werdet Ihr Euch noch manches
1240 1399 3066 1665 verscheuchen. Wie soll man sich bei Euch
1243 1536 3176 1799 wohl fühlen, wenn sofort bei einer solchen
1265 1706 3093 1936 Gelegenheit + Ich erkläre Dtr, es gehört
1267 1868 3010 2099 heuteutage ein grösserer Mut dazu für
1284 1997 3025 2248 unsereinen sich taufen zu lassen, sich
1291 2109 3203 2439 als Christ und als Deutscher zu bekennen.
1262 2300 3142 2571 als zu bleiben was man gewesen ist,ventg¬
1313 2458 3279 2707 stens durch Abstammung,vofür man je nichts
1326 2610 3113 2890 kann.Du hast Dir Deine Eltern so wenig
1662 2663 1902 2776 it het
681 2773 1182 2947 meine Ahrer.
1343 2756 3032 3044 ausg'sucht wie ich und ich nehme mir
1352 2937 3188 3193 das Recht heraus den Platz zu wählen, wo
1370 3074 3149 3332 ich stehen nicht 11) Ich sag Dir, ich hätt’s
1365 3215 3176 3471 leichter, wenn ich Zionist geworden wär.
681 3171 801 3410 No
1150 3420 3078 3664 Ebenn.: Ja, da kannst Du schon recht haben
1399 3528 3105 3733 eine Professur in Jerusalem vär' Dir
