3384 4120
2429 305 2610 493 234
1134 473 2876 667 unter Ihren Freunden aussprechen,ver¬
1147 646 2806 814 ehrter Herr Professor, denn für mich
1155 796 2894 984 bleiben Sie es unter allen Umständen.
1150 943 2628 1114 wenn es auch anders ausgefallen
1165 1119 2868 1258 ist als wir es bis zu einem gewissen
835 1263 2912 1421 Zeitpunkt gehofft haben, für mich wird dieser
1170 1416 2814 1594 Tag eine stolze Erinnerung bleiben.
1434 1519 2095 1628 worin auch nicht
845 1576 2832 1760 Bernhardt: Mit Recht, Herr Doktor' Sie haben
1181 1747 2225 1902 getan-was Sie konnten.
850 1873 2793 2028 Goldenthal: Nur me###e Pflicht, lieber Herr
1186 2033 2842 2191 Pro fessor- und nicht das würde mich
444 2126 1080 2390 Ceuf de lieue
1204 2176 2948 2362 stolz machen. Aber me tne Herren,wissen
1093 2354 2850 2501 Sie was wir heute mitgemacht haben:
1199 2480 2873 2646 Ein Vorpostengefecht in dem grossen
1207 2646 3046 2801 Kampf, der eben w täer ausbricht zwischen
1217 2816 2943 2920 Licht und Dunkelheit, zu tschen Wissen¬
1225 2940 2889 3101 schaft und Kirche. Und wenn wir auch
1235 3067 2883 3268 diesmal nicht den Sieg erfochten, es
1227 3250 2692 3390 war eine ehrenvolle Niederlage.
899 3387 2922 3560 Pflugf.: Besonders für die,die nicht einge¬
