3512 4232
2503 433 2673 643 162
1217 571 3125 789 Also, Herr Dr. Feuerstein ist unter Ankla¬
1244 744 3123 981 ge gestellt und ich bin als Sachverstän¬
1244 930 3157 1121 diger vorgeladen. Nun, me tne Herren,schen
654 912 1153 1100 hat kere m.r.
311 1068 1124 1217 in Blatt verkehrt.
1236 1071 3088 1284 Sie, auf welche Weise auf dem Land Stim¬
335 1167 1066 1305 dans ce de That.
1244 1260 3014 1416 mung gemacht wird. Nicht nur gegen den
338 1257 1172 1499 Embliche geichst
1244 1371 3011 1608 Angeklagten, sondern sogar sohon gegen
1254 1520 3011 1735 den Sachverständigen, Bitte, lesen Sie.
1005 1711 3032 1903 Adler(liest) „Unsere christlichen Frauen von
1257 1850 3133 2030 ungeschickten jüdischen Aerzten ins Jen¬
1262 1996 3125 2195 setts befördert,die ungenügend ausgebil.
1252 2176 2976 2352 det, von Habsucht getrieben, aufs Land
1262 2301 2865 2490 hinaus kommen, um s ich ihre Opfer -
1015 2477 3067 2663 Pflug f. :Na, sehen Sie, me tne Herren, fehlt nur
1260 2607 3120 2820 noch, dass es als Ritualmord hingestellt
1254 2798 1525 2987 wird.
1023 2828 2737 3085 Ebenw.:Davon steht doch nichts drin.
1034 3069 3168 3266 Filitz:Das ist auch wieder eine andere Frage.
1257 3234 3075 3356 Es handelt sich hier darum - (er unter¬
1879 3356 3123 3569 Lieber Dr. Feuerstein, gehen
1276 3396 1834 3537 bricht sich,
1265 3476 2947 3731 Sie ruhtg nach Hause. Ihnen soll Ihr
1892 3670 3104 3899 Ich habe Ihren Fall genau
1257 3702 1868 3901 Recht werden
