3400 4136
2690 431 2878 596 185
981 564 2942 761 nen sie, wie die Schwester bezeugt hat,
978 717 2868 889 dringend verlangte, teilhaftig gewor-
971 902 2870 1069 den zu sein. Indem wir diesen Vorfall
976 1037 2814 1242 der Regierung zur Kenntnis bringen,
973 1185 2937 1367 richten wir an die Regierung,insbeson
988 1367 2730 1505 dere an Seine Exzellenz den Herrn
976 1518 2762 1670 Minister für Kultus und Unterricht
976 1693 2910 1833 die Frage, was er vorzukehren gedenkt,
973 1823 2661 1969 um den durch diesen Vorfall aufs
973 2001 2954 2146 Schwerste verletzten religiösen Gefühl
986 2116 2865 2299 len der christlichen Bevölkerung Ge-
973 2244 2910 2437 nugtuung zu verschaffen,ferner welche
986 2437 2912 2584 Massnahmen Seine Exzellenz zu ergrei-
976 2570 2924 2730 fen gedenkt,um der Wiederholung solch
976 2703 2821 2860 empörender Vorfälle vorzubeugen und
986 2863 2956 3045 ob es Seiner Exzellenz mit Hinblick af
981 3003 2769 3213 auf diesen Vorfall nicht angezeigt
988 3186 2774 3341 erscheint künftighin bei Besetzung
988 3338 2920 3540 öffentlicher Stellen ein für alle Mal
990 3489 2767 3651 von Persönlichkeiten abzusehen, die
986 3629 2954 3848 durch Abstammung,Erziehung und Charak-
