<?xml version="1.0" encoding="UTF-8" standalone="yes"?>
<PcGts xmlns="http://schema.primaresearch.org/PAGE/gts/pagecontent/2013-07-15" xmlns:xsi="http://www.w3.org/2001/XMLSchema-instance" xsi:schemaLocation="http://schema.primaresearch.org/PAGE/gts/pagecontent/2013-07-15 http://schema.primaresearch.org/PAGE/gts/pagecontent/2013-07-15/pagecontent.xsd">
    <Metadata>
        <Creator>prov=READ-COOP:name=TrHtr:version=2.1.0:model_id=51170:date=30_07_2023_11:45</Creator>
        <Created>2023-05-10T13:39:45.900+02:00</Created>
        <LastChange>2023-07-30T11:45:46.724+02:00</LastChange>
        <TranskribusMetadata docId="1428586" pageId="55414896" pageNr="260" tsid="131501710" status="IN_PROGRESS" userId="64420" imgUrl="https://files.transkribus.eu/Get?id=PPZOPAEHYTTMOWIUBTYHOOIQ&amp;fileType=view" xmlUrl="https://files.transkribus.eu/Get?id=FYPFNJSBXXAXDINTVTLWZQYA" imageId="44689030"/>
    </Metadata>
    <Page imageFilename="1428586_0260.jpg" imageWidth="3432" imageHeight="4136">
        <ReadingOrder>
            <OrderedGroup id="ro_1711790955414" caption="Regions reading order">
                <RegionRefIndexed index="0" regionRef="tr_2"/>
                <RegionRefIndexed index="1" regionRef="tr_1"/>
            </OrderedGroup>
        </ReadingOrder>
        <TextRegion id="tr_2" custom="readingOrder {index:0;}">
            <Coords points="999,397 3040,397 3040,1600 999,1600"/>
            <TextLine id="tr_2_tl_1" custom="readingOrder {index:0;}">
                <Coords points="2752,501 2781,503 2801,488 2829,503 2891,470 2901,480 2930,475 2932,352 2912,354 2886,336 2873,344 2855,336 2824,357 2788,347 2755,354"/>
                <Baseline points="2766,450 2811,450 2855,450 2900,447 2933,450"/>
                <TextEquiv>
                    <Unicode>231</Unicode>
                </TextEquiv>
            </TextLine>
            <TextLine id="tr_2_tl_2" custom="readingOrder {index:1;}">
                <Coords points="986,701 2891,655 2991,637 2994,537 2647,496 2498,547 2411,493 2270,552 991,567"/>
                <Baseline points="999,680 1026,680 1071,680 1116,677 1160,677 1205,674 1250,674 1295,671 1339,668 1384,665 1429,665 1474,665 1518,659 1563,656 1608,653 1653,656 1697,653 1742,650 1787,650 1832,647 1877,644 1921,641 1966,641 2011,638 2056,638 2100,635 2145,632 2190,635 2235,632 2279,629 2324,629 2369,626 2414,623 2458,620 2503,617 2548,617 2593,617 2637,614 2682,611 2727,611 2772,608 2817,608 2861,605 2906,602 2951,599 2996,599"/>
                <TextEquiv>
                    <Unicode>mer Feinde gehabt und es hat noch heu-</Unicode>
                </TextEquiv>
            </TextLine>
            <TextLine id="tr_2_tl_3" custom="readingOrder {index:2;}">
                <Coords points="996,855 2182,786 2652,832 3014,791 3019,673 1001,721"/>
                <Baseline points="1011,829 1053,832 1098,829 1142,832 1187,829 1232,826 1277,826 1321,823 1366,823 1411,820 1456,817 1501,814 1545,811 1590,811 1635,808 1680,805 1724,802 1769,802 1814,799 1859,799 1903,796 1948,793 1993,793 2038,790 2082,787 2127,787 2172,787 2217,784 2261,781 2306,781 2351,781 2396,778 2441,775 2485,772 2530,769 2575,769 2620,766 2664,763 2709,760 2754,760 2799,757 2843,757 2888,754 2933,752 2978,749 3022,749"/>
                <TextEquiv>
                    <Unicode>te mehr als manche von ihnen ahnen. Dem</Unicode>
                </TextEquiv>
            </TextLine>
            <TextLine id="tr_2_tl_4" custom="readingOrder {index:3;}">
                <Coords points="994,1006 2986,958 2989,847 999,891"/>
                <Baseline points="1011,978 1026,981 1071,981 1116,981 1160,981 1205,978 1250,975 1295,975 1339,975 1384,975 1429,972 1474,966 1518,963 1563,963 1608,963 1653,960 1697,957 1742,957 1787,954 1832,951 1877,951 1921,948 1966,945 2011,945 2056,942 2100,940 2145,934 2190,934 2235,934 2279,934 2324,934 2369,931 2414,931 2458,928 2503,925 2548,925 2593,922 2637,919 2682,919 2727,916 2772,913 2817,910 2861,910 2906,907 2951,907 2996,904"/>
                <TextEquiv>
                    <Unicode>es gibt ja noch immer einige unter Ih-</Unicode>
                </TextEquiv>
            </TextLine>
            <TextLine id="tr_2_tl_5" custom="readingOrder {index:4;}">
                <Coords points="994,1171 2313,1091 2696,1132 2799,1107 2804,986 2603,945 2365,1027 1918,1035 1761,988 1222,1068 1001,1022"/>
                <Baseline points="1011,1136 1017,1136 1062,1133 1107,1133 1151,1133 1196,1133 1241,1130 1286,1128 1330,1125 1375,1122 1420,1122 1465,1119 1509,1116 1554,1113 1599,1113 1644,1110 1689,1110 1733,1110 1778,1110 1823,1113 1868,1113 1912,1110 1957,1104 2002,1098 2047,1095 2091,1092 2136,1092 2181,1086 2226,1083 2270,1083 2315,1083 2360,1080 2405,1080 2449,1077 2494,1077 2539,1074 2584,1074 2629,1071 2673,1068 2718,1068 2763,1065 2808,1065"/>
                <TextEquiv>
                    <Unicode>nen, meine Herren, die mit Zeit-und</Unicode>
                </TextEquiv>
            </TextLine>
            <TextLine id="tr_2_tl_6" custom="readingOrder {index:5;}">
                <Coords points="1006,1307 3001,1248 3027,1132 1012,1168"/>
                <Baseline points="1020,1280 1062,1283 1107,1283 1151,1283 1196,1280 1241,1280 1286,1277 1330,1277 1375,1274 1420,1271 1465,1271 1509,1268 1554,1268 1599,1265 1644,1262 1689,1259 1733,1259 1778,1259 1823,1259 1868,1256 1912,1256 1957,1256 2002,1250 2047,1250 2091,1250 2136,1244 2181,1241 2226,1241 2270,1238 2315,1235 2360,1235 2405,1232 2449,1229 2494,1229 2539,1226 2584,1226 2629,1223 2673,1223 2718,1220 2763,1217 2808,1214 2852,1214 2897,1211 2942,1208 2987,1211 3031,1205"/>
                <TextEquiv>
                    <Unicode>Volksströmungen nicht zu rechen wissen</Unicode>
                </TextEquiv>
            </TextLine>
            <TextLine id="tr_2_tl_7" custom="readingOrder {index:6;}">
                <Coords points="1227,1379 1240,1379 1263,1366 1284,1371 1338,1356 1379,1361 1381,1286 1356,1284 1348,1276 1320,1302 1307,1294 1284,1307 1261,1291 1230,1289"/>
                <Baseline points="1241,1351 1250,1351 1295,1351 1339,1348 1384,1348"/>
                <TextEquiv>
                    <Unicode>bei</Unicode>
                </TextEquiv>
            </TextLine>
            <TextLine id="tr_2_tl_8" custom="readingOrder {index:7;}">
                <Coords points="1009,1438 3037,1397 3040,1302 1009,1381"/>
                <Baseline points="1023,1438 1026,1438 1071,1438 1116,1438 1160,1435 1205,1435 1250,1432 1295,1429 1339,1426 1384,1426 1429,1423 1474,1417 1518,1417 1563,1417 1608,1414 1653,1414 1697,1411 1742,1411 1787,1408 1832,1405 1877,1405 1921,1402 1966,1402 2011,1399 2056,1399 2100,1396 2145,1393 2190,1393 2235,1390 2279,1387 2324,1384 2369,1384 2414,1381 2458,1381 2503,1378 2548,1378 2593,1375 2637,1372 2682,1369 2727,1369 2772,1369 2817,1369 2861,1366 2906,1363 2951,1360 2996,1360 3040,1369"/>
                <TextEquiv>
                    <Unicode>und mit öffentlichen Anstalten muss man</Unicode>
                </TextEquiv>
            </TextLine>
            <TextLine id="tr_2_tl_9" custom="readingOrder {index:8;}">
                <Coords points="1012,1623 2588,1535 2824,1576 2968,1533 2971,1456 2860,1412 2406,1492 1017,1497"/>
                <Baseline points="1026,1587 1050,1590 1095,1590 1139,1587 1184,1584 1229,1584 1274,1581 1318,1578 1363,1578 1408,1575 1453,1572 1498,1572 1542,1569 1587,1569 1632,1569 1677,1566 1721,1569 1766,1563 1811,1560 1856,1560 1900,1560 1945,1554 1990,1551 2035,1548 2079,1548 2124,1545 2169,1542 2214,1542 2258,1542 2303,1539 2348,1539 2393,1536 2438,1533 2482,1530 2527,1527 2572,1527 2617,1524 2661,1524 2706,1524 2751,1524 2796,1518 2840,1518 2885,1518 2930,1518 2975,1518"/>
                <TextEquiv>
                    <Unicode>damit rechnen,ob man diese Strömungen</Unicode>
                </TextEquiv>
            </TextLine>
        </TextRegion>
        <TextRegion id="tr_1" custom="readingOrder {index:1;}">
            <Coords points="1032,1612 3121,1612 3121,3743 1032,3743"/>
            <TextLine id="tr_1_tl_1" custom="readingOrder {index:0;}">
                <Coords points="1024,1754 2819,1702 2914,1679 2917,1582 2080,1643 1733,1602 1515,1674 1030,1643"/>
                <Baseline points="1038,1739 1083,1739 1128,1736 1172,1739 1217,1736 1262,1733 1307,1733 1351,1730 1396,1727 1441,1727 1486,1727 1530,1727 1576,1720 1576,1720 1620,1718 1665,1718 1709,1718 1754,1715 1799,1715 1844,1712 1888,1712 1933,1709 1978,1706 2023,1703 2068,1703 2112,1700 2157,1697 2202,1694 2247,1692 2291,1692 2336,1692 2381,1692 2426,1689 2470,1686 2515,1686 2560,1683 2605,1680 2649,1680 2694,1677 2739,1677 2784,1671 2828,1671 2873,1668 2918,1662"/>
                <TextEquiv>
                    <Unicode>von einem philosophischen Standpunkt</Unicode>
                </TextEquiv>
            </TextLine>
            <TextLine id="tr_1_tl_2" custom="readingOrder {index:1;}">
                <Coords points="1017,1913 2814,1872 2968,1851 2973,1710 1019,1825"/>
                <Baseline points="1032,1894 1050,1894 1095,1894 1139,1891 1184,1888 1229,1888 1274,1882 1318,1882 1363,1882 1408,1880 1453,1874 1498,1874 1542,1874 1587,1874 1632,1871 1677,1871 1721,1868 1766,1865 1811,1865 1856,1865 1900,1862 1945,1859 1990,1859 2035,1856 2079,1856 2124,1853 2169,1850 2214,1850 2258,1847 2303,1841 2348,1844 2393,1841 2438,1838 2482,1838 2527,1835 2572,1835 2617,1832 2661,1829 2706,1829 2751,1829 2796,1823 2840,1823 2885,1820 2930,1817 2975,1817"/>
                <TextEquiv>
                    <Unicode>aus für berechtigt hält oder nicht. Es</Unicode>
                </TextEquiv>
            </TextLine>
            <TextLine id="tr_1_tl_3" custom="readingOrder {index:2;}">
                <Coords points="1030,2057 3014,2000 3089,1974 3094,1872 1032,1982"/>
                <Baseline points="1044,2056 1083,2053 1128,2047 1172,2047 1217,2044 1262,2044 1307,2038 1351,2035 1396,2032 1441,2032 1486,2029 1530,2026 1575,2023 1620,2023 1665,2023 1709,2017 1754,2017 1799,2017 1844,2020 1888,2017 1933,2014 1978,2014 2023,2011 2068,2008 2112,2008 2157,2005 2202,1999 2247,1999 2291,1996 2336,1993 2381,1993 2426,1990 2470,1990 2515,1990 2560,1990 2605,1987 2649,1984 2694,1981 2739,1981 2784,1978 2828,1978 2873,1972 2918,1969 2963,1969 3008,1966 3052,1960 3097,1948"/>
                <TextEquiv>
                    <Unicode>gibt halt viele Leub,die es nicht rich-</Unicode>
                </TextEquiv>
            </TextLine>
            <TextLine id="tr_1_tl_4" custom="readingOrder {index:3;}">
                <Coords points="1030,2229 2781,2170 2978,2141 2983,2039 1243,2131 1037,2080"/>
                <Baseline points="1047,2199 1062,2196 1107,2199 1151,2199 1196,2196 1241,2193 1286,2190 1330,2190 1375,2184 1420,2184 1465,2181 1509,2181 1554,2181 1599,2181 1644,2178 1689,2175 1733,2172 1778,2169 1823,2169 1868,2166 1912,2166 1957,2160 2002,2160 2047,2157 2091,2160 2136,2157 2181,2157 2226,2154 2270,2151 2315,2148 2360,2145 2405,2145 2449,2142 2494,2139 2539,2139 2584,2139 2629,2139 2673,2139 2718,2136 2763,2133 2808,2130 2852,2127 2897,2121 2942,2121 2987,2121"/>
                <TextEquiv>
                    <Unicode>tig finden, dass in einem Institut,wo</Unicode>
                </TextEquiv>
            </TextLine>
            <TextLine id="tr_1_tl_5" custom="readingOrder {index:4;}">
                <Coords points="1035,2385 2603,2295 2870,2336 2981,2318 2983,2195 1037,2293"/>
                <Baseline points="1050,2351 1062,2348 1107,2348 1151,2348 1196,2345 1241,2345 1286,2342 1330,2339 1375,2339 1420,2336 1465,2336 1509,2333 1554,2333 1599,2330 1644,2330 1689,2327 1733,2324 1778,2327 1823,2324 1868,2321 1912,2318 1957,2315 2002,2315 2047,2315 2091,2315 2136,2312 2181,2309 2226,2306 2270,2303 2315,2303 2360,2303 2405,2300 2449,2297 2494,2294 2539,2294 2584,2291 2629,2288 2673,2285 2718,2285 2763,2285 2808,2282 2852,2282 2897,2279 2942,2276 2987,2276"/>
                <TextEquiv>
                    <Unicode>ein Prinz Kurator ist,und ein Bischof</Unicode>
                </TextEquiv>
            </TextLine>
            <TextLine id="tr_1_tl_6" custom="readingOrder {index:5;}">
                <Coords points="1040,2547 2909,2467 2947,2339 1551,2378 1397,2460 1045,2431"/>
                <Baseline points="1056,2500 1068,2506 1113,2503 1157,2503 1202,2497 1247,2497 1292,2494 1336,2494 1381,2494 1426,2491 1471,2488 1515,2485 1560,2485 1605,2485 1650,2482 1694,2479 1739,2479 1784,2476 1829,2473 1874,2473 1918,2470 1963,2470 2008,2467 2053,2464 2097,2464 2142,2461 2187,2458 2232,2458 2276,2455 2321,2452 2366,2449 2411,2449 2455,2446 2500,2444 2545,2446 2590,2444 2634,2441 2679,2438 2724,2435 2769,2435 2814,2432 2858,2432 2903,2429 2948,2429"/>
                <TextEquiv>
                    <Unicode>und wo statistisch 85% der patienten</Unicode>
                </TextEquiv>
            </TextLine>
            <TextLine id="tr_1_tl_7" custom="readingOrder {index:6;}">
                <Coords points="1040,2683 3004,2627 3055,2521 2508,2485 1266,2596 1045,2547"/>
                <Baseline points="1053,2655 1089,2655 1133,2652 1178,2652 1223,2652 1268,2649 1313,2646 1357,2646 1402,2643 1447,2643 1492,2640 1536,2640 1581,2637 1626,2634 1671,2634 1715,2634 1760,2632 1805,2629 1850,2626 1894,2626 1939,2623 1984,2620 2029,2617 2073,2617 2118,2614 2163,2611 2208,2614 2253,2611 2297,2611 2342,2608 2387,2605 2432,2602 2476,2602 2521,2599 2566,2596 2611,2596 2655,2593 2700,2593 2745,2590 2790,2587 2834,2587 2879,2584 2924,2584 2969,2581 3013,2578 3058,2575"/>
                <TextEquiv>
                    <Unicode>Katholiken sind die behandelnden Aerzte</Unicode>
                </TextEquiv>
            </TextLine>
            <TextLine id="tr_1_tl_8" custom="readingOrder {index:7;}">
                <Coords points="1045,2858 2932,2775 3055,2747 3058,2660 2408,2637 2139,2719 1769,2670 1048,2760"/>
                <Baseline points="1059,2817 1092,2811 1136,2811 1181,2811 1226,2808 1271,2805 1316,2802 1360,2802 1405,2799 1450,2796 1495,2793 1539,2790 1584,2790 1629,2790 1674,2784 1718,2784 1763,2784 1808,2784 1853,2781 1897,2781 1942,2778 1987,2778 2032,2775 2076,2775 2121,2772 2166,2769 2211,2766 2256,2766 2300,2766 2345,2763 2390,2760 2435,2757 2479,2754 2524,2754 2569,2754 2614,2751 2658,2748 2703,2745 2748,2745 2793,2742 2837,2742 2882,2742 2927,2736 2972,2736 3016,2733 3061,2736"/>
                <TextEquiv>
                    <Unicode>zur überwiegenden Anzahl einer anderen</Unicode>
                </TextEquiv>
            </TextLine>
            <TextLine id="tr_1_tl_9" custom="readingOrder {index:8;}">
                <Coords points="1048,3014 1556,2955 1959,2999 2049,2940 2686,2901 2847,2940 2914,2850 1962,2806 1443,2891 1053,2865"/>
                <Baseline points="1065,2963 1083,2963 1128,2963 1172,2960 1217,2960 1262,2957 1307,2954 1351,2954 1396,2951 1441,2948 1486,2948 1530,2945 1575,2945 1620,2945 1665,2945 1709,2942 1754,2942 1799,2939 1844,2936 1888,2936 1933,2933 1978,2930 2023,2930 2068,2927 2112,2927 2157,2927 2202,2927 2247,2924 2291,2921 2336,2918 2381,2915 2426,2915 2470,2912 2515,2909 2560,2906 2605,2906 2649,2903 2694,2903 2739,2897 2784,2897 2828,2894 2873,2891 2918,2891"/>
                <TextEquiv>
                    <Unicode>Konfession zugehören. Das macht nun</Unicode>
                </TextEquiv>
            </TextLine>
            <TextLine id="tr_1_tl_10" custom="readingOrder {index:9;}">
                <Coords points="1066,3143 2601,3055 3045,3091 3048,3001 1463,2963 1071,3022"/>
                <Baseline points="1083,3115 1125,3115 1169,3115 1214,3112 1259,3112 1304,3109 1348,3109 1393,3106 1438,3103 1483,3100 1527,3100 1572,3097 1617,3097 1662,3094 1706,3094 1751,3094 1796,3088 1841,3088 1885,3088 1930,3085 1975,3085 2020,3082 2065,3082 2109,3082 2154,3079 2199,3073 2244,3070 2288,3070 2333,3070 2378,3067 2423,3067 2467,3064 2512,3061 2557,3058 2602,3055 2646,3055 2691,3052 2736,3049 2781,3049 2825,3049 2870,3046 2915,3046 2960,3046 3005,3046 3049,3046"/>
                <TextEquiv>
                    <Unicode>einmal böses Blut in gewissen Kreisen.</Unicode>
                </TextEquiv>
            </TextLine>
            <TextLine id="tr_1_tl_11" custom="readingOrder {index:10;}">
                <Coords points="1068,3299 1669,3317 1962,3240 2437,3284 3066,3215 3068,3107 1073,3150"/>
                <Baseline points="1083,3273 1104,3273 1148,3270 1193,3267 1238,3264 1283,3261 1327,3261 1372,3258 1417,3258 1462,3255 1506,3255 1551,3252 1596,3252 1641,3252 1686,3252 1730,3246 1775,3243 1820,3243 1865,3240 1909,3237 1954,3234 1999,3234 2044,3234 2088,3231 2133,3231 2178,3231 2223,3231 2267,3228 2312,3225 2357,3225 2402,3222 2446,3219 2491,3216 2536,3213 2581,3210 2626,3210 2670,3207 2715,3207 2760,3204 2805,3204 2849,3201 2894,3198 2939,3198 2984,3196 3028,3196 3073,3193"/>
                <TextEquiv>
                    <Unicode>Löwenstein: Aber das Geld, das wir krie</Unicode>
                </TextEquiv>
            </TextLine>
            <TextLine id="tr_1_tl_12" custom="readingOrder {index:11;}">
                <Coords points="1086,3453 2673,3361 2973,3433 3022,3261 1343,3345 1094,3304"/>
                <Baseline points="1104,3422 1145,3422 1190,3422 1235,3422 1280,3422 1324,3419 1369,3416 1414,3413 1459,3410 1504,3407 1548,3410 1593,3407 1638,3407 1683,3404 1727,3404 1772,3401 1817,3398 1862,3395 1906,3392 1951,3389 1996,3389 2041,3386 2085,3386 2130,3386 2175,3384 2220,3384 2264,3381 2309,3381 2354,3378 2399,3378 2444,3372 2488,3369 2533,3369 2578,3366 2623,3363 2667,3363 2712,3360 2757,3357 2802,3357 2846,3357 2891,3354 2936,3354 2981,3351 3025,3351"/>
                <TextEquiv>
                    <Unicode>gen, stammt zu 80% auch von der andern</Unicode>
                </TextEquiv>
            </TextLine>
            <TextLine id="tr_1_tl_13" custom="readingOrder {index:12;}">
                <Coords points="1066,3589 1099,3610 1140,3594 1176,3620 1230,3587 1266,3610 1322,3584 1661,3589 1664,3466 1566,3435 1510,3469 1309,3438 1068,3512"/>
                <Baseline points="1080,3580 1086,3580 1130,3577 1175,3574 1220,3574 1265,3574 1310,3572 1354,3572 1399,3569 1444,3566 1489,3566 1533,3566 1578,3563 1623,3566 1668,3566"/>
                <TextEquiv>
                    <Unicode>Konfession.</Unicode>
                </TextEquiv>
            </TextLine>
            <TextLine id="tr_1_tl_14" custom="readingOrder {index:13;}">
                <Coords points="1078,3787 3055,3679 3117,3587 2203,3625 1946,3541 1576,3638 1428,3589 1086,3638"/>
                <Baseline points="1095,3730 1107,3733 1151,3733 1196,3730 1241,3730 1286,3727 1330,3727 1375,3724 1420,3721 1465,3721 1509,3721 1554,3718 1599,3715 1644,3715 1689,3712 1733,3712 1778,3709 1823,3709 1868,3706 1912,3700 1957,3703 2002,3697 2047,3694 2091,3694 2136,3691 2181,3691 2226,3688 2270,3685 2315,3685 2360,3685 2405,3682 2449,3682 2494,3682 2539,3676 2584,3676 2629,3673 2673,3670 2718,3670 2763,3667 2808,3664 2852,3664 2897,3661 2942,3661 2987,3658 3031,3658 3076,3655 3121,3655"/>
                <TextEquiv>
                    <Unicode>Ebenwald: Das ist Nebensache, die Patien</Unicode>
                </TextEquiv>
            </TextLine>
        </TextRegion>
    </Page>
</PcGts>
