3432 4120
2738 344 2937 489 232
1007 502 2884 690 ten sind die Hauptsache.-Also,da hat
1001 622 2987 828 sich's neulich darum gehandelt,wie Sie
1019 778 3017 971 wissen,wer die Abteilung vom Herrn Pro-
1007 969 2881 1142 fessor Tugendvetter kriegen soll. Der
1017 1119 2892 1280 Professor Hell aus Graz oder der Do¬
1022 1245 2999 1463 zent Wenger. Ich darf wohl davon spre-
1037 1393 3027 1594 chen trotz der Anwesenheit unseres ver¬
1024 1579 3027 1717 ehrten Kollegen, der es ja selber weiss.
1022 1714 2907 1875 Der Hell ist ein tüchtiger Praktiker
1039 1895 2796 2026 vor allem, unser Kollega Wenger hat
1029 2031 3047 2174 hauptsächlich auf theoretischem Gebiete
1037 2166 3047 2354 gearbeitet,so viel Praxis wie der Hell
1034 2354 3015 2507 hat er natürlich noch nicht haben kön-
1039 2452 2972 2633 nen; wird auch schon kommen. Also, jetzt
1044 2641 2927 2776 stellen Sie sich vor, meine Herren, es
1039 2758 2751 2957 kommt ein guter Freund zu einem
1057 2919 2294 3090 Cyprian: Oder ein Vetter
1052 3015 2932 3276 Ebenwald: Kann auch ein Vetter sein,
1057 3193 2974 3424 und sagt einem:Du, das wird auffallen,
1057 3351 3060 3552 dass Ihr ins Elisabethinum schon wieder
1064 3547 3047 3740 einen Juden wählt, besonders jetzt nach
