3464 4168
2580 361 2765 498 251
994 496 2792 734 sor, Sie sind Arzt und niemand kann
1000 676 2837 872 Sie am Ende daran hindern Leidenden
1015 867 2672 1010 Ihre Hilfe angedeihen zu lassen.
1013 1013 2670 1182 Bernhardi: Oh, man kann,man kann.
1021 1161 2898 1384 Pfarrer: Man kann vhnen ja nicht Ihr
1026 1299 2718 1493 Wissen nehmen. Bin ich aber kein
1026 1440 2877 1638 Priester mehr, so ist es auch mit je
1434 1604 1564 1689 all
1037 1570 3044 1760 der Möglichkeit meines Wirkens zu Ende.
1249 1752 1641 1864 wenn ich
1042 1747 2853 1938 Ich bin aus der Gemeinschaft ausge-
1047 1933 2964 2102 stossen und der ganze Sinn meines Da-
517 2041 777 2203 be-
1665 2060 3235 2267 Cs sont médé cesche.. deux dou
1066 2100 2137 2246 seins ist aufgehoben.
1058 2187 3192 2421 Bernhardi: Und zu denken, dass Tau- de
400 2232 758 2383 semein
3022 2267 3179 2354 1 i
3099 2336 3242 2436 ich
483 2338 758 2460 Aus
1066 2362 3028 2574 sende schon im gleichen Falle wa¬
3036 2421 3211 2606 beza
451 2439 742 2598 tried
1066 2532 3078 2723 ren wie Sie, dass Tau sende in irgend ei
1071 2704 3020 2863 nem Einzelfall daran waren sich inner.
1084 2829 2964 3004 lich aufzulehnen und dass sie es aus
1087 2975 3152 3184 gleichen nichtigen Bedenken wie Sie wie-
1092 3128 3030 3330 der unterlassen haben.Dass vielleicht
1095 3311 2980 3508 heute Tausende herumgehen,die es füh-
1103 3417 3091 3635 len, die es wissen, dass nicht sie Recht
1103 3590 3182 3781 haben, sondern wir und dass sie sch weigen
