3400 4136
2744 435 2931 575 183
1026 580 1226 743 Die
1258 548 1933 763 Andern: puhe!
1023 718 2881 905 Pilitz: (liest weiter) „Herr Profes-
1006 873 2964 1066 sor Bernhardi, als Angehöriger der mo-
1003 1013 2904 1191 saischen Konfession, wurde von Seiner
1011 1196 2866 1376 Hochwürden dahin belehrt,dass er in
1003 1323 2864 1528 Erfüllung einer heiligen Pflicht er.
1016 1523 2906 1678 schienen sei, die in diesem Fall umso
1008 1671 2944 1791 dringender geboten war, als die Kranke
988 1826 2939 1963 an den selbstverschuldeten Folgen ei-
990 1958 2896 2111 nes verbrecherischen Eingriffes
983 2111 2954 2246 darniederlag,worauf Professor Bernhar-
985 2284 2999 2406 di in höhnischer Weise seine Hausherm-
975 2416 2729 2569 rechte in den natürlich vom Gelde
988 2576 2939 2724 edler Spender erbauten und erhaltenen
983 2726 2884 2874 Räumen betonte. Als Seine Hochwürden
968 2871 2811 3032 nun,weiters Diskussionen ablehnend,
965 3027 2729 3177 sich in das Krankenzimmer begeben
968 3179 2666 3319 wollte, verstellte Herr Professor
958 3304 2914 3482 Bernhardi ihm die Türe und in dem Au-
965 3447 2941 3657 genblick, da Seine Hochwürden die Klin-
955 3607 2894 3829 ke ergriff,um in Ausübung seiner ahm
