3400 4040
2587 267 2759 401 255
1287 435 2988 580 schämte mich, wenn ich mich vor einer
1282 580 2899 750 Macht demütigen müsste, die toh als
1291 759 2947 908 hinterlistig und frech erkannt habe
1307 890 2988 1031 gerade im Lauf der Begebenheiten, die
1293 1042 3001 1210 uns heute wahrsche inlich zum letzten
1298 1182 2911 1341 Mal zusammenführen. Ich wage nicht
1300 1323 3028 1495 zu vermuten, dass ein Anderer auf Dei¬
1302 1499 2917 1624 nem Posten ohne seine Ueberzeugung
1320 1651 2976 1801 zu verleugnen und ohne einen Freund
1318 1805 2929 1939 sein Wort zu brechen auch die xxxet
1309 1964 3128 2077 Millionen für das phystologtsche Insti¬
1332 2116 2974 2231 tut bekommen hätte,Du bist aber dor
1318 2258 2858 2414 Ueberzeugung, dass der Staat D ich
1330 2381 3117 2546 braucht,so ist alles in bester Ordnung
1332 2582 2700 2720 sowohl für Dich als für mich.
1348 2707 3033 2854 Ich ha be os mir längs t abgewöhnt em¬
999 2745 1302 2865 Fl int:
1339 2843 2906 3028 pfindlich zu sein und ich erkläre
1323 3012 3051 3144 Dir hier meine Bereitwilligkeit Dich
1336 3162 2777 3341 morgen zu is chen zwölf und eins
1348 3314 2920 3470 bei mir zu empfangen,wenn Du Dich
1359 3456 2906 3656 etwa anders entschlossen hättest.
