3336 4040
2699 311 2891 521 274
902 485 2948 684 ursacht hat, ich kann eine wisse Sympa-
897 661 2976 840 thie für ihn nicht loswerden. Es ist lei
900 848 2937 993 der immer meine Art gewesen Menschen zu
892 954 2953 1151 suchen; sie zu finden war mir leider sel¬
902 1133 2834 1291 tener gegeben. Vielleicht war es nicht
884 1301 2948 1441 richtig, dass ein Mensch wie ich aus sei¬
887 1496 2961 1605 nem nur der Wissenschaft geweihten Leben
897 1628 2922 1771 sich in die Politik gestürzt hat.Es war
879 1745 2953 1918 meine Sehnsucht für das Allgemeine etwas
884 1911 2769 2056 zu leisten. Aber da muss man eben die
889 2077 2914 2188 Gabe haben über den Einzelnen hinwegzu¬
474 2038 674 2284 Arf.
881 2245 2942 2364 schreiten,wie die grossen Feldherren,die
900 2390 2875 2525 ja auch bei Entwurf des Schlachtplanes
881 2515 2777 2701 nicht daran denken dürfen,dass es am
879 2699 2725 2821 Ende um Blut und Leben ihrer besten
879 2823 2937 2992 Freunde geht. Hart sein, darauf käm es an.
881 3005 2914 3145 Was geht mich das persönliche Schicksal
866 3173 2875 3287 meines alten Freundes Bernhardi an? Ich
874 3313 2849 3466 habe für ihn getan, was ich tun konnte.
874 3484 2948 3614 Aber glauben Sie mir, danken wird er mirs
