3464 4136
2754 361 2959 573 223
1049 583 1261 785 (ab)
1019 698 2176 917 Die Vorigen ohne Kurt.
1024 850 2896 1072 Bernhardi: (lauter) Die Sitzung dauert
1022 1009 2954 1214 fort, meine Herren! Es liegen zwei An-
1034 1211 1553 1378 träge vor.
1037 1291 2959 1503 Ebenwald: Ich ziehe meinen Antrag zu-
1037 1500 2911 1667 rück, (Bewegung) respektive ich lasse
1034 1623 2956 1807 ihn in einem anderen Antrag aufgehen,
1034 1822 2869 1987 der mir in Anbetracht der durch die
1037 1962 2941 2119 ministerielle Beantwortung der Inter.
1057 2061 2971 2291 pellation geschaffene Sachlage im In-
1057 2218 3031 2413 teresse unseres Institutes geboten er-
1049 2390 3048 2567 scheint. Mein Antrag lautet auf Suspen-
1059 2547 3033 2724 dierung unseres verehrten Herrn Direk-
1064 2669 2926 2906 tors von der Leitung des Elisabethi-
1067 2826 2956 3026 nums bis zum Abschluss der gegen ihn
1062 2984 2984 3198 eingeleiteten strafrechtlichen Unter-
1064 3156 2296 3370 suchung. (Grosse Unruhe)
1074 3275 2896 3494 Pflugf.: Schämen sie sich Ebenwald!
1079 3467 3063 3617 Cyprian: sie wissen ja noch nicht ein-
1072 3624 2732 3809 mal,ob die Anklage erhoben wird.
