3496 4120
2720 353 3021 539 123 b
1330 491 1596 596 my
1190 596 3201 794 Flint: Ja, ich komme - demebrager „ auf
1796 711 2367 832 et meuel.
1145 764 2873 974 (Bernhardi Sag es doch gleich,um
1182 937 1976 1087 mich (zu retten).
1180 1095 2861 1280 Flint: Nicht das, aber um Dir, wie
1190 1210 3059 1385 Du am Ende wohl selbst wirst zugeben
1180 1370 2858 1528 müssen,einen Dienst zu erwisen -
1413 1493 2144 1613 die ein zustellen
1192 1558 2948 1713 Die /au s einer Verlegenheit zu hel-
1811 1671 2064 1859 sibar
1192 1648 1403 1849 fen.
1142 1846 2863 2047 (Bernhardi: Ich wüsste nicht, dass
1190 1991 2931 2162 ich mich in einer solchen befände
1182 2159 2853 2322 Flint: Nun daverschliesst nu Dir
1192 2254 2983 2495 eben mit Willen die Augen Ich kann
1190 2465 2963 2585 Dir nicht verhehlen,dass die Stim-
1187 2608 3019 2740 mung gegen Dich überall, wo man hin-
1187 2735 2848 2903 hören kann, eine recht ungünstige
1192 2903 3026 3081 ist. Wir brauchen ja über das Faktum
1197 3066 2976 3221 selbst nicht zu sprechen, ich nehme
1192 3206 2991 3379 natürlich an,dass Du in der festen
1192 3339 2773 3525 Absicht gehandelt hast über Du
1197 3517 3026 3697 hast, wie das ja leider Deine Eigen-
