3384 4056
2660 323 2836 474 299
937 461 2829 663 Und wenn Du bei jenem ersten Prozess
945 632 2711 755 aus Trotz Dich nicht gerührt hast,
942 788 2780 934 diesmal darfst Du Dirs nicht erspa-
945 942 2941 1093 ren. Wie Du Dich zu der Sache verhältst
945 1083 3000 1265 mein lieber Bernhardi, ist völlig gleich-
947 1208 2890 1400 gültig. Ich erinnere Dich an den Tag
950 1388 2949 1544 verzeihe, wenn ich vor dem Herrn Hofrat
952 1533 2964 1677 davon spreche, aber er ist ja auch Dein
950 1741 2721 1830 Freund, wie ich aus manchem ersehe
955 1884 2703 2007 an den Tag, da ich Dir gelobt habe
950 1999 3000 2148 Deine Sache zu meiner eigenen zu machen
952 2181 2811 2299 Nun ist der Tag gekommen, wo Du mich
965 2309 2860 2470 beim Worte nehmen darst.Eine gewisse
960 2483 2911 2598 Partei soll sehen, dass sie noch nicht
960 2614 2959 2767 allmächtig ist.Die Wahrheit marschiert
968 2788 2913 2913 heran,niemand vermag sie aufzuhalten.
957 2921 2716 3095 Auf Wiedersehen, lieber Bernhardi!
955 3080 2860 3287 La nuiſs expur etre vorhercegange
960 3218 2604 3412 sein,  a das Ende dies
978 3359 2883 3571 Partei si vertundes scheint
