3384 4056
2735 292 2934 449 297
891 452 2962 628 dass ich unschuldig gesessen bin.Und die
894 604 2774 793 zwei Monate nimmt mir ja doch keiner
894 821 1433 976 wieder ab.
894 922 2745 1098 Herz:Herr Professor,Sie denken doch
891 1090 2887 1247 nicht im Ernst darah eine solche Genug
912 1263 1818 1413 tuung abzulehnen?
899 1384 2841 1562 Bernhardi: Dann wird man ja natürl ich
894 1547 2885 1686 auch Herrn Studiosus Hochroitzpointner
894 1686 2970 1852 wegen falscher Zeugenaussage vor Gericht
901 1821 2944 1986 stellen? Das wäre der einzige Spass bei
909 2030 2797 2169 der Sache.Aber der Jämmerling ist so
912 2138 2838 2314 viel Aufwand an Zeit nicht wert.Nain,
912 2317 2417 2474 ich will nichts davon wissen.
909 2469 2952 2652 Flint: Als wenn das noch von Dir abhin¬
912 2655 1085 2771 ge.
919 2730 2962 2929 Bem hardi: Diese Schwester Ludmilla ist
927 2905 2820 3078 eine hysterische Person.Es war natür.
927 3042 2978 3244 lich ein Unsinn auf ihre Aussage im Pro-
922 3228 2996 3399 zess zu hören,aber es ist ebenso so dumm
925 3360 2947 3566 ihrer heutigen Aussage Wert beizulegen.
