3432 4184
2841 611 2978 762 30
1009 725 2801 959 bemerken, dass ich nicht darauf brenne
996 922 2938 1109 meine klinische Stellung anzutreten) Viel
1009 1057 2938 1260 leicht liesse es sich auch für kurze Zeit
1017 1154 3004 1381 so einrichten, dass ich zugleich hier und
1017 1310 3004 1547 am allgemeinen Krankenhaus...Flint wird si
1028 1557 1244 1726 che r
1038 1610 3004 1813 Bern: immer ungeduldiger Bas geht ab
1043 1752 2901 2029 solut nicht. Es steht natürlich ganz in
1054 1887 2956 2132 Deinem Belieben, ob Du sofort Deine neue
1067 2018 3054 2266 Stelle antreten willst. das Gesuch an mich
1075 2137 3157 2408 ist natürlich nur eine Formalität. Aber eben
1086 2308 2898 2551 sonatürlich wird an demselben Tag, dein
1101 2445 2993 2669 bisheriger Assistent mit der Supplierung
1120 2672 1829 2812 betraut werden.
1128 2719 2964 2935 Ebenw: Dann werde ich aber bitten, dass
1130 2817 3252 3059 die Beratung über die definitive Neubesetzung
1133 2954 2980 3215 in den allernächsten Tagén stattfindet.
1196 3093 3225 3349 Rernh: Die Leutung des Institutes befindet
430 3088 906 3275 En côté je
1173 3236 3188 3476 sich in meinen Händen, aber ich glaube DSie
445 3236 1001 3444 ains... (été)
1170 3378 3199 3636 werden mir zugeben, dass bisher noch nichts
509 3441 922 3642 1.0.27
1188 3515 3070 3734 uberflüssig aufgeschoben und noch nichts
