3400 4040
2676 276 2854 419 256
985 431 3001 587 Bernhardi: Ich bitte Dich über diese Stunde
1314 567 2849 762 zu verfügen wie über jede andere.
1319 690 3009 883 Glaubst Du ich rechen Dir das,was Du
1319 863 2966 1061 heute versucht, als Freundschaft an?
1319 1038 2778 1196 Ich kenne Dich Flint. Auch hier
1342 1184 2964 1367 steckt ein Handel dahinter; der soll
1316 1334 3019 1487 Dir missglückt sein und Seine Hoheit
1336 1497 2979 1660 soll so wenig Anlass haben sich Dir
1357 1630 2798 1808 verpflichtet zu fühlen als ich.
1339 1768 2894 1933 Mein lieber Bernhardt, ich bin auf
1008 1830 1309 1951 Fl int:
1344 1928 2936 2116 die Gunst Deines Prinzen in meiner
1359 2094 3054 2242 heutigen Position nicht mehr angewie¬
1352 2239 2823 2415 sen, besonders eines Prinzen, der
1367 2375 2914 2538 als liberal gilt und ich kann auf
1359 2525 3012 2708 De tnen Dank verzichten leichter als
1357 2696 2833 2869 Du auf meine Bewunderung,wie es
1379 2841 2849 3022 scheint.Denn ich muss sie einem
1369 2986 3024 3167 Manne versagen, der mir das Beisptol
1392 3132 3097 3330 grossartiger Konsequenz zu geben ver-
1387 3322 3047 3468 sucht und mir doch nichts vorspielt
1399 3453 3082 3661 als die Tragtkomödte des Eigensinns.
