3464 4120
2784 436 2979 622 174
1016 570 2913 771 sen? Macht nichts. Wir kommen ja vor-
1019 746 2965 925 läufig mit denen aus. Wir pfeifen auf
1019 900 2979 1068 das Kuratorium, nicht wahr? Trotz Prin-
1004 1076 2957 1237 zen und Bischof pfeifen wir drauf. Wir
1004 1225 2858 1391 brauchen es nicht. Wir werden heute
999 1383 2925 1539 Bernhardi eine solenne Genugtuung ge-
996 1564 1227 1695 ben.
996 1673 2756 1832 Ebenwald: Genugtuung? Wofür denn?
999 1839 2794 1976 Was ist ihm denn geschehen? Bisher
989 2000 2982 2137 nichts anderes, als dass das Kuratorium
999 2152 2908 2290 demissioniert. Und wir können zusper.
989 2313 2846 2469 ren, weil wir nicht wissen woher wir
982 2461 2940 2598 Geld nehmen sollen. Ob das gerade der
991 2590 2965 2744 richtige Anlass ist dem Herrn Direktor
1249 2704 1646 2801 Ovation
987 2737 2967 2893 eine ### zu bringen, der uns durch
982 2913 2851 3056 sein nicht sehr taktvolles Benehmen
989 3051 2615 3227 in die Situation gebracht hat -
984 3205 2945 3371 Pflugf.: Äch so, na ja. Das steckt halt
974 3346 2947 3564 tief in Ihnen Also staunen keine Spur.
969 3488 2851 3671 Sie sind halt wie Sie sind, Ebenwald,
974 3691 2865 3862 operieren liess ich mich ja doch nur
