3432 4136
2765 409 2947 548 193
1014 552 2952 730 darf ich meiner Befriedigung Ausdruck
1023 720 2905 893 geben, dass die Herren vollzählig und
1043 853 2974 1028 pünktlich erschienen sind. Ich sehe da-
1016 1016 2977 1167 rin einen neuen Beweis für das grosse,
1028 1189 2972 1337 ich möchte sagen,patriotische Interes-
1023 1329 2987 1504 se, das Sie alle unserem Institute ent-
1021 1470 2858 1628 gegenbringen, einen Beweis für unser
1028 1613 2908 1788 Aller kollegiales Zusammenhalten, das
1021 1810 2908 1951 nun einmal besteht unbeschadet gele-
1036 1958 3021 2119 gentlicher Differenzen in Einzelheiten.
1033 2114 2992 2252 wie sie schliesslich in keiner grösse-
1031 2244 2819 2422 ren Körperschaft ganz zu vermeiden
1036 2414 2996 2553 sind,umso weniger aus je prominenteren
1033 2535 2994 2678 Persönlichkeiten die Körperschaft sich
1031 2705 2962 2856 zusammensetzt. (Unruhe) Aber, dass wir
1043 2873 2812 2999 in allen wesentlichen Fragen eines
1043 2989 2871 3181 Sinnes sind,das hat sich schon mehr
1043 3147 2964 3327 als einmal gezeigt und wird sich hof-
1038 3280 2977 3468 fentlich auch in zukunft erweisen zur
1048 3465 2955 3608 Freude unserer wahren Gönner und zum
1056 3611 2982 3823 Aerger unserer Feinde! Wir haben näm-
