3400 4152
2824 371 2934 548 32
921 561 2777 749 Pfarrer: Man könnte die Kranke viel
2436 669 2822 809 Schieste
914 749 1918 896 leicht vorbereiten.
914 854 2907 1084 Bernhardi: Das ändert wenig. Sie ist so
926 1047 2897 1169 völlig ahnungslos. Wie ich ja schon be-
919 1189 2809 1345 merkte, Hochwürden, sie erwartet alles
929 1309 2849 1492 andere eher als einen solchen Besuch,
929 1507 2772 1662 Sie ist vielmehr in dem glücklichen
934 1662 2839 1815 Wahndbefangen,dass jemand, der ihr na.
936 1798 2724 2003 he steht (dass ihr Geliebter) in den
936 1930 2882 2131 nächsten Stunden kommtisie abholen und
1377 2058 1760 2163 -stehr
941 2101 2934 2243 sie mit sich nehmen wird. Es wäre kein
954 2281 2919 2416 gutes, fast möchte ich zu behaupten wa-
951 2429 2834 2564 gen kein gottgefälliges Werk sie aus
956 2579 2969 2709 diesem letzten süssen Traum zu erwecken
951 2699 2924 2929 Pfarrer: Immerhin, ich wurde hieher be
951 2917 1277 3072 rufen.
954 3015 2784 3230 Bem hardi: Nicht in meinem Auftrag,
956 3217 1557 3332 Hochwürden.
964 3340 2809 3488 Pfarrer: Es sind mir bisher niemals
959 3475 2892 3703 Hindernisse in den Weg gelegt worden.
