3480 4120
2666 335 2857 484 846
1010 456 2898 696 Flint: Und zu erwidern weisst du mir
1010 675 1396 822 nichts?
1007 835 3073 943 Bernhardi: Warum sollt ich das, mein Lie-
1883 922 2259 1018 sulzyn
1005 969 2898 1079 ber? Was dir zu erwidern wäre, weisst
1005 1079 3063 1265 du geradeso gut wie ich selbst (Und ich
1007 1242 3055 1420 glaube sogar,du könntest es in besseren
1005 1414 2906 1605 Worten tun als ich.) Also welchen Sinn
1007 1566 3073 1742 hätte es dir hier die Wahrheit zu sagen
1007 1711 1940 1896 unter vier Augen?
3055 1878 3231 1976 einennos
1007 1837 2798 2051 Flint: Ach so. Nun, du darfst nicht
1012 2058 2803 2164 vielleicht glauben, dass es hier im
1005 2159 2896 2308 Ministerium nicht bekannt ist was du
1012 2332 2854 2484 planst. Ich frage mich nur, wenn du
1010 2517 2842 2617 die Absicht hast öffentlich oder in
2028 2550 3050 2700 over in een versanten
1007 2651 2772 2772 einem Buche Zeitung, wie man hört,
1007 2790 3014 2893 Bernhardi: Aber, mein Lieber, das ist ja
1012 2919 2906 3063 eine Sache für sich. Meine Seh nsucht
376 2919 850 3092 dort sch
423 3048 832 3241 en fait
1007 3050 3050 3215 dich noch einmal von Ange sich zu Ange-
1015 3205 3076 3406 sicht zu sehen war unbezwinglich.Ausser¬
428 3298 961 3475 Villeicht
997 3383 3043 3547 dem aber benötige ich ein wirkaames Ka-
417 3483 688 3604 wie
1015 3511 2978 3681 pitel zum Abschluss meiner kleinen Ar-
453 3586 830 3777 nal u
