3464 4120
2703 331 2907 505 219
992 495 2983 659 Da kam wieder ein Zwischenruf: Ist Po-
1002 681 2996 825 litik ein Zeichen von Unbildung? Unru-
994 792 2854 962 he, Gelächter. Und hier habe ich den
997 979 2986 1143 Eindruck gehabt, als wenn seine Exzel-
1007 1105 2837 1272 lenz etwas ärgerlich geworden wäre.
997 1234 2955 1426 Dann sprach er weiter:.Jedenfalls ist
1004 1436 2940 1580 es a priori auszuschliessen,dass Herr
992 1572 3006 1749 Direktor Bernhardi,wie in der Interpel
1002 1736 2958 1918 lation angedeutet erscheint,in seinem
1007 1890 2905 2059 Betragen gegen Seine Hochwürden eine
1007 2034 3001 2198 Demonstration beabsichtigt hätte. Wie-
1004 2198 2993 2357 der Zwischenrufe: Was denn hat er wol-
1017 2342 3003 2511 len? Verjudung der Universität,Schmach
1002 2481 2847 2688 des Jahrhunderts. Es dauerte einige
1002 2642 2983 2801 Zeit bis sich das Haus wieder beruhig-
1017 2801 2905 2978 te. Dann sprach der Minister weiter:
1037 2920 2963 3112 „Gegenüber einem Zwischenruf, der eben
1017 3092 3044 3263 gefallen ist, möchte ich mir zu bemerken
1017 3243 2923 3437 erlauben, dass das Elisabethinum wohl
1022 3379 2928 3558 in einer gewissen mit wenigen Worten
1017 3558 3013 3823 schwer zu charakterisierenden Beziehung
