3448 4136
2686 358 2883 497 234
989 507 2797 696 stimmt, dass uns die Interpellation
991 684 2951 875 wahrscheinlich erspart geblieben wäre
1004 817 2954 1009 wenn der Hell heute dasässe statt dem
1001 979 2848 1193 Wenger.Also, i will nicht sagen, es
1001 1128 3004 1334 wär zu schön gewesen,aber,es hat nicht
1006 1309 2866 1471 sollen sein. Und jetzt sitzen wir in
1009 1483 1897 1619 der Tinten. Dixi.
1022 1619 2336 1809 Pflugf.: Bravo, Bernhk rdi!
1039 1743 1138 1799 G.H.F.P.
1014 1761 3040 1912 Bernhardi: Meine Herren, Professor Eben¬
1022 1894 2878 2058 wald hat meine Frage nach berühmten
1027 2071 2954 2230 Mustern mehr populär als sachlich be-
2908 2134 3072 2253 Ist
1768 2154 2681 2265 im Wesentlichsten
1024 2240 3045 2371 antwortet. Aber der Kern-seiner Antwort,
1042 2374 3027 2515 wie ich legal zu gehen will, Aber jeder
1039 2510 2979 2694 von Ihnen wird wissen, wie er über die
1039 2631 3047 2845 Angelegenheit zu denken hat. Zu vertei-
1044 2802 3047 2977 digen, dass ich auf den mir vorgeschla-
1070 2944 2878 3135 genen Handel nicht eingegangen bin,-
1049 3146 1897 3312 Schreimann: Oho
1072 3234 3024 3451 Bernhardi: Ich gestatte mir das einen
1054 3385 2868 3612 Handel zu nennen,zumindest mit dem
1070 3549 3080 3789 sel ben Recht.mit dem man mein Vorgehen
