3368 4040
2748 325 2929 481 237
1191 468 2689 657 Präsident ein ziemlich reizbarer
1178 639 2886 808 Herr war, das dürfte Ihnen wohl nicht
1196 821 2973 953 entjangen sein, me tne Herren.Es handel¬
1209 969 2835 1120 te sich nicht um den Einzelfall, das
1191 1109 2756 1278 war das Massgebends te für mich, es
1194 1283 2717 1437 handelte sich um den allgemeinen
1212 1408 2950 1564 gross en Kampf, von dem zu sprechen ich
1209 1580 2163 1731 eben die Ehre hatte.
872 1723 2883 1884 Pflugf.: Und da ist die ers te Regel, vorstch¬
1217 1894 1649 2009 tig sein.
1426 1979 1562 2073 the
877 2027 2935 2216 Goldenthal: (Ich hatte allerdings gehofft ge¬
1214 2180 2932 2301 rade hier mehr Verständnis zu finden.
1199 2321 2761 2464 Ich mss ehrlich sagen auf nichts
1212 2474 2901 2615 war ich weniger vorbereitet, als dass
1204 2633 2868 2786 man den Verteidiger, der nach bestem
1214 2786 2774 2942 Wissen und Gewissen seine Pflicht
1224 2955 2825 3103 getan, die Schuld oder vielmehr die
1217 3078 2886 3246 Verurteilung seines Klienten entgel.
1230 3257 1708 3430 ten lässt.
890 3402 2738 3558 Bernhardt: Nehmen Sie es meinem Freunde
1214 3540 2935 3712 Pflugfelder nicht übel.Er liebt mich
