3480 4296
2574 540 2712 730 52
975 681 3044 994 unternehmen will. Es scheint (nicht wünschens
983 863 2826 1124 wert sie aus ihren Träumen aufzustören.
996 996 2916 1287 Pfarrer: Ich verstehe Ihre Bedenken, Herr
1007 1121 3035 1382 Professor. Aber verlei ben Sie mir, Ihnen von
1018 1268 2992 1523 meinem Standpunkt aus zu erwidern, dass es
1032 1466 2978 1740 minder wesentlich ist sie in ihrn Träumen
451 1439 901 1643 vielleicht
429 1575 926 1751 it c in lot
1053 1567 3217 1865 au belassen, als vielmehr sie zu ihrer jetzten
437 1683 893 1881 nevend
1072 1732 2948 1993 Reise, freilich zu einer andern, als sie
1075 1819 3263 2167 glaubt, vorzubereiten. und ihr die Tröstunger
1091 2036 2829 2283 unserer heiligen Religion zu spenden.
1113 2118 3041 2411 Bernh: Ich versichre Sie Hochwürden, sie
2281 2131 2454 2224 ver
2224 2221 2758 2351 i verhann sich sol
1135 2210 3225 2549 bedarf keiner Tröstung. Gott wird ihre Seele
1135 2378 3014 2666 auch so wie sie ihm jetzt entgegenfliegt
513 2465 1026 2644 Ich weis viel
1165 2495 3117 2780 in Gnaden aufnehmen, wie er schon so viele
361 2593 1005 2796 al dieser Gottver¬
296 2680 1129 2940 trauen si weit jetzt
1184 2780 3160 3136 Pfarrer: Gewiss ist es nicht allen Kranken
1173 2777 1922 2951 aufgenommen hat,
1735 2799 2101 2938 sider
486 2867 763 3022 -abe
1197 2840 3228 3204 vergönnt mit den Sakramenten versehen dahin
1224 3038 3147 3353 zugehen, der in den Fällen, wo ein Diener
1235 3166 3206 3475 Gottes zur Stelle ist, wird er sich gewiss
2343 3193 2492 3277 da
1246 3282 3228 3616 niemals der Pflicht entziehn die Sterbende
1268 3410 3358 3774 in würdiger und gebotener Weise vorzubereiten
