3416 4200
3007 229 3140 425 20
1026 444 2898 657 Bernh So, wär er geneigt. So. Aber ge
386 542 997 744 That the new gebragt
1021 545 3066 782 statten Sie die Frage, Herr Kollega, Sie ha
513 686 891 816 Ich war so frei
1029 702 2967 947 ben doch privat an ihn g schrieb n. (Nicht
444 776 896 957 Alle Freund
1024 888 2228 1069 offiziell oder offiziös.)
1034 984 2893 1183 Ebenw: Selbstverständlich privat, da ja
1042 1127 2959 1327 vorläufig kein Beschluss des Plentums vor
1037 1260 2970 1531 liegt (Ich hiet mich nur für verpflichtet,
1045 1436 2874 1606 Ihnen, Herr Direktor, von diesem frend
1048 1561 3188 1808 schaftlichen Brief Hells Mitteilung zumachen.
1056 1688 3103 1893 Und da Professor eltmann selbst, wie mir be
1058 1845 2935 2039 kannt ist und (Ihnen wahrscheinlich auch
1069 1970 3010 2188 nicht unbekannt ist, Herr Direktor, einer
1087 2127 3196 2340 eventuellen Kanditatur des prf. Hell durchaus
415 2188 1026 2401 # Glenbeitie wirke.
1090 2257 2680 2499 sympathisch gegenübersteht, x
428 2374 699 2481 trerai
1098 2396 3206 2640 Bernh: Die Sache ist nur die, verehrter „err
226 2401 314 2486 1.°
1922 2531 2178 2600 en même
1087 2497 3193 2752 Kollega, dass nicht Pff. Altmann seinen Nach
1109 2672 3058 2893 folger zu bestimmen hat, sondern wir, das
1117 2906 1478 3050 Plenum.
1127 2957 3063 3206 Ebenw: Zweifellos. Ich glaube nur, Herr
1178 3108 3018 3318 Direktor, dass Sie mich missverstehen.
1149 3292 3228 3512 Ich bin fern davon Wahlbeeinflussung treiben
2170 3432 2473 3526 durchon
1157 3462 3113 3693 zu wollen. Es ist eine private Mitteilung
