3416 4136
2635 411 2839 569 192
980 572 1874 741 spruch zu nehmen.
977 730 2184 889 Ebenwald: sehr richtig!
985 849 1587 929 Schreimann:
985 917 2937 1149 Wenger: So will ich mich denn xxx
990 1103 2954 1244 begnügen meinen innigsten Dank für die
982 1264 2010 1423 hohe Ehre - (Unruhe
982 1400 2962 1552 Schreimann: (erhebt sich) In Anbetracht
985 1564 2954 1698 der vorgerückten Stunde beantrage ich
987 1735 2811 1841 dass unser verehrter Herr vollege,
1013 1884 2990 2023 Sr.Wenger,seine zweifellos sehr gehalt-
992 2045 2949 2166 volle Dankrede auf die nächste Sitzung
1002 2211 2932 2315 verschieben möge, damit wir sofort zur
987 2332 2567 2491 Tagesordnung sch reiten können.
1025 2441 2826 2655 Die Andern: Einverstanden! Richtig!
1002 2667 2859 2834 Schreimann: (drückt Wenger die Hand,
1000 2808 2554 2990 Einige folgen seinem Beispiel)
992 2952 2839 3078 Bemhardi:Meine Herren, ich habe mir
997 3098 3017 3269 erlaubt Sie zu einer ausserordentlichen
987 3224 2944 3415 Sitzung einzuberufen, ich muss vor al-
1005 3438 2894 3579 lem um Entschuldigung bitten, dass es
997 3577 2947 3748 in so später Stunde geschah,umso mehr
