3512 4136
2950 393 3107 602 117
1147 590 3026 764 diese Gesetze uns nicht jetzt wieder
1145 788 3097 982 zueinander drängen. (Du kannst Dir wohl
1145 941 3031 1115 denkenndass ich nicht so ohne Anlass
1150 1078 2994 1233 zu Dir ins Haus komme Und wenn ich
1152 1235 2940 1474 sage, dass ich Menschen brauche und
2162 1341 2554 1447 on der
1152 1378 3119 1535 Du der Erste bist, der mir eingef/allen
1159 1555 3031 1746 ist,so wirst Du es mir doch hoffent-
1162 1712 3097 1835 lich nicht übel nehmen. Und mit allen
1162 1872 3065 2009 Deinen Fehlern, die ich kenne,Bernhar.
1167 2024 3048 2149 di, im Guten und im Schlimmen bist Du
1179 2149 3048 2356 eben ein Mensch-genadeso wie ich und
1162 2331 3092 2513 niemals hat irgend eine Stellung oder
1174 2471 2948 2606 sonst ein äusserliches Moment der
2198 2621 3046 2758 Licht Deines We-
1159 2640 2169 2835 Existenz das innere
2149 2758 3004 2903 vermocht.Das hab
1179 2744 2105 2943 sens zu verdunkely
2107 2879 3006 3144 auch zur Zeit als
1189 2940 2063 3100 ich immer gewusst
1172 3102 2058 3223 wir Feinde waran.
1179 3210 3154 3434 Bernhardi: Sprichst Du es endlich aus-
1181 3409 3110 3532 das freut mich. Jetzt können wir wei-
1191 3530 3075 3778 ter reden. Das ist eine bessere Basis
