3432 4120
2778 352 2971 579 243
1125 560 3044 751 Sie haben getan, als glaubten Sie,Sie,
1132 731 3017 880 Herr Doktor Goldenthal, selbst an die
1139 870 2866 1044 Notwendigkeit und die Kraft jenes
1127 1044 2914 1205 heiligen Sakramentes und als hätte
2780 1156 2995 1276 dort
1134 1178 3034 1362 unser Freund Bernhardi im Grunde sehr
1134 1364 2932 1548 Unrecht nicht gleichfalls daran zu
1127 1494 2966 1689 glauben. Sie haben vor diesen Idio-
1142 1653 3054 1824 ten auf der Geschworenenbank,die vom
1144 1802 3044 1978 ersten Augenblickk an entschlossen wa-
1127 1966 3086 2134 ren Bernhardi zu verurteilen behandelt
1132 2098 3015 2291 als wären es die erlensten Köpfe der
1130 2257 2934 2445 Nation und ausschliesslich von dem
1130 2418 3039 2594 Bestreben erfüllt Recht zu sprechen.
1130 2584 3042 2729 Sie haben den Bulen Hochroitzpointner
1144 2699 3039 2888 und die hysterische Schwester Ludmil-
1139 2888 3100 3061 la, diese falschen Zeugen, nur mit Hand.
1139 3029 3034 3213 schuhen angefasst und an ihrem guten
1130 3191 3044 3347 Glauben ja kaum an der Wahrheit ihrer
1142 3323 2949 3504 Aussage zu zweifeln gewagt. Kurzum,
1147 3496 2927 3667 Ihr ganzes Benehmen, insbesondere
