3352 4232
2597 432 2787 568 293
836 610 2918 795 Wir sehen alle nur kleine Zugeständnisse
852 763 2894 951 gerade an die Partei, der Du Feindschaft
841 920 2928 1115 geschworen hast. Ich sehe nichts als Nach
1896 1037 2074 1133 und
867 1118 2743 1274 gebigkeit im Kleinen wie im Grossen.
860 1219 2860 1425 Mit mir hat es angefangen und nun geht
362 1329 800 1461 Schuleller
867 1388 2808 1566 es so weiter.Bleibst Du noch ein Jahr
180 1443 849 1612 Veuil de Relé
857 1519 2881 1711 Minister, so ist die Schule und die Wis¬
227 1576 643 1730 stunden!
867 1701 2647 1899 senschaft der Kirche ausgeliefert.
211 1701 547 1881 Concurs et
865 1831 2829 2048 Flint: Ich gehöre heute nicht mehr zu
867 1962 2860 2173 den Toren, die das für ein Unglück hal¬
886 2154 2832 2300 ten und ich versage meine Bewunderung
883 2318 2920 2451 einem Manne, der mir das Beispiel gross
886 2436 2967 2618 artiger Konsequenz zu geben versucht und
888 2628 2850 2798 nichts vorspielt als eine Tragikomödie
896 2800 1693 2957 des Eigensinns.
904 2920 2811 3090 Bernardi: Esist ein Irrtum, dass ich
899 3058 2996 3269 konsequent sein wollte. Ich habe nicht de
907 3183 2902 3389 monstriert,um ein schauspiel zu geben,
917 3358 2983 3543 ich habe nur meine Pflicht getan. keinen
927 3512 2928 3717 politischen Akt verübt.Den machen erst
