3416 4136
2835 364 3032 575 190
1067 610 3014 752 Bernhardi, Cyprian und Löwenstein tre-
1074 743 3024 942 ten ein._Adler. -Schreimann. -Ebenwald.-
1072 912 2513 1043 Filitz. -Pflugfelder. -Wenger.
1087 1072 2946 1178 Bernhardi: (sehr aufgeräumt, sei ne Art
1087 1247 2896 1328 zu reden noch etwas humoristischer-
1087 1374 3002 1571 ironischer gefärbt als sonst. Er nimmt
1072 1520 2872 1640 dem Diener, der ihm die Türe öffnet,
1074 1679 2953 1795 die Abendblätter aus der Hand) Guten
1072 1837 3007 2011 Abend, meine Herren. Hier, bitte sich zu
1092 1999 3019 2112 bedienen. Ich bitte um Entschuldigung,
1084 2174 2995 2274 dass ich mich ein wenig verspätet ha-
1070 2319 2946 2434 be, die werren haben sich ja hoffent-
1074 2449 3022 2589 lich indess gut unterhalten. (Allgemei-
1072 2574 2953 2692 ne Begrüssung. Bernhardi nimmt sofort
1079 2712 2970 2860 seinen Platz ein am oberen Tischende,
1072 2835 2882 2990 die Andern nehmen allmählich Platz,
1079 3014 1908 3199 einige rauchen).
1074 3066 2860 3364 Bernhardi: Ich erkläre die Sitzung
1070 3337 2987 3482 für eröffnet. Bevor ich zur Tagesord-
1070 3437 3046 3609 nung schreite, erlaube ich mir im Namen
1074 3580 2906 3821 des Elisabethinums unser neues Mit-
