3512 4248
2553 509 2705 610 177
966 636 2902 820 Bernhardi: Mein Bedauern, dass wir in einer
2942 716 3038 889 de M
1251 793 2942 953 Zeit leben, wo ein aus irgendwelchen
1257 966 2953 1108 Gründen einer bestimmten Patei miss¬
1257 1108 2891 1313 liebiger Arzt, der in der Erfüllung
1273 1297 3030 1419 seiner ärztlichen Pflicht einer Ster¬
1281 1408 3083 1584 benden Eutanaste zu verschaffen trach¬
1286 1592 2995 1715 tet, indem er sie vor einem deprimie¬
1286 1696 2873 1866 renden Eindruck bewahrt,-dass ein
1289 1858 3038 2008 solcher Arzt der feindseligen Haltung
1302 1981 2918 2186 gegen eine bestimmte Religion ver¬
1305 2175 3041 2316 dächtigt wird. Ich hätte hinzugefügt,
1305 2300 3134 2460 dass es mein Fehler war die Atmosphäre
1307 2471 3099 2617 der Zeit und des Orts nicht zu berück¬
1313 2612 2410 2774 sichtigen,wo wir leben.
1036 2753 3099 2979 Pflugf.: Damit wäre man wohl nicht zufrieden
1331 2971 2279 3134 gewesen, da draussen.
2947 2979 3059 3070 G.C.H.F.P
1052 3049 3086 3256 Ebenn.: Und hier vielleicht auch nicht alle.
1049 3232 2963 3408 Bernhardt: Ob man damit zufrieden gewesen
2910 3296 3096 3427 rolet
2418 3341 2633 3456 auch
1337 3339 3014 3568 wäre, weiss ich nicht Aber eine (viel
1070 3525 3214 3773 ausgiebigere Erklärung in Denut und Heuchelei
1353 3664 2939 3871 hätte das Institut vor den Folgen
