3464 4248
2407 449 2585 581 164
1116 581 2868 813 nicht leugnen, dass Herr Dr.“ euerstein
295 605 1020 820 Uhr unillich
315 713 1030 915 sagen. - auch
1118 725 2859 969 mir eben sehr gelegen erschiemen ist,
298 815 1050 1030 Herr Dr. T. in Hne.
1135 903 2593 1125 um sozusagen eine Probe auf das
300 967 862 1155 meau 7...
1174 1057 2900 1265 Exempel me tner Gesinnung zu geben. Es
1160 1169 3056 1433 liegt mir daran es auszusprechen, und toh
1167 1318 3056 1572 freue mich dies vor dem offiziellen Teil
1179 1501 3144 1760 unserer Sitzung tun zu können, ich verlange
1162 1662 2954 1921 Aghtung vor jeder religiösen Ueberzeu¬
1199 1811 2893 2029 gung.Man schone die Empfindungen der
1189 1968 2815 2190 Juden aber gefälligst auch die der
1201 1997 3157 2348 Andersgläubigen. So wenig es mir einfallen
1213 2209 3127 2480 wird etwa einen Rabbiner in der Ausübung
1235 2414 3074 2700 seiner religiösen Pflichten zu hindern.
1294 2746 1999 2976 tresé heure j'est
