3352 4072
2643 348 2844 481 288
910 504 2784 714 leistest. Ich a be Dir mein Wort, dass
899 659 2867 810 keine üblen Folgen für Dich darauf re-
902 795 2462 991 sultieren werden.
1485 902 2193 1038 Es müde dem
902 975 2883 1147 Bem hardi: Und diesmal ist’s sogar mög
308 936 753 1137 Es Knab
910 1129 2778 1317 lich, dass Du Dein Wort halten wirst.
329 1129 638 1307 voll
894 1289 1827 1492 Flint: Bernhardi!
2227 1328 2588 1453 tend
899 1430 2836 1605 Bemardi: Da es mit keiner Gefahr für
902 1576 2420 1762 Deine Stellung verbunden ist.
894 1738 2935 1929 Flint: Bernhardi, ich ersuche Dich meine
904 1871 2948 2044 Geduld auf eine nicht zu harte Probe zu
915 2070 1333 2209 stellen.
902 2206 2747 2392 Bernhardi: Diesem Ersuchen Exzelenz
1942 2339 2904 2520 Erfüllung versagen
910 2371 1939 2527 muss ich leider die
917 2483 2925 2669 denn ich glaube, wir haben ein paar Wor-
915 2653 2175 2828 te miteinander zu reden.
920 2807 2946 2993 Flint: Nicht,dass ich wüsste. Keine swegs
910 2995 2256 3170 bin ich heute in der Lage.
915 3113 2888 3296 Bernhardi:Du bist in der Lage,Du soll
925 3262 2985 3455 test froh sein, dass Du in der Lage bist.
886 3419 2985 3688 (Denn immerhin wirst pu lieber hier unter
