3416 4152
2885 407 3072 535 195
1119 517 2821 687 Lehrkörpers davon in Kenntnis zu
1111 722 2959 843 setzen. Genehmigen Sie - und so wei¬
1123 838 2959 1020 ter und so weiter - Hofrat Wittmann
1114 993 2097 1173 als Schriftführer“.
1119 1141 2998 1318 Ebenwald: (beugt sich über den Brief)
1121 1313 2959 1483 Bernhardi: Bitte. (der Brief zirku-
1106 1486 3070 1594 liert.Bernhardi lächelt) Meine Herren,
1111 1587 3006 1786 Sie werden sich hoffentlich überzeu
1119 1754 3062 1907 gen, dass ich Ihnen keine Silbe dieses
1116 1912 3094 2070 interessahten Schreibens unterschlagen
1109 2097 3065 2225 habe. Das Kuratorium hat demissioniert
1109 2252 3060 2387 und die Tagesordnung unserer heutigen
1106 2370 3040 2533 Sitzung lautet logischer Weise: Stel-
1109 2535 2905 2663 lungnahme des Direktoriums und des
1111 2671 3082 2843 Plenums gegenüber dieser Tatsache. Herr
1111 2806 3025 3016 Professor Ebenwald wünscht das Wortl
1111 2984 2981 3149 Ebenwald: Ich stelle die Aufrage an
1111 3119 3060 3306 den Herrn Direktor,ob ihm die Ursache
1111 3279 2900 3449 bekannt ist, die das Kuratorium zur
1114 3437 3082 3629 Demission veranlasst hat,eine Anfrage.
1114 3600 3060 3792 die umso berechtigter ist, als das Ku-
