3352 4040
2765 340 2965 561 276
891 514 2412 680 Der Diener bringt eine Karte,
893 706 2960 857 Flint: Ebenwald? Was will denn der schon
901 875 1340 1007 wieder?
901 976 2955 1174 Herz: Es handelt sich um die Subvention
254 1088 740 1290 Rénalarum
891 1161 2043 1283 für das Elisabethinum.
332 1283 768 1433 here in the
891 1342 2516 1485 Flint: muss auch eine bekommen.
893 1451 2835 1594 Herz: Exzellenz, wir haben diesmal ei¬
896 1646 2752 1771 nen riesigen Voranschlag. Der Finanz.
878 1781 2757 1898 minister ist schon sehr bös auf uns
878 1926 2830 2082 Exzellenz wissen ja, ob wir den Neubau
880 2072 2934 2243 des physikalischen Instituts im Bud/get
875 2225 2503 2389 ausschuss durchbringen werden.
875 2360 2845 2503 Flint: Wenn nicht, verlange ich im Par.
888 2547 2833 2692 lament einen Separatkredit.Sie werden
865 2698 2191 2814 mir ihn nicht verweigern.
901 2838 2809 2986 (Das mugefähr müsste der Anfang sein.
862 3006 2897 3128 Cestern war Sitzung des Budgetausschus.
872 3131 1472 3279 ses etc.etc
883 3302 2814 3445 Flint: Ich glaube,wir sind heute wohl
865 3458 2952 3606 so wét, dass wir uns das erlauben können.
