3464 4200
2723 356 2918 476 212
1022 491 2978 686 ausgesprochen wird oder nicht ist ein
1027 634 2981 847 Privatangelegenheit und wie ich Ihnen
1037 829 2941 1007 sagen muss, nicht einmal für mich von
1045 977 3061 1162 besonderer Bedeutung. Doch mit Hinblück
1050 1140 2843 1340 auf Ihre Entschlüsse bezüglich des
1057 1285 2911 1473 Kuratoriums möchte ich Ihnen xx ver.
1070 1428 2991 1621 raten, obwohl ich noch nicht die offi¬
1075 1588 2968 1771 zielle Mission dazu habe, dass wir in
1082 1748 2818 1924 berechenbarer Zeit ein Kuratorium
1075 1884 2921 2089 nicht mehr benötigen werden. Was wir
1107 2039 3016 2247 ja schon längere Zeit erwarten,berei-
1100 2214 2978 2387 tet sich im Schosse des Ministeriums
1107 2377 2946 2540 vor, wie mir Sei ne Exzellenz gestern
1107 2538 3071 2703 angedeutet hat. Vielleicht noch in die
1117 2663 2843 2878 ser Session des VerParlamentes kommt
1127 2818 3091 3003 die Verstaatlichung unseres Institutes
1130 2951 2961 3164 zur Verhandlung und dass wir jeden-
1132 3116 2871 3317 falls binnen Kurzem eine grössere
1132 3292 3086 3452 Subvention erhalten werden,das glaube
1147 3427 2685 3645 ich Sie versichern zu dürfen.
1160 3575 3131 3843 Ebenwald: Jetzt - nach der G’schichte?
