3416 4104
325 310 907 547 13. 7. 1912.
2843 384 3040 574 164
1119 537 2281 764 Schreimann.- Ebenwald.
1111 705 3062 867 Ebenwald: Es ist doch merkwürdig, dass
1111 867 2974 1022 der Flint gestern mit dem Bernhardi
1109 1025 2993 1192 so lang auf dem Ball gesprochen hat,
1109 1173 3058 1311 trotzdem die sache mit dem Kuratorium
1094 1313 2587 1478 natürlich schon bekannt war.
1091 1500 3050 1646 Schreimann: Euf einem Ball - ich bit¬
1096 1621 1528 1752 te Dich
1082 1776 2971 1949 Ebenald: Dass er überhaupt dort war.
1077 1944 3040 2084 Schreimann: Da bisher nichts Offiziel-
1087 2092 2799 2222 les in der Affaire geschehen ist.
1069 2237 3053 2424 Ebenwald: Man kann doch nicht annehmen
1082 2387 2979 2543 dass sich die Sache plötzlich in den
1062 2540 2124 2720 Sand verlaufen wird.
1059 2708 2811 2865 Schreimann: Die witzung heute ist
1057 2848 2905 3040 doch jedenfalls wegen der Demission
1054 3006 1587 3183 anbbraumt.
1047 3173 2959 3329 Ebenwald: Offenbar. (plötzlich) Kann
1052 3306 2533 3484 ioh mich auf Dich verlassen?
1037 3469 2883 3654 Schreimann: (leicht) Ich erlaube mir
1037 3619 3001 3858 diese Frage etwas sonderbar zu finden.
