3416 4024
2215 212 2524 398 2 4 8 -
2590 254 2773 370 258
1332 398 2244 624 Bernhardt. Pfarrer.
1007 587 2952 734 Bernhard is Sie Hochwürden? Dieses Besuchs
1350 710 2419 886 war ich nicht gevärtig.
1088 862 3143 1041 farrer: Ich will Sie nicht lange in Anspruch
1355 1001 3135 1193 nehmen. Was ich Ihnen zu sagen habe ist
1353 1169 3101 1350 rasch erledigt. Ich habe Ihnen Uebles
1358 1353 2917 1455 zugefügt, es ist mir ein Bedürfn is
1366 1486 2682 1688 Die um Verzeihung zu bitten.
1028 1641 2933 1798 Bemhardt: Von allen, die an dieser Sache
1371 1775 2936 1916 beteiligt s ind, haben Sie hiezu am
1360 1934 2849 2079 wenigs ten Anlass, Hochwürden.Sie
1374 2089 3072 2218 konnten nicht anders handeln als Ste
1777 2194 1979 2301 tale.
1387 2244 2653 2372 gehandelt, so penig wie ich.
1051 2315 3156 2530 Pfarrer: Ich weiss, dass nur die reinsten Moti¬
1387 2535 3083 2658 ve Sie veranlassten mir den Eintritt
1389 2705 2978 2818 zu jener Sterbenden zu verweigern.
1056 2799 3041 2978 Bernhardt: So wenig ich daran ###e if###e, dass
1387 2967 3135 3130 Sie im Festen Glauben an die nerläss
1395 3146 3062 3292 lichkeit Ihrer geistlichen Handlung
1402 3261 3004 3442 auf dem Eintritt bestehen wollten.
1072 3413 3054 3675 Pfarrer(zögernd): Sie aber,Herr Professor,
