3368 4024
2401 307 2606 423 245
1169 487 2958 631 ren, der nicht minder hoch anzuschlagen
1158 616 2588 788 war, weil er nicht zugleich den
1158 745 2951 923 Freispruch des Klienten bedeutete.Denn
1161 902 2728 1110 dass Ihr Posten ehrenvoll und zu¬
1158 1044 2910 1207 gleich verloren war, darüber haben Sie
1158 1207 2667 1397 sich natürlich bei der Macht der
1151 1387 2685 1529 Jetzt herrschenden Strömung kaum
1161 1513 2439 1698 einer Täuschung hingeben.
1146 1683 2109 1802 Diener kommt melden.
824 1838 2819 1982 Bernhardt: Es ist ein kleines Souper arran¬
1156 1965 2763 2104 giert, ein improvis tertes Festessen.
1156 2127 2679 2287 souusagen, toh weiss nicht,ob ich
1143 2289 2573 2441 Dich bitten darf teilzunehmen.
821 2406 2854 2586 Flint: Das wird mir allerdings leider nicht
1148 2581 2758 2725 möglich sein, ich habe in fünfzehn
1133 2745 2773 2892 Minuten eine wichtige Konferenz im
1136 2859 2753 3034 Ministerium.Allerdings, wenn Du die
1141 3055 2705 3212 Freundlichkeit haben wolltest mir
1143 3214 2766 3328 diese fünfzehn Minuten privatim zu
2532 3278 2788 3369 feind
1143 3323 2748 3455 widmen,so würdest Du und Deine, die
1143 3468 2712 3623 auf Dich verzichten müss ten,nicht
