3448 4120
2829 318 3011 442 242
1080 439 3104 621 Bernhardi: Ich danke bestens. Wer nicht
1080 621 3107 762 für mich ist, ist wider mich.Guten Abend
1088 772 2862 946 meine Herren. (an der Türe), die er
1093 939 3076 1060 öffnet) Ah, das trifft sich ja gut.Herr
1088 1110 3076 1249 Doktor Hochroitzpointner.Bitte nur he-
1093 1267 1941 1401 reinzuspazieren.
1095 1396 3107 1562 Löwenstein: Exkneipe, Herr Vizedirektor!
1100 1545 3109 1716 Bernhardi: So, nun sind die Herrschaften
1103 1678 3071 1837 unter sich. Ich wünsche gute Unterhal-
1105 1868 2923 2037 tung! (er geht, gefolgt von Cyprian,
1108 2019 2360 2181 Pflugfelder, Löwenstein).
1110 2158 3094 2297 Ebenwald: Die Sitzung dauert fort,mei-
1110 2347 1648 2488 ne Herren!
