3400 4152
2854 411 3027 537 20B
1057 502 1846 710 Pflugf.: Bravo!
1040 688 2413 864 Löwenstein: Ausgezeichnet!
1035 846 3020 1015 Adler: (nickt,aber etwas unentschlossen
1044 1007 2930 1153 Wenger : (blickt zu Adler, dann zu den
1044 1178 1411 1332 Andern)
1035 1287 2975 1487 Bernhardi: Herr Vizedirektor Ebenwald
1022 1487 1708 1621 hat das Wort.
1027 1606 2822 1765 Ebenwald: Meine Herren! Ich glaube
1037 1787 2970 1928 dass der höchst schwierigen Situation
1025 1943 2958 2101 gegenüber, in die unser Institut gera-
1037 2114 2960 2230 ten ist eine etwas weniger gemütvolle
1017 2257 2985 2383 Betrachtung Betragtung der Angelegen-
1007 2378 2844 2517 heit zu empfehlen wäre und dass wir
1015 2562 2888 2675 als Männer, als Mitglieder des Elisa-
1012 2710 2797 2839 bethinums vor allem die praktische
1000 2859 2799 2997 Seite der Frage in Erwägung zu
1002 3010 2849 3136 ziehen haben. Meine Herren, täuschen
1000 3166 2928 3282 wir uns nicht,die Demission des Kura-
1010 3326 2958 3438 toriums ist unter den heutigen Umstän-
985 3420 2782 3596 den so ziemlich das Schlimmste, was
995 3586 2814 3802 unserem Institute passieren konnte.
