3448 4136
2792 428 3001 613 176
1042 569 2677 757 Filitz tritt ein.- Schreimann,-
1039 752 2256 925 Ebenwald.- Pflugfelder.
1047 922 1628 1059 Begrüssung
1047 1025 2847 1210 Pilitzä Warum wir hier sind wissen
1039 1193 2894 1385 Sie ja.meine Herren. Ich will Ihnen
1047 1387 2918 1543 gleich sagen, was ich zu tun gedenke,
1037 1538 2986 1670 Sie können ja das halten, wie Sie wol¬
1054 1677 2855 1806 len. Ich für meinen Teil folge dem
1059 1818 2840 1988 guten Beispiel des Kuratoriums,und
1061 1976 1777 2156 demissioniere.
1051 2159 1806 2290 Ebenwald: Wie?
1068 2307 1701 2451 Pflugf.: He!
1059 2419 2994 2624 Pilitz: Ich wüsste nicht, was man kör-
1049 2590 2862 2743 rekter Weise anderes tun kann,wenn
1042 2711 2996 2911 man nicht direkt die Absicht hat sich
1049 2886 2845 3059 mit dem unglaublichen Benehmen des
1051 3064 3001 3254 Herrn pirektors solidarisch zu erklä-
1064 3256 1538 3378 ren und -
1068 3359 3003 3551 Ebenwald: Verzeihen sie,Herr Profes-
1066 3548 2964 3668 sor, ich bin durchaus niht Ihrer An-
1066 3655 3006 3860 sicht. Es gibt sicher eine andere Art
