3448 4120
2777 371 2978 549 225
974 544 2875 737 Ad er: Wer hat denn das Recht unsere
974 703 2306 904 Beschlüsse zu annulieren?
976 842 2824 1082 Löwenstein: Professor Bernhardi ist
974 1012 2999 1172 heute noch Direktor des Elisabethinums.
989 1146 2445 1360 Filitz: Für mich nicht mehr!
984 1291 3055 1525 Caprian: Lass über meinen Antrag abstim
979 1517 1203 1667 men
994 1590 2937 1788 Adler: Meine Herren,gestatten sie mir
989 1772 2883 1935 nur ein paar Worte. Wenn die vom Mi¬
987 1904 2852 2082 nister für Kultus und Unterricht in
994 2079 2994 2249 Aussicht gestellte Untersuchung zu ei-
1000 2231 2991 2391 ner Verhandlung führen sollte,wird un-
1000 2370 3027 2556 ter anderm auf meine Aussage nicht ver-
1000 2543 3014 2705 zichtet werden können, da ich bei jenem
1010 2674 2852 2829 Vorfall anwesend war. Und nicht nur
1023 2824 2947 2983 ich,sondern alle hier Anwesenden wis-
1020 2970 2955 3135 sen, dass der in Rede stehende Vorfall
1030 3140 3017 3290 von den Herren Interpellanten in einer
1020 3305 3019 3488 der Wahrheit nicht völlig entsprechen.
1030 3429 2973 3617 den Weise geschildert worden ist.Aber
1041 3589 2929 3761 gerade weil ich von der Unschuld des
