3384 4120
2528 550 2719 694 218
1011 667 2516 863 Cyprian: Was fallt Dir dem ein!
996 843 2357 1026 Löwensteini Sie dürfen nicht.
991 991 2642 1133 Pflugf.: Es muss abgestimt werden.
991 1138 2776 1321 Bernhardt : Wozu! Für die Suspendierung
1279 1284 2781 1470 sind Ebenald, Frankl, Filitz,Adler
987 1428 2444 1596 Löpenstein: Das sind erst vier.
987 1626 2935 1785 Bernhardt : Und den Doktor Wonger will ich
1269 1752 2860 1926 in ke inen inneren Konfl iktbringen.
1249 1891 2913 2047 Er würde vielleicht aus Dankbarkeit
1259 2028 3056 2218 für mich stimmen, weil ich vor vter zehn
1257 2176 2779 2382 Tagen für ihn dirimiert habe und
1254 2365 2965 2528 Cliquenwesen soll doch bei uns nicht
1259 2449 2992 2707 einreissen. Ich erkläre mich für sus¬
1242 2627 1693 2816 pendiert.
969 2749 2957 2987 Wenger: Herr Professor, Ich verehre Sie, ich
1252 2947 2940 3143 liebe Sie, ich werde Ihnen ewig dank-
1249 3106 2984 3274 bar sein, aber es ist nicht notwendig,
1247 3252 2965 3411 dass Sie es mir so leicht machen. Ich
1244 3408 2982 3592 bin ganz der Meinung von Dr.Adler.Ge¬
1249 3550 2818 3768 rade weil Sie schuldlos sind kann
