3528 4296
2968 540 3095 665 54
2602 569 2875 696 H.Ovol
1779 704 1954 829 que
1035 654 2928 935 Sterben offenbar verschiedene Dinge, Ich
1266 863 2007 1014 de tuer lu est durché.
1043 950 1848 1088 nehm-es auf mich:
990 980 2918 1300 Bern: Sie können nichts (auf sich nehken)
1821 950 1941 1101 he
1070 1152 2854 1369 Hochwürden, Sie wissen nichts von ihr.
1054 1239 3196 1575 [Ich stelle nicht in Abrede, dass der Kranken
1099 1382 3156 1644 vielleicht schon die Auffassung fehlen kann,
1162 1504 3106 1769 dass ihre Plantasie Ihre Erscheinung Hoch
1117 1620 3095 1951 würden in einer von uns gar nichtvorherzu
1144 1771 3158 2049 sehenden Weise verarbeitet, dass S sie Sie
1157 1904 3169 2195 vielleicht für etwas ganz andres hält, aber
1170 2076 2918 2335 da wir darauf nicht rechnen können.
1173 2166 3196 2467 Pfarrer: Noch eins kommt dazu, dass mir die
1183 2293 3233 2613 Schwester berichtet, es handle sich hier um
1220 2399 3233 2745 eine schwere Sünderin, die Absolution nötig
1228 2655 3304 3031 Bernh: Sind wir nicht allzumal Sünder, Hoch
1215 2751 1427 2902 hat.
1308 2973 3198 3286 Pfarrer- Ich seh auch davon ab, aber ich
1260 3013 1602 3169 würden.
1276 3108 3211 3439 na he Sie aufmerksam Herr Professor, dass
1297 3256 3193 3577 es Ihnen gar nicht bekannt sein kann, ob
1318 3365 3286 3701 die Kranke nicht in irgend einer Tiefe des
1316 3521 3410 3823 Herzens, in die hineinzusehen uns allen nicht
