3480 4280
2702 520 2887 670 135
1045 673 2826 836 gabter ist wie der Hell,das mag ja
1026 839 2934 997 richtig sein, aber der Wenger ist ein
1034 1003 2837 1137 ekelhafter Kerl und ich finde, jede
1042 1161 2889 1322 öffentliche Stellung erfordert auch
1042 1293 2924 1467 eine gewisse Würde, eine sewisse Hal-
1034 1451 2847 1612 tung. Und in der Affaire Bernhardi
1040 1607 2945 1739 bin ich selbstverständlich auch ganz
406 1752 879 1908 will etw¬
1045 1720 2924 1900 eines Sinnes mit Dir, weil ich finde,
332 1860 847 2029 reil ist der
1040 1908 2668 2053 dass er sich blöd benommen hat.
327 1982 850 2188 Cussietin
1034 2066 2950 2232 Ebenwald: Ah, das ist schon ärger als
1045 2193 3166 2351 blod... slos i a deminsbâtiv... I sh iar j wst det
1106 2312 2137 2425 ale wo um de Hoch...
1053 2356 2789 2578 Frankl Aber um auf Deine frühere
259 2425 823 2620 f hien nach
1063 2533 2905 2665 Bemerkung zurückzukommen, ob Du nich
280 2573 842 2721 dé à il veut
269 2684 844 2839 alles glaite
1048 2692 2847 2821 auf mich verlassen kannst,was soll
296 2781 858 2958 I am hette de
1050 2837 2850 2977 denn eigentlich geschehen, was hast
230 2911 926 3116 su cme pnod...
224 2995 873 3227 unter un. de
1053 3016 1707 3137 Du denn vor?
214 3127 823 3333 revi and Ouse
1053 3124 2808 3343 Ebenwald: Ja, ich weiss noch nicht
222 3264 747 3483 your habes
1061 3280 2905 3449 recht. Man wird halt sehen, wie sich
1056 3438 2863 3589 die Dinge entwickeln.Die Demission
1056 3562 2955 3763 des Kuratoriums ist ja ganz gut, aber
