3336 4088
319 342 836 608 from t. t.
831 540 2772 726 Aufwand wert.Das ist,wie wenn man die
841 711 2730 894 soziale Frage lösen wollte, indem man
839 889 2810 1037 einem Kohlenarbeiter eine Villa kauft.
854 997 2730 1228 Bernhardi: Aber Sie vergessen immer,
859 1168 2782 1356 ich habe ja keine Frage lösen wollen.
866 1359 2885 1509 Ich habe einfach getan, was ich für rich
861 1519 1803 1672 tig gehalten habe.
869 1622 2705 1791 Herz: So was muss man sich eben auch
864 1770 2820 1949 überlegen. Wenn man immerfort das Rich-
869 1964 2755 2099 tige täte oder vielmehr, wenn man nur
871 2104 2828 2250 einmal in der Früh anfinge das Richti.
879 2253 2810 2426 ge zu tun,so sässe man noch vor Abend
886 2441 1517 2574 im Kriminal.
881 2531 2815 2725 Bernhardi: Aber Sie hätten ja in mei-
884 2722 2443 2895 nem Fall genau dasselbe getan.
884 2865 2737 3069 Herz: Möglich, da wäre ich halt grad
1612 3014 2539 3172 gewesen wie Sie.
889 3056 1572 3204 so ein Viech
