3336 4072
2555 369 2843 561 23 u
1063 393 2886 734 Flint: Ja, auch das wäre zu erwägen.
1063 698 2884 885 Aber ich glaube, das ergibt erst der
1058 822 2827 987 Moment. Wichtig ist natürlich nur,
1065 968 2829 1155 dass vorläufig all das ein Geheim
1061 1108 2881 1300 nis zwischen uns bleibt. Ich meine,
1065 1297 2952 1465 dass Du auch Deinen Freunden von die-
1051 1463 2770 1577 ser Ebenwald-Sache kein Wort mit-
1068 1577 2784 1731 teilst. Du behältst Dir natürlich
1061 1761 2912 1875 eine Abschrift von dem Brief zurück,
1058 1901 2834 2048 aber der Inhalt des Briefes bleibt
1063 2088 2895 2195 geheim bis zu dem Moment, wo ich ihn
1056 2197 2955 2327 im Parlament auf den Tisch des Hauses
2273 2299 2581 2403 walt
1707 2315 1885 2401 wir
1058 2358 2749 2493 lege. Das könnte eine Riesenwir-
1049 2510 1664 2654 kung machen.
1641 2519 1830 2692 my
1044 2581 2938 2872 Bernhardi: Ich will Dir doch noch et-
1046 2815 2787 2974 was zu bedenken geben. Du hast es
1049 2938 2931 3120 selbst gesagt. Die Partei,die hinter
1049 3094 2829 3284 diesen Leuean steht,ist sehr kühn,
1054 3300 2940 3445 sehr stark und es ist sehr die Frage,
1063 3454 2966 3613 ob Du ohne sie wirst regieren können.
298 3483 703 3639 in rin-
308 3599 758 3748 aller in
1044 3606 2836 3750 Also, wenn Dir Dein Amt lieber sein
334 3648 871 3809 unt — taule
831 3712 1984 3899 2 kundetenen d tot
372 3767 817 3913 Allertz.
