3448 4120
2772 360 2969 507 239
990 512 2822 675 die Finblick in das wirkliche Elend
993 693 2926 839 der Welt haben, dass wir diesen jämmer
995 844 2870 988 lichen Schwindel mitmachen? und eine
998 975 2908 1137 lädherlich. Parlamentsparodie auffüh-
1837 1094 2104 1189 Wider
1157 1124 1333 1222 mit
998 1129 2838 1341 ren, Für und xxx mit Anträgen
1013 1283 2921 1454 und Winkelzügen und all der lächerli-
1013 1457 2979 1600 ohhn Ueberschätzung unwesentlicher Me-
995 1565 2938 1746 mente, mit all dem Rücksichtnehmen, Hi¬
1018 1739 3001 1908 nauf-und Hinunterschieben, mit der gan¬
2049 1819 2890 1938 Schönschwätzerei
1018 1905 3009 2066 zen Unaufrichtigkeit,Schönreduersi der
1033 2064 3011 2225 Tagespolitik und Wichtignehmerei des
1023 2190 2906 2344 Unwesantlichen, wie es nun einmal Art
1046 2354 2979 2545 der Tagespolitiker ist, statt den Kern
1046 2487 2969 2681 der Sache zu sehen,uns dieser vergan¬
1051 2654 2986 2860 genen Stunde ein wenig zu schäman und
1048 2807 2933 3009 dem Professor Bernhardi zu sagen: Du
1056 2938 3029 3125 hast Recht getan.Du konntest nicht an-
1056 3092 3082 3316 ders tun, Du bist - (Indess haben Schrei
1061 3243 3087 3465 mann und Filitz Ebennald angelegentlich
1066 3468 1580 3631 zugere det
1068 3588 1915 3767 pilitz: Phrasen!
