3480 4200
2565 283 2691 477 82
1036 518 2916 704 ernstlich, dass sie von einer durchlauch-
1058 670 2643 837 tigsten Gans nicht empfangen wurde.
1043 801 2991 995 Fielitz: Diese Art der Beantwortung über¬
2618 910 2800 1012 dine
1058 937 2897 1123 hebt mich allerdings alles Weiteren. Ich
1067 1113 2330 1302 habe die Ehre, meine Herren.
1067 1283 1682 1454 (Fielitz ab).
1062 1430 2943 1600 Cyprian: Das war nicht klug, lieber Bern¬
1070 1588 2846 1771 hardt und nebstbei ist die Fürstin al¬
1079 1730 2737 1943 les cher als eine Gans.Sie ist eine
1091 1897 1919 2072 sehr kluge Person.
