3432 4216
2539 486 2671 592 67.
1092 606 2729 789 Dir das nur vorstellen in so einem
1099 787 2865 947 Nest. Keine Assistenz,allein muss man
1130 970 2868 1106 alle s machen. Wie vielen ich das Leben
1132 1090 2957 1266 gerettet habe, das, das fällt nicht ins
1125 1252 3011 1402 Gewicht. Einmal hat man Malheur und alles
1141 1466 1513 1592 is t aus.
1137 1557 2990 1708 Oskar: Na, es wird nicht so arg sein, dte
1130 1726 2978 1902 Sachverständigen haben ja auch noch ein
1141 1907 1799 2034 Wort zu reden.
1755 1919 2450 2062 Le forboerst àndrie
1141 1994 2990 2159 Feuermann: Ja, also das ist es, Karum bin
1158 2180 2950 2339 ich hier, darum wollte ich Deinen Herrn
594 2220 951 2417 S is y
1146 2328 2999 2534 Papa - (Er war immer so freundlich gegen
402 2386 824 2527 mit 1. d
1153 2499 2910 2631 mich,wie wir damals den Eurs zusammen
378 2537 949 2687 un cet-ci
1179 2628 2912 2783 bei ihn genommen haben. Und dann – er
364 2633 1050 2802 koment suglem
359 2755 1048 2952 mit Flint
1179 2790 2877 2945 ist ja Direktor vom Elisabetinum und
1174 2948 2800 3114 sehr befreundet mit Fielitz, der im
1181 3065 2964 3253 Elisabetinum dte gynäkologtsche Abtei-
608 3161 1087 3340 Befreundel.
1181 3251 2927 3408 lung leitet. Fielitz ist nämlich Sach¬
1769 3345 2081 3457 gela de
754 3331 930 3476 n0
1191 3382 2941 3582 verständiger. Und da wollte ich Deinen
1179 3542 2976 3718 Herrn Papa biten, ob er nicht bei Fie¬
1200 3645 2898 3882 litz - Oh, ich will keine Protektion.
