3448 4136
2541 422 2730 586 214
1341 550 2773 750 Bischof und wo stattstisch 93d.
1338 714 3026 883 Christen behandelt werden die behan¬
535 740 1068 952 ave 2 1/2
477 916 1145 1167 sud ister selv
1343 868 2867 1063 delnden Aerzte zur überwiegenden
1326 1022 2932 1177 Anzahl einer andern Konfession zu-
395 1090 1143 1358 Sai ist hebeusent
434 1198 1153 1466 Le scheut nog
1348 1184 3016 1341 gehören. Ein kleinlicher Standpunkt,
448 1307 1114 1587 de Kaiphart
1338 1319 2908 1529 zugegeben, aber er existiert,me ino
1333 1478 3072 1632 Herren. Und ich verstehere Sie verzei¬
1338 1628 3120 1825 hen Sie „meine Heren, in meinem Bauern¬
1343 1789 2990 1963 schädel hab ich mir halt gedacht, es
1343 1905 3045 2095 ist noch immer besser,wenn einmal in
1336 2081 2816 2259 unserm Institut das perzentuale
1353 2238 2949 2428 Verhältnis zu Gunsten der Christen
1336 2380 3132 2539 verschoben wird, als wenn es in Schwuli
1353 2537 3053 2691 täten gerät oder gar flöten geht. Und
1348 2693 2517 2881 da war neulich ein Fall -
1075 2845 1787 3004 Lövenstein' Aha
1051 3007 2992 3154 Ebenw.: Wie gerähnlich ganz Ihrer Meinung,
1333 3135 3135 3335 Herr Kollega Löwenstein,es var nämlich
1341 3287 2869 3463 die Frage vor der Nachfolger von
1348 3441 3000 3617 Prof.Altmann werden soll der Dozent
1336 3561 2910 3817 Hell aus Graz oder der Dozent Dr.
