3400 4136
2740 433 2924 617 188
1011 583 2965 776 dass man sie immer wieder aussprechen
1009 727 2863 943 muss. Aber diese Interpellation ist
1031 931 2757 1092 ja wieder nichts als ein Vorstoss
1024 1048 2860 1256 dieser Leute, ein neuer Versuch ihre
1011 1205 2750 1371 Macht zu beweisen, eine Perfidie -
1028 1366 1670 1565 Pilitz: oho!
1033 1518 2809 1692 Pflugf.: Janohl, eine PerfidieIAlle
1024 1687 2946 1839 die Leute,die da unterschrieben sind,
1021 1827 2870 1976 nicht nur Ihr Herr Vetter,Professor
1021 1964 2946 2108 Ebenwald, auch der Fürst Weissenstein,
1024 2148 2833 2268 sogar der Prälat Winter,die wissen
1024 2292 2919 2419 so gut wie ich und wie Sie,  dass
1041 2429 2919 2571 es dem Bernhardi nicht im Traum ein-
1051 2559 2838 2745 gefallen ist irgend eines Menschen
1033 2738 3005 2909 religiöse Gefühle verletzen zu wollen.
1033 2860 2552 3073 Filitz: Aber er hat es getan.
1031 3039 2919 3242 Pflugf.: Nein, er hat es nicht getan.
1033 3196 2975 3365 Nur die, die die Sache aufbauschen, die
1033 3372 2882 3521 aus ihr eine Affaire machen, die tun
1046 3538 2841 3661 es. Bernhardi hat aus den reinsten
1033 3641 3005 3830 Motiven gehandelt, aus wahrhaft mensch-
