3352 4056
2776 327 2965 519 281
910 509 1598 706 Herz. Altmann
910 649 2694 854 Herz:Habe die Ehre, Herr Professor.
910 790 2899 1028 Altmann: ich will sie ht lange stö-
923 979 2855 1117 ren,Herr Hofrat.Wenn muntre Reden sie
915 1140 2901 1327 begleiten,so fliesst die Arbeit munter
915 1293 1521 1447 fort - wie?
915 1429 2758 1603 Herz: Das kann man in dem Fall wohl
915 1593 1869 1720 nicht sagen, aber -
905 1733 2855 1927 Altmann: Sie können sich wohl denken,
915 1897 2871 2017 warum ich komme, es han alt sich - Ich
915 2030 2850 2203 komme lieber gleich in medias res. Was
918 2193 2357 2319 ist's mit dem Hofratstitel?
915 2331 2901 2482 Herz: Nur noch ein bischen Geduld, Herr
918 2505 2873 2682 Professor,es ist alles auf dem besten
910 2666 1191 2850 Nege
915 2794 2871 2996 Altmann: Mir persönlich wäre es natür
918 2950 2863 3139 lich ganz gleichgültig, ich kann nicht
918 3119 2968 3272 mehr werden als ich bin. Es ist nur-ganz
915 3280 2917 3459 ehrlich-meine Frau - Sie wissen ja,wie
915 3415 2952 3586 die Fraüen sind. Es wäre ein schönes Ge-
