3416 4216
2621 442 2910 604 135 c
1107 601 3035 778 sion ist für die Katz, wenn nichts an-
1116 763 3011 915 deres dabei herauskommt als eine Hin
1109 910 2991 1094 und Herrederei oder eine Resolution.
1107 1089 2952 1234 Die Sache muss meines Erachtens auf
1109 1244 2805 1374 die Spitze getrieben werden. Man
1107 1384 2677 1526 muss die Gelegenheit benützen.
1109 1546 2319 1691 Frankl: Ah,Du glaubst -
1109 1700 3065 1835 Ebenwald: Gar nix glaub ich, sonst bin
390 1757 886 1921 Fr. Neah.
1109 1850 2957 1990 ich ja gleich wieder der Intrigant
312 1907 856 2098 si reddin
1109 2024 3079 2127 Er soll selber den ganzen Krempel hin¬
1109 2179 1700 2304 schmeissen.
1114 2255 2895 2434 Frankl: Hinschmeissen? Ah, aus Ekel
1112 2483 1654 2603 meinst Du?
1112 2630 3008 2814 Ebenwald: Warum denn Ekel? Sagen wir
1107 2775 2633 2930 aus beleidigtem Selbstgefühl.
