3432 4120
2808 445 2998 601 165
1080 554 2892 758 Ebenwald: Na hör auf, wir sind doch
1090 741 2208 945 keine Studenten mehr.
1088 893 2988 1076 Schreimann: Du kannst Dich immer auf
1078 1066 3059 1216 mich verlassen, wenn ich Deiner Ansicht
1085 1236 2934 1403 bin. Und da ja das glücklicherweise
1078 1354 2309 1528 meistens der Fall ist,-
1088 1521 2993 1664 Ebenwald: Es könnte aber doch Fragen
1093 1711 2988 1824 geben, in denen Dir ein Zusammengehen
1080 1851 2990 2008 mit mir gewisse Bedenken verursachen
1083 2006 1408 2127 würde.
1078 2146 3032 2321 Schreimann: Gewisse Fragen.Drück Dich
1078 2304 2789 2451 klarer aus. Du meinst die Affaire
1080 2439 1620 2582 Bernhardi.
1088 2602 2065 2759 Ebenald:Natürlich
1080 2730 2978 2914 Schreimann: Ich hab mir schon einmal
1078 2904 3045 3047 gesagt,lieber Ebenwald,dass diese Frau
1078 3059 2892 3205 ge für mich überhaupt nicht zu den
1076 3173 2981 3345 religiösen oder konfessionellen,son-
1080 3372 2966 3552 dern zu den Fragen des Takts gehört.
1080 3495 2981 3724 Aber ganz abgesehen davon, ich möchte
