3512 4232
2568 557 2752 761 173
1219 753 2834 899 wir ja alle auch ausserhalb dieses
1228 908 2871 1049 Saales noch allerlei zu tun haben,-
950 1093 1909 1269 Löwens te in:Sehr gut.
954 1204 2902 1403 Bernhardi:- und unsere Diskussionen nicht
1245 1371 2905 1524 unnötig in die Lämge gezogen werden
1255 1526 2861 1679 sollen, so erwidere ich die Anfrage
1252 1696 2992 1836 des Herrn Prof.Ebenwald mit gebotener
1243 1851 2951 2013 Kürze: Ja, Herr Professor, die Ursache
1260 1979 3094 2127 ist mir bekannt.Es ist derselbe Vorfall
1257 2137 2926 2289 von dem Sie eins Schilderung soeben
1267 2297 2880 2427 in den Abendblättern mit grösserem
1267 2435 2919 2611 oder geringeren Vergnügen unter der
1262 2553 3021 2757 Form einer sogenannten Interpellation
283 2653 1025 2863 Elle. Le Juleut
1279 2711 2885 2936 gelesen haben. Allerdings ein venig
531 2781 1165 3033 gebest auch der
1274 2846 3077 3077 entstellt,wie nicht anders zu erwarten
1272 3018 2902 3203 war, aber im Kern nicht einmal ganz
1284 3198 3031 3341 unrichtig,abgesehen natürlich von der
1282 3333 3026 3510 Gewalttätigkeit, die ich angeblich an¬
1332 3498 2999 3639 gewendet hätte,- Na aber das wissen
1282 3660 2960 3820 Sie ja alle,meine Herren, einige von
