3416 4152
2665 390 2812 557 55
876 506 2903 782 Herr Professor. Keine swegs aber haben Si
1881 671 2407 782 an michlien
881 737 2832 934 Sie meines Erachtens einen Grund, dass
899 878 2787 1101 nicht irgendwo in der tiefsten Tiefe
916 1023 2794 1245 Ihrer Seele, die Gott allein sieht,in
911 1182 2919 1382 diesem letzten Augenblick die Sehnsucht
924 1329 2858 1531 wach ist sich durch eine Beichte
939 1496 2858 1698 durch eine ihrer Sünden zu entlasten.
932 1640 2832 1835 Bernhardi: Ich widderhole Hochwürden
947 1792 2931 2012 die Kranke weiss nicht, dass sie verlo¬
2321 1866 2807 1984 zu sein.
954 1954 2924 2139 ren ist, sie ist glücklich,sie bereut
962 2109 2139 2316 nichts.
980 2263 2921 2481 Pfarreri So ist meine Anwesenheit nur
985 2392 2827 2597 umso dringender notwendig.Mit jedem
987 2529 2911 2739 Wort, das Sie sprechen. Herr Professor,
1863 2638 2572 2792 iné duizent.
990 2708 3025 2951 wird es mir klarer, dass ich hier bin, um
1015 2843 2893 3053 eine heilige Pflicht zu erfüllen und
1015 3022 3007 3212 dass ich mich zum Mitschuldigen machen
1025 3149 2800 3369 würde, wenn ich von dieser Schwelle
1025 3336 3007 3524 wiche, ohne dieser Sterbenden die Trös
1045 3478 3053 3729 tungen un erer heiligen Religion verab.
