3448 4120
2757 217 2958 405 240
951 418 2802 615 Schreimann:Herr Professor Bernhardi
961 541 2861 780 hat die Direktion niedergelegt,damit
964 717 2882 931 hat Herr Professor Ebenwald als Vize.
977 862 2810 1086 direktor die Leitung des Institutes
969 1046 2711 1242 und somit auch die Leitung dieser
977 1196 1986 1380 Sitzung übernommen.
994 1303 2823 1538 Löwenstein: Nein! (grosse Unruhe!)
987 1487 3034 1668 Filitz: Wir stehen nun auch vor der Fm
994 1665 2994 1851 ge, wer die Leitung von Professor Bern -
1002 1813 2425 2017 hardis Abteilung übernimmt.
1007 1992 1966 2155 Pflugf.: Unerhört!
1025 2101 2810 2300 Cyprian: Was fällt Ihnen denn ein?
1017 2257 2966 2499 Bernhardi: Meine Herren, ich bin nicht
1025 2372 2874 2560 mehr Direktor, aber ich bin Mitglied
1030 2489 3060 2736 des Institutes und Leiter der Abteilung
1038 2660 2986 2892 Adler: Das ist ja selbstverständlich.
1040 2866 3032 3052 Ebenwald: Es ist die Frage,ob der sus-
1053 2955 3001 3190 pendierte Direktor des Institutes die
1063 3159 2190 3333 Leitung der Abteilung
1063 3256 2570 3501 Pflugf.: Das ist keine Frage.
1068 3397 2920 3634 Bernhardi: Es hat natürlich niemand
