<?xml version="1.0" encoding="UTF-8" standalone="yes"?>
<PcGts xmlns="http://schema.primaresearch.org/PAGE/gts/pagecontent/2013-07-15" xmlns:xsi="http://www.w3.org/2001/XMLSchema-instance" xsi:schemaLocation="http://schema.primaresearch.org/PAGE/gts/pagecontent/2013-07-15 http://schema.primaresearch.org/PAGE/gts/pagecontent/2013-07-15/pagecontent.xsd">
    <Metadata>
        <Creator>prov=READ-COOP:name=TrHtr:version=2.1.0:model_id=51170:date=30_07_2023_11:44</Creator>
        <Created>2023-05-10T13:39:16.012+02:00</Created>
        <LastChange>2023-07-30T11:44:53.222+02:00</LastChange>
        <TranskribusMetadata docId="1428586" pageId="55413855" pageNr="74" tsid="131501476" status="IN_PROGRESS" userId="64420" imgUrl="https://files.transkribus.eu/Get?id=QVYDNWYRKKNTOKDFQAGMDVEK&amp;fileType=view" xmlUrl="https://files.transkribus.eu/Get?id=YXINNQLBJWNYQGZFQADXQVYI" imageId="44687989"/>
    </Metadata>
    <Page imageFilename="1428586_0074.jpg" imageWidth="3384" imageHeight="4168">
        <ReadingOrder>
            <OrderedGroup id="ro_1711790793159" caption="Regions reading order">
                <RegionRefIndexed index="0" regionRef="tr_2"/>
                <RegionRefIndexed index="1" regionRef="tr_1"/>
            </OrderedGroup>
        </ReadingOrder>
        <TextRegion id="tr_2" custom="readingOrder {index:0;}">
            <Coords points="955,493 2937,493 2937,1702 955,1702"/>
            <TextLine id="tr_2_tl_1" custom="readingOrder {index:0;}">
                <Coords points="2792,567 2825,564 2850,582 2868,572 2885,587 2928,595 2930,477 2910,472 2895,477 2885,467 2875,472 2873,467 2845,474 2832,469 2815,484 2792,482"/>
                <Baseline points="2806,546 2851,546 2896,543 2937,546"/>
                <TextEquiv>
                    <Unicode>56</Unicode>
                </TextEquiv>
            </TextLine>
            <TextLine id="tr_2_tl_2" custom="readingOrder {index:1;}">
                <Coords points="941,798 1061,818 1292,768 1357,805 1478,765 1505,793 1661,770 1726,803 1771,795 1776,697 1626,707 1598,677 1530,707 1350,675 1249,700 1207,675 1059,715 1034,687 946,690"/>
                <Baseline points="955,785 973,788 1018,782 1062,782 1107,782 1152,779 1197,776 1242,776 1286,776 1331,773 1376,770 1421,767 1465,764 1510,764 1555,758 1600,758 1645,755 1689,755 1734,755 1779,758"/>
                <TextEquiv>
                    <Unicode>reicht zu haben.</Unicode>
                </TextEquiv>
            </TextLine>
            <TextLine id="tr_2_tl_3" custom="readingOrder {index:2;}">
                <Coords points="948,941 2449,936 2617,863 2883,881 2888,753 951,863"/>
                <Baseline points="961,940 964,940 1009,934 1053,934 1098,934 1143,931 1188,931 1233,928 1277,925 1322,922 1367,919 1412,919 1457,916 1501,916 1546,913 1591,910 1636,907 1680,907 1725,904 1770,901 1815,901 1860,898 1904,895 1949,895 1994,892 2039,892 2084,889 2128,886 2173,886 2218,883 2263,880 2307,877 2352,874 2397,874 2442,871 2487,868 2531,862 2576,862 2621,859 2666,859 2710,856 2755,853 2800,850 2845,850 2890,847"/>
                <TextEquiv>
                    <Unicode>Bernhardi: Von dieser Schuld wird Sie</Unicode>
                </TextEquiv>
            </TextLine>
            <TextLine id="tr_2_tl_4" custom="readingOrder {index:3;}">
                <Coords points="958,1114 2617,1064 2782,1029 2787,956 2587,918 2376,976 963,1004"/>
                <Baseline points="973,1092 1000,1089 1044,1086 1089,1086 1134,1086 1179,1083 1224,1080 1268,1077 1313,1074 1358,1071 1403,1071 1448,1068 1492,1065 1537,1065 1582,1065 1627,1065 1671,1062 1716,1059 1761,1056 1806,1053 1851,1050 1895,1053 1940,1047 1985,1042 2030,1042 2075,1039 2119,1039 2164,1036 2209,1036 2254,1033 2298,1030 2343,1027 2388,1030 2433,1027 2478,1024 2522,1021 2567,1018 2612,1015 2657,1012 2702,1009 2746,1006 2791,1006"/>
                <TextEquiv>
                    <Unicode>Ihr Gott und jeder irdische Richter</Unicode>
                </TextEquiv>
            </TextLine>
            <TextLine id="tr_2_tl_5" custom="readingOrder {index:4;}">
                <Coords points="1829,1139 1892,1146 1939,1126 1977,1141 1997,1124 2027,1126 2030,1089 1957,1084 1944,1076 1937,1084 1897,1049 1869,1059 1856,1059 1849,1051 1831,1056"/>
                <Baseline points="1842,1128 1854,1128 1898,1125 1943,1125 1988,1119 2033,1119"/>
                <TextEquiv>
                    <Unicode>Eugen</Unicode>
                </TextEquiv>
            </TextLine>
            <TextLine id="tr_2_tl_6" custom="readingOrder {index:5;}">
                <Coords points="951,1277 2697,1207 2925,1172 2930,1101 2426,1124 2203,1054 1882,1152 1593,1071 1367,1167 956,1174"/>
                <Baseline points="967,1242 1009,1239 1053,1239 1098,1236 1143,1236 1188,1233 1233,1233 1277,1230 1322,1230 1367,1227 1412,1227 1457,1224 1501,1221 1546,1218 1591,1218 1636,1215 1680,1212 1725,1209 1770,1209 1815,1206 1860,1203 1904,1203 1949,1200 1994,1197 2039,1194 2084,1191 2128,1188 2173,1188 2218,1185 2263,1185 2307,1182 2352,1179 2397,1179 2442,1176 2487,1176 2531,1173 2576,1173 2621,1170 2666,1164 2710,1164 2755,1161 2800,1158 2845,1155 2890,1149 2934,1146"/>
                <TextEquiv>
                    <Unicode>freisprechen denn ich als Arzt gestat-</Unicode>
                </TextEquiv>
            </TextLine>
            <TextLine id="tr_2_tl_7" custom="readingOrder {index:6;}">
                <Coords points="968,1405 2589,1377 2689,1355 2694,1257 2398,1224 1806,1312 973,1317"/>
                <Baseline points="985,1394 997,1391 1042,1391 1086,1385 1131,1382 1176,1382 1221,1379 1265,1376 1310,1376 1355,1376 1400,1373 1445,1373 1489,1370 1534,1367 1579,1364 1624,1364 1668,1361 1713,1361 1758,1358 1803,1358 1848,1355 1892,1352 1937,1349 1982,1346 2027,1346 2072,1343 2116,1340 2161,1337 2206,1337 2251,1334 2295,1331 2340,1331 2385,1328 2430,1325 2475,1322 2519,1322 2564,1322 2609,1319 2654,1316 2699,1319"/>
                <TextEquiv>
                    <Unicode>te Ihnen nicht an das Bett dieser</Unicode>
                </TextEquiv>
            </TextLine>
            <TextLine id="tr_2_tl_8" custom="readingOrder {index:7;}">
                <Coords points="976,1588 1262,1535 1716,1515 1824,1538 1912,1518 1914,1468 1739,1438 1362,1485 1295,1445 981,1475"/>
                <Baseline points="991,1540 1024,1540 1068,1540 1113,1537 1158,1540 1203,1537 1248,1534 1292,1531 1337,1531 1382,1528 1427,1525 1471,1525 1516,1522 1561,1519 1606,1516 1651,1513 1695,1510 1740,1510 1785,1510 1830,1507 1875,1507 1919,1510"/>
                <TextEquiv>
                    <Unicode>Kranken zu treten.</Unicode>
                </TextEquiv>
            </TextLine>
            <TextLine id="tr_2_tl_9" custom="readingOrder {index:8;}">
                <Coords points="978,1703 1387,1726 2642,1621 2750,1661 2755,1575 2092,1550 1237,1638 983,1588"/>
                <Baseline points="991,1692 1012,1692 1056,1692 1101,1692 1146,1689 1191,1686 1236,1686 1280,1686 1325,1683 1370,1680 1415,1680 1459,1677 1504,1671 1549,1668 1594,1668 1639,1666 1683,1663 1728,1660 1773,1660 1818,1657 1863,1657 1907,1654 1952,1651 1997,1651 2042,1648 2086,1642 2131,1642 2176,1639 2221,1639 2266,1636 2310,1636 2355,1633 2400,1630 2445,1630 2490,1627 2534,1624 2579,1624 2624,1621 2669,1621 2713,1621 2758,1627"/>
                <TextEquiv>
                    <Unicode>Pfarrer: Ich wurde hieher berufen.</Unicode>
                </TextEquiv>
            </TextLine>
        </TextRegion>
        <TextRegion id="tr_1" custom="readingOrder {index:1;}">
            <Coords points="994,1702 3075,1702 3075,4001 994,4001"/>
            <TextLine id="tr_1_tl_1" custom="readingOrder {index:0;}">
                <Coords points="983,1887 2657,1814 2978,1761 2980,1698 988,1756"/>
                <Baseline points="997,1851 1015,1848 1059,1845 1104,1845 1149,1845 1194,1842 1239,1839 1283,1839 1328,1836 1373,1836 1418,1833 1462,1833 1507,1830 1552,1824 1597,1818 1642,1818 1686,1818 1731,1815 1776,1812 1821,1809 1866,1809 1910,1806 1955,1806 2000,1800 2045,1797 2089,1794 2134,1794 2179,1794 2224,1788 2269,1788 2313,1785 2358,1785 2403,1782 2448,1782 2493,1779 2537,1776 2582,1776 2627,1773 2672,1770 2716,1767 2761,1767 2806,1764 2851,1761 2896,1758 2940,1755 2985,1752"/>
                <TextEquiv>
                    <Unicode>Bernhardi: Darüber habe ich schon mein</Unicode>
                </TextEquiv>
            </TextLine>
            <TextLine id="tr_1_tl_2" custom="readingOrder {index:1;}">
                <Coords points="981,2022 2973,1947 2978,1861 986,1914"/>
                <Baseline points="994,2000 1012,2003 1056,1997 1101,1997 1146,1997 1191,1994 1236,1991 1280,1991 1325,1988 1370,1985 1415,1982 1459,1979 1504,1979 1549,1979 1594,1976 1639,1973 1683,1973 1728,1970 1773,1967 1818,1967 1863,1961 1907,1958 1952,1958 1997,1958 2042,1955 2086,1952 2131,1949 2176,1949 2221,1946 2266,1943 2310,1940 2355,1937 2400,1934 2445,1934 2490,1931 2534,1931 2579,1928 2624,1925 2669,1922 2713,1922 2758,1919 2803,1916 2848,1913 2893,1910 2937,1907 2982,1907"/>
                <TextEquiv>
                    <Unicode>Bedauern ausgesprochen und ich verbie¬</Unicode>
                </TextEquiv>
            </TextLine>
            <TextLine id="tr_1_tl_3" custom="readingOrder {index:2;}">
                <Coords points="996,2165 2955,2090 3010,1982 1001,2057"/>
                <Baseline points="1009,2152 1044,2152 1089,2149 1134,2149 1179,2146 1224,2143 1268,2140 1313,2140 1358,2137 1403,2134 1448,2134 1492,2128 1537,2128 1582,2128 1627,2125 1671,2122 1716,2119 1761,2119 1806,2119 1851,2116 1895,2116 1940,2113 1985,2110 2030,2107 2075,2104 2119,2101 2164,2101 2209,2098 2254,2095 2298,2095 2343,2092 2388,2089 2433,2086 2478,2084 2522,2081 2567,2081 2612,2081 2657,2078 2702,2075 2746,2075 2791,2075 2836,2069 2881,2069 2925,2063 2970,2063 3015,2063"/>
                <TextEquiv>
                    <Unicode>te Ihnen in meiner Eigenschaft als Arzt</Unicode>
                </TextEquiv>
            </TextLine>
            <TextLine id="tr_1_tl_4" custom="readingOrder {index:3;}">
                <Coords points="998,2328 2883,2255 2985,2185 2852,2135 1001,2235"/>
                <Baseline points="1012,2310 1021,2307 1065,2304 1110,2304 1155,2301 1200,2298 1245,2298 1289,2295 1334,2292 1379,2290 1424,2290 1468,2287 1513,2284 1558,2284 1603,2284 1648,2281 1692,2278 1737,2275 1782,2272 1827,2269 1872,2266 1916,2263 1961,2263 2006,2260 2051,2257 2095,2257 2140,2254 2185,2254 2230,2251 2275,2251 2319,2248 2364,2245 2409,2242 2454,2242 2499,2236 2543,2236 2588,2236 2633,2236 2678,2233 2722,2230 2767,2227 2812,2224 2857,2221 2902,2221 2946,2218 2991,2218"/>
                <TextEquiv>
                    <Unicode>dem das Wohl seiner Kranken bis zu ih¬</Unicode>
                </TextEquiv>
            </TextLine>
            <TextLine id="tr_1_tl_5" custom="readingOrder {index:4;}">
                <Coords points="993,2476 2737,2413 2777,2298 1628,2398 998,2378"/>
                <Baseline points="1009,2466 1036,2463 1080,2457 1125,2457 1170,2454 1215,2454 1259,2448 1304,2445 1349,2445 1394,2445 1439,2442 1483,2439 1528,2439 1573,2436 1618,2433 1663,2433 1707,2430 1752,2427 1797,2427 1842,2424 1886,2421 1931,2418 1976,2418 2021,2415 2066,2412 2110,2409 2155,2406 2200,2406 2245,2403 2290,2400 2334,2400 2379,2397 2424,2394 2469,2394 2513,2391 2558,2391 2603,2388 2648,2385 2693,2385 2737,2388 2782,2394"/>
                <TextEquiv>
                    <Unicode>rer letzten Stunde anvertraut ist,</Unicode>
                </TextEquiv>
            </TextLine>
            <TextLine id="tr_1_tl_6" custom="readingOrder {index:5;}">
                <Coords points="1009,2644 2782,2564 2787,2461 1016,2526"/>
                <Baseline points="1024,2612 1042,2612 1086,2606 1131,2606 1176,2603 1221,2600 1265,2597 1310,2597 1355,2591 1400,2591 1445,2588 1489,2588 1534,2585 1579,2585 1624,2582 1668,2582 1713,2579 1758,2579 1803,2573 1848,2573 1892,2570 1937,2567 1982,2567 2027,2564 2072,2561 2116,2561 2161,2558 2206,2555 2251,2555 2295,2549 2340,2546 2385,2546 2430,2543 2475,2540 2519,2540 2564,2534 2609,2534 2654,2534 2699,2531 2743,2528 2788,2525"/>
                <TextEquiv>
                    <Unicode>verbiete Ihnen als Herr über diese</Unicode>
                </TextEquiv>
            </TextLine>
            <TextLine id="tr_1_tl_7" custom="readingOrder {index:6;}">
                <Coords points="1009,2800 2582,2697 2780,2732 2805,2614 1016,2684"/>
                <Baseline points="1024,2764 1062,2764 1107,2761 1152,2761 1197,2761 1242,2758 1286,2755 1331,2752 1376,2749 1421,2746 1465,2743 1510,2740 1555,2740 1600,2737 1645,2737 1689,2734 1734,2734 1779,2731 1824,2728 1869,2725 1913,2722 1958,2722 2003,2719 2048,2719 2092,2719 2137,2713 2182,2710 2227,2710 2272,2705 2316,2702 2361,2702 2406,2702 2451,2699 2496,2696 2540,2693 2585,2690 2630,2690 2675,2684 2719,2684 2764,2681 2809,2678"/>
                <TextEquiv>
                    <Unicode>Räume diese Schwelle zu überschrei.</Unicode>
                </TextEquiv>
            </TextLine>
            <TextLine id="tr_1_tl_8" custom="readingOrder {index:7;}">
                <Coords points="1019,2960 1056,2963 1084,2945 1096,2953 1121,2938 1131,2945 1149,2935 1194,2950 1224,2950 1227,2873 1209,2873 1202,2865 1194,2870 1167,2852 1146,2862 1131,2852 1119,2865 1089,2868 1056,2847 1021,2847"/>
                <Baseline points="1036,2917 1080,2917 1125,2917 1170,2914 1215,2917 1233,2919"/>
                <TextEquiv>
                    <Unicode>ten.</Unicode>
                </TextEquiv>
            </TextLine>
            <TextLine id="tr_1_tl_9" custom="readingOrder {index:8;}">
                <Coords points="1380,2993 1475,2998 1518,2965 1558,2983 1616,2953 1947,2945 1952,2875 1902,2890 1859,2865 1781,2903 1713,2873 1646,2908 1601,2873 1538,2913 1385,2935"/>
                <Baseline points="1397,2973 1418,2973 1462,2964 1507,2958 1552,2955 1597,2952 1642,2946 1686,2946 1731,2946 1776,2943 1821,2940 1866,2937 1910,2934 1955,2925"/>
                <TextEquiv>
                    <Unicode>Cambreleur</Unicode>
                </TextEquiv>
            </TextLine>
            <TextLine id="tr_1_tl_10" custom="readingOrder {index:9;}">
                <Coords points="1021,3098 2539,3028 2622,3010 2629,2900 2486,2950 1026,2995"/>
                <Baseline points="1036,3069 1062,3072 1107,3072 1152,3072 1197,3066 1242,3066 1286,3066 1331,3063 1376,3060 1421,3057 1465,3057 1510,3051 1555,3048 1600,3045 1645,3039 1689,3039 1734,3036 1779,3036 1824,3036 1869,3033 1913,3030 1958,3027 2003,3024 2048,3024 2092,3021 2137,3018 2182,3015 2227,3015 2272,3012 2316,3012 2361,3012 2406,3006 2451,3003 2496,3003 2540,3003 2585,3000 2630,2997"/>
                <TextEquiv>
                    <Unicode>Pfarrer: Sie verbieten es mir?!</Unicode>
                </TextEquiv>
            </TextLine>
            <TextLine id="tr_1_tl_11" custom="readingOrder {index:10;}">
                <Coords points="1570,3118 2539,3098 2702,3073 2704,2988 2519,3041 2225,3016 1573,3066"/>
                <Baseline points="1585,3105 1588,3105 1633,3099 1677,3102 1722,3099 1767,3096 1812,3096 1857,3096 1901,3096 1946,3090 1991,3090 2036,3084 2081,3081 2125,3081 2170,3084 2215,3075 2260,3075 2304,3078 2349,3078 2394,3078 2439,3075 2484,3072 2528,3072 2573,3066 2618,3066 2663,3057 2708,3054"/>
                <TextEquiv>
                    <Unicode>leichs ein den fürst</Unicode>
                </TextEquiv>
            </TextLine>
            <TextLine id="tr_1_tl_12" custom="readingOrder {index:11;}">
                <Coords points="1021,3264 2847,3179 3016,3148 3021,3051 1177,3171 1026,3128"/>
                <Baseline points="1036,3227 1050,3230 1095,3224 1140,3221 1185,3221 1230,3221 1274,3218 1319,3215 1364,3212 1409,3209 1454,3209 1498,3206 1543,3203 1588,3200 1633,3194 1677,3194 1722,3194 1767,3191 1812,3191 1857,3191 1901,3185 1946,3182 1991,3179 2036,3179 2081,3176 2125,3173 2170,3173 2215,3170 2260,3167 2304,3167 2349,3164 2394,3161 2439,3161 2484,3158 2528,3155 2573,3155 2618,3152 2663,3149 2708,3146 2752,3146 2797,3146 2842,3140 2887,3137 2931,3134 2976,3134 3021,3134"/>
                <TextEquiv>
                    <Unicode>Bemhardi: Wenn es denn wiederholt sein</Unicode>
                </TextEquiv>
            </TextLine>
            <TextLine id="tr_1_tl_13" custom="readingOrder {index:12;}">
                <Coords points="1029,3397 1272,3419 1638,3362 1736,3407 2127,3329 2260,3367 2436,3337 2441,3249 2027,3259 1944,3304 1701,3259 1613,3302 1034,3309"/>
                <Baseline points="1044,3379 1056,3382 1101,3379 1146,3376 1191,3379 1236,3376 1280,3376 1325,3373 1370,3367 1415,3364 1459,3361 1504,3361 1549,3358 1594,3355 1639,3352 1683,3349 1728,3346 1773,3340 1818,3340 1863,3337 1907,3337 1952,3334 1997,3334 2042,3332 2086,3332 2131,3329 2176,3326 2221,3326 2266,3323 2310,3320 2355,3317 2400,3317 2445,3317"/>
                <TextEquiv>
                    <Unicode>soll, ich verbiete es Ihnen!</Unicode>
                </TextEquiv>
            </TextLine>
            <TextLine id="tr_1_tl_14" custom="readingOrder {index:13;}">
                <Coords points="1034,3613 1623,3517 2717,3502 2973,3457 2978,3387 1774,3389 1041,3477"/>
                <Baseline points="1053,3529 1098,3532 1143,3529 1188,3529 1233,3526 1277,3526 1322,3523 1367,3520 1412,3520 1457,3517 1501,3514 1546,3511 1591,3508 1636,3508 1680,3505 1725,3502 1770,3499 1815,3499 1860,3496 1904,3496 1949,3493 1994,3490 2039,3487 2084,3487 2128,3484 2173,3481 2218,3478 2263,3478 2307,3475 2352,3472 2397,3472 2442,3466 2487,3463 2531,3463 2576,3463 2621,3460 2666,3460 2710,3457 2755,3454 2800,3454 2845,3448 2890,3445 2934,3442 2979,3442"/>
                <TextEquiv>
                    <Unicode>Pfarrer: So sehe ich mich denn in die</Unicode>
                </TextEquiv>
            </TextLine>
            <TextLine id="tr_1_tl_15" custom="readingOrder {index:14;}">
                <Coords points="1041,3703 2940,3645 3031,3603 3036,3502 1046,3613"/>
                <Baseline points="1056,3699 1065,3699 1110,3696 1155,3693 1200,3687 1245,3687 1289,3684 1334,3681 1379,3678 1424,3678 1468,3675 1513,3672 1558,3669 1603,3666 1648,3666 1692,3666 1737,3660 1782,3660 1827,3657 1872,3654 1916,3654 1961,3651 2006,3648 2051,3648 2095,3645 2140,3642 2185,3639 2230,3639 2275,3636 2319,3633 2364,3633 2409,3630 2454,3627 2499,3624 2543,3624 2588,3624 2633,3621 2678,3618 2722,3615 2767,3612 2812,3609 2857,3606 2902,3606 2946,3603 2991,3600 3036,3603"/>
                <TextEquiv>
                    <Unicode>unangenehme Lage versetzt an zuständi-</Unicode>
                </TextEquiv>
            </TextLine>
            <TextLine id="tr_1_tl_16" custom="readingOrder {index:15;}">
                <Coords points="1054,3909 1596,3833 1721,3906 1844,3813 2195,3783 3066,3786 3073,3640 2883,3705 2461,3633 1791,3725 1601,3678 1385,3791 1264,3728 1061,3786"/>
                <Baseline points="1071,3860 1104,3857 1149,3854 1194,3851 1239,3848 1283,3845 1328,3842 1373,3839 1418,3839 1462,3836 1507,3827 1552,3824 1597,3818 1642,3812 1686,3809 1731,3806 1776,3806 1821,3803 1866,3800 1910,3797 1955,3794 2000,3791 2045,3788 2089,3788 2134,3788 2179,3782 2224,3779 2269,3776 2313,3776 2358,3773 2403,3770 2448,3767 2493,3764 2537,3761 2582,3758 2627,3758 2672,3752 2716,3752 2761,3750 2806,3750 2851,3747 2896,3747 2940,3744 2985,3744 3030,3744 3075,3747"/>
                <TextEquiv>
                    <Unicode>ger Stelle Meldung zu machen und weide der</Unicode>
                </TextEquiv>
            </TextLine>
            <TextLine id="tr_1_tl_17" custom="readingOrder {index:16;}">
                <Coords points="1121,4004 1159,3999 1207,4014 1262,3991 1274,4006 1317,3991 1372,4001 1395,3981 1427,3994 1432,3871 1355,3889 1269,3874 1207,3889 1194,3876 1126,3874"/>
                <Baseline points="1134,3988 1164,3991 1209,3991 1253,3991 1298,3988 1343,3985 1388,3982 1436,3982"/>
                <TextEquiv>
                    <Unicode>Gewalt</Unicode>
                </TextEquiv>
            </TextLine>
        </TextRegion>
    </Page>
</PcGts>
