3464 4136
2841 350 3037 537 222
1077 475 1787 655 auf dem Ball.
1096 642 2452 790 Löwenstein: Ja,Dein Blick!
1093 767 3099 1025 Eebenwald und Schreimann: (stehen zusam-
1077 950 1341 1145 men).
1088 1038 3029 1263 Kurt: Wenn ich mir noch erlauben darf
1088 1284 2995 1411 einen privaten Eindruck mitzuteilen,
1080 1383 1915 1560 Bernhardi: Nun —
1070 1521 3120 1719 Kurt: Mir war, als hätte der Unterrichts-
1062 1711 3159 1870 minister zu Beginn seiner Redeeigentlich
1075 1837 2969 2022 ganz wo anders hinauswollen und dass
1070 1990 3084 2176 erst die Haltung des Hauses,insbesonde-
1059 2142 3003 2296 re die lärmenden Zwischenrufe ihn zu-
1070 2309 3005 2444 erst in einige Verwirrung und dann zu
1062 2444 2943 2664 seiner Stellungnahme gebracht hätte.
1072 2598 3070 2791 Bernhardi: So wird es wohl sein. (offi
1075 2747 2919 2971 zieller) Lieber Herr Dr.Pflugfelder
1070 2911 2971 3104 ich danke Ihnen in unser Aller Namen
1051 3052 3084 3235 für die Mitteilung,die Sie uns gebracht
1054 3209 2802 3454 haben und nehme die unterbroo hene
1041 3376 2045 3548 Sitzung wie der auf.
1049 3517 2990 3783 Kurt: Ich habe die Ehre, meine Herren,
