3448 4136
2651 348 2848 519 224
915 539 2536 746 Löwenstein: Ich bitte ums Wort.
910 667 2794 884 Cyprian:Wenn Sie Ihren ersten Antrag
902 879 2830 1012 zurückziehen, so bleibt doch der meine
907 999 2848 1181 aufrecht, dass wir nämlich Herrn Direk
902 1161 2661 1334 tor Bernhardi unseres Vertrauens
920 1332 2843 1503 Löwenstein: (unterbricht) Was geht uns
920 1467 2973 1649 die Interpellation und ihre Beantwortung
915 1618 2855 1787 überhaupt an? Es ist eine externe An-
930 1807 1549 1950 gele genha it.
923 1920 2894 2068 Ebenwald: (brüllend) Ich bin noch nicht
925 2065 2799 2219 fertig, meine Herren. Ich bitte drin
936 2229 2896 2380 gend mich nicht misszuverstehen. Beden-
925 2372 2917 2531 ken Sie doch, dass wir in Gefahr stehen
930 2513 2876 2684 uns vor der ganzen Welt lächerlich zu
925 2664 2779 2863 machen,wenn wir hier weiter beraten
928 2781 2940 3004 und beschliessen im Angesichte der Mög-
941 2942 2814 3157 lich keit, dass alle unsere Beschlüsse
941 3126 2919 3336 von einer höheren Instanz bei nächster
928 3287 2393 3451 Gelegenheit anuliert werden.
930 3441 2960 3666 Cyprian: Entschuldigen sie,Ebenwald,das
946 3620 1725 3804 ist ein Unsinn.
