3464 4184
2742 489 2931 610 247
928 595 2956 777 nur besteht der kleine Unterschild, dass
928 767 2949 954 man Sie für Ihre gute Absicht nicht un-
931 931 2951 1070 ter Anklage stellte. Aber das soll mich
933 1105 2936 1249 nicht ungerecht machen. Ich will Ihnen
928 1226 2908 1392 noch mehr zuerkennen als Ihre gute Ab¬
933 1382 2810 1569 sicht,Hochwürden. Ich bin überzeugt,
943 1546 2961 1693 es gibt Fälle, wo nicht nur Ihre Absicht
928 1715 2926 1849 sondern auch Ihre Tat gut ist und dass
921 1852 2777 2028 Sie zuweilen imstande sind Trost zu
938 2033 1360 2179 bringen.
933 2177 2762 2293 Pfarrer: Oefter als sie denken, Herr
1884 2280 2275 2379 in claim
933 2326 2802 2497 Professor. Dafür kann ich Ihnen wie-
951 2437 1405 2548 nur
931 2487 2926 2608 der das zugeständnis machen, dass in dem
928 2649 2944 2795 einen Falle, um den es sich hier handelt,
933 2795 2755 2926 Sie möglicherweise im Rechte waren.
936 2964 2767 3085 Bem hardi: Sie gestehen mir das zu?
928 3128 2855 3315 Nicht nur, dass meine Absicht eine gu-
933 3257 2747 3380 te war, nein, auch dass ich recht ge-
921 3383 1683 3552 handelt hatte?
921 3496 2818 3728 Pfarrer: In die sem einen Falle viel-
