3512 4136
2902 330 3072 473 115
1169 442 2979 662 (Er ist etwas gewonnen durch Flints
1162 628 2938 803 Liebenswürdigkeit, die der Echtheit
1155 835 2164 1026 nicht ganz entbehrt
1152 900 3060 1121 Flint: Aber es wundert Dich doch ein
1160 1111 2475 1288 wenig,dass ich hier bin?
1160 1230 3113 1424 Bemhardi: Sagen wir, ich bin angenehm
1182 1478 1715 1596 überrascht,
1740 1473 2414 1638 sans ci nulle.
1174 1582 2996 1740 Flint: Nun, da Du nicht gekommen bist
1179 1677 3043 1890 mir Glück zu wünschen zu meiner neu-
1194 1849 2892 2038 en Würde, so komm ich eben zu Dir,
1177 1975 2979 2269 Bernhardi: Also, meinen Glückwunsch
471 2019 980 2215 Duddd
1182 2210 3108 2375 Ja, nimm meinen Glückwunsch in Erinne-
539 2220 922 2380 a best
1184 2312 2863 2509 rung gemeinsamer Jugendjahre. (er
1191 2475 2213 2645 reicht ihm die Hand
1191 2594 3072 2817 Flint: Ich danke Dir. (Und jetzt will
1618 2732 3098 2875 allerite bin ich nicht darin schon
1206 2839 2933 2967 ich Dir auch sagen warum ich hier
2116 2834 3278 3016 J.C. in même temps
1203 2945 3033 3191 bin.) Ganz einfach. Ich brauche Men-
502 2945 1055 3152 (ev. tete de
1216 3064 3164 3266 schen.  dit ich alles von wol aufer
485 3086 1038 3275 Auszücken
1839 3171 3043 3324 mit ceuht durierte
495 3220 1019 3394 G. jesagt
1211 3297 2926 3431 Bernhardi: Du brauchst Menschen -
590 3368 1126 3494 s. wann ein,
1211 3372 2996 3586 Flint: Ja, da wo ich jetzt stehe, zu
1218 3523 3033 3727 dem was ich vorhabe brauch ich Men-
