3432 4152
1635 365 1814 556 4s.
2520 386 2715 552 215
1283 547 2940 758 Wenger? Ich kann wohl davon sprechen
1294 698 2979 908 trotz der Anwesenhett unseres verohr
1296 914 2760 1060 ten Kollegen,da er es ja selber
1301 1000 2803 1219 weiss.Der Holl ist ein tüchtiger
1290 1170 2906 1354 Praktüher, unser Kollega Wenger tst
1391 1320 1599 1412 nell
1296 1329 2998 1567 gewiss wissenschaftlich bedeutendor.
1307 1498 2917 1676 so viel Praxta wie der Hell hat er
1348 1582 3013 1829 natürlich noch nicht haben können, -
1314 1814 2887 1985 wird auch schon kommen. Also,meine
1311 1878 3022 2116 Herren, ich muss let der wieder Indts-
1329 2052 2904 2288 krot werdenwenn (man (etnam d troht)
1335 2196 2985 2438 ins Gestoht sagt: Du, das wird bösen
498 2230 1095 2457 even in
513 2348 1180 2698 pile Feuer
1369 2352 2893 2593 lut machen, dass Ihr schon wieder
1348 2500 3052 2749 einen Juden wählt und gar jetzt nach
1352 2663 3080 2885 diosom Vorfall, nach diesem bedauorlt-
657 2657 822 2820 or
1350 2835 3058 3054 ohen und es kann Euch paasteren, daac
1348 3005 2947 3198 das Parlament über Euch herfallt.-
1341 3161 2912 3365 Ja, metne Herren, finden Sie es gar
1367 3329 3033 3507 so schändlich, penn man da zum Herrn
2063 3406 2303 3511 ne wt
1365 3455 2938 3642 Dtroktor geht und ihn sagt nehman
1365 3531 3048 3780 wir lieber den Hell, der ja adhltess.
