3336 4040
2808 316 2983 496 27 7
944 512 2890 679 Die fortschrit tlichen Parteien können
962 645 2942 828 ja nicht dagegen stimmen, sie schnitten
941 818 2774 959 sich ja ins eigene Fleisch,wenn sie
959 954 2864 1124 plötzlich beim Bau wissenschaftlicher
949 1121 2867 1288 Institute Sparsamkeit fordern würden.
936 1255 2828 1430 Die Andern glaube ich mir doch durch
933 1424 2934 1581 kleine Zugeständnisse so weit gewonnen
933 1602 1435 1759 zu haben -
936 1720 2389 1931 Herz: Ich glaube, Exzellenz -
941 1890 2900 2060 Flint: Sie meinen,es ist nach zu früh,
946 2052 2949 2183 Herr Hofrat? Reden Sie ganz aufrichtig,
926 2229 2952 2355 Herz: Ganz aufrichtig - wir sollten da
931 2360 2926 2489 mit noch warten. Schliesslich haben die
951 2540 3008 2643 jungh Leute hundert Jahre in den Lokalen
928 2669 2993 2841 ausgehalten und es sind doch recht tüch-
933 2800 2335 2980 tige Männer herausgekommen.
933 2990 2990 3121 Flint: Lieber Hofrat, ich glaube Sie hal
931 3116 2654 3294 ten meine Position für nicht sehr
926 3271 2954 3422 stark.Ich frage nicht nur so leichthin,
933 3415 2816 3628 ich habe grössere Dänge vor, allerlei
933 3589 2906 3795 Reformen, ich habe nicht für nichts und
