3400 4248
2756 496 2957 704 209
1101 721 2067 892 Filitz: Zur sache.
1108 848 2893 1036 Löwenstein: Ich bin dabei, aber ich
1096 1034 2843 1190 frage mich selbst, was erzähle ich
1101 1167 2885 1304 Ihnen da, was sie doch geradeso gut
1108 1358 2930 1492 wissen als ich. Das ist ja das Ent¬
1106 1475 3014 1621 setzliche. Es ist einfach eine Perfi-
1103 1631 2573 1790 die von Ihnen,meine Herren,-
1093 1762 2858 1941 Ebenwald: Ich bitte, Herr Direktor,
1093 1928 2870 2072 uns vor Beleidigungen zu schützen.
1130 2097 2979 2251 (grosse Unruhe), die sich lange nicht
1093 2246 1386 2412 legt)
1106 2402 2828 2566 Löwenstein: Ich verzichte auf das
1093 2570 1368 2699 Wort.
1125 2657 3116 2841 Cyprian: Meine Herren! Ich möchte Ihn
1096 2799 2974 2987 nur eines zu bedenken geben. Das Ku-
1088 2992 2987 3160 ratorium hat in seinem Brief vermie-
1096 3121 2932 3289 den die Gründe für seinen Rücktritt
1096 3282 2885 3475 anzugeben. Ob Sie das als Vornehm-
1096 3433 2994 3567 heit oder als Bequemlichkeit ansehen
1118 3619 2846 3738 wollen ist Ihre Sache. Wir können
1103 3698 2940 3934 nicht auf irgend etwas erwidern,was
