<?xml version="1.0" encoding="UTF-8" standalone="yes"?>
<PcGts xmlns="http://schema.primaresearch.org/PAGE/gts/pagecontent/2013-07-15" xmlns:xsi="http://www.w3.org/2001/XMLSchema-instance" xsi:schemaLocation="http://schema.primaresearch.org/PAGE/gts/pagecontent/2013-07-15 http://schema.primaresearch.org/PAGE/gts/pagecontent/2013-07-15/pagecontent.xsd">
    <Metadata>
        <Creator>prov=READ-COOP:name=TrHtr:version=2.1.0:model_id=51170:date=30_07_2023_11:46</Creator>
        <Created>2023-05-10T13:40:09.451+02:00</Created>
        <LastChange>2023-07-30T11:46:29.553+02:00</LastChange>
        <TranskribusMetadata docId="1428586" pageId="55415781" pageNr="405" tsid="131501960" status="IN_PROGRESS" userId="64420" imgUrl="https://files.transkribus.eu/Get?id=YJKEPCLBSADCTLQPWHCITYBZ&amp;fileType=view" xmlUrl="https://files.transkribus.eu/Get?id=HJTNQLTIEETSOBBZZJDJVGCD" imageId="44689888"/>
    </Metadata>
    <Page imageFilename="1428586_0405.jpg" imageWidth="3384" imageHeight="4088">
        <ReadingOrder>
            <OrderedGroup id="ro_1711791086205" caption="Regions reading order">
                <RegionRefIndexed index="0" regionRef="tr_1"/>
            </OrderedGroup>
        </ReadingOrder>
        <TextRegion id="tr_1" custom="readingOrder {index:0;}">
            <Coords points="378,290 3228,290 3228,3853 378,3853"/>
            <TextLine id="tr_1_tl_1" custom="readingOrder {index:0;}">
                <Coords points="599,503 1400,371 2631,390 2788,313 2588,227 2161,301 1937,221 605,368"/>
                <Baseline points="620,435 644,435 689,435 734,432 778,429 823,426 868,426 913,420 957,417 1002,414 1047,414 1092,408 1136,405 1181,402 1226,399 1271,396 1315,390 1360,384 1405,381 1450,372 1494,370 1539,367 1584,367 1629,370 1673,367 1718,364 1763,361 1808,361 1853,361 1897,358 1942,355 1987,355 2032,352 2076,349 2121,349 2166,343 2211,346 2255,346 2300,346 2345,346 2390,343 2434,343 2479,340 2524,343 2569,340 2613,340 2658,340 2703,343 2748,343 2792,346"/>
                <TextEquiv>
                    <Unicode>and amn it the alle an tres</Unicode>
                </TextEquiv>
            </TextLine>
            <TextLine id="tr_1_tl_2" custom="readingOrder {index:1;}">
                <Coords points="1928,528 2652,503 2683,491 2686,368 2563,414 2413,353 2247,362 2124,411 1931,365"/>
                <Baseline points="1945,510 1975,507 2020,501 2064,495 2109,492 2154,492 2199,492 2243,492 2288,492 2333,492 2378,492 2422,492 2467,492 2512,489 2557,483 2601,483 2646,480 2691,480"/>
                <TextEquiv>
                    <Unicode>- Over us</Unicode>
                </TextEquiv>
            </TextLine>
            <TextLine id="tr_1_tl_3" custom="readingOrder {index:2;}">
                <Coords points="599,632 1894,546 1897,491 1821,451 1578,491 1351,414 1249,473 608,507"/>
                <Baseline points="620,611 650,608 695,605 740,602 784,593 829,587 874,584 919,584 963,581 1008,581 1053,578 1098,575 1142,572 1187,569 1232,566 1277,557 1321,555 1366,555 1411,552 1456,549 1500,546 1545,543 1590,543 1635,540 1679,537 1724,531 1769,525 1814,525 1858,516 1903,507"/>
                <TextEquiv>
                    <Unicode>2d sind de Hell richter</Unicode>
                </TextEquiv>
            </TextLine>
            <TextLine id="tr_1_tl_4" custom="readingOrder {index:3;}">
                <Coords points="1339,678 1599,635 1661,672 1989,651 2121,583 2401,589 2407,534 2223,497 2035,546 1774,540 1731,577 1649,543 1590,577 1560,546 1345,571"/>
                <Baseline points="1357,629 1378,629 1423,629 1468,626 1512,623 1557,623 1602,620 1647,614 1691,611 1736,605 1781,599 1826,596 1870,590 1915,587 1960,587 2005,584 2049,581 2094,581 2139,578 2184,578 2229,578 2273,575 2318,575 2363,572 2408,572"/>
                <TextEquiv>
                    <Unicode>abe de lap vid disule</Unicode>
                </TextEquiv>
            </TextLine>
            <TextLine id="tr_1_tl_5" custom="readingOrder {index:4;}">
                <Coords points="531,826 2944,697 3006,568 2545,519 2045,663 1102,617 537,731"/>
                <Baseline points="552,814 572,811 617,802 662,796 707,787 751,778 796,772 841,769 886,763 930,757 975,754 1020,748 1065,743 1110,743 1154,737 1199,731 1244,728 1289,725 1333,722 1360,725 1396,713 1441,710 1486,710 1530,707 1575,707 1620,707 1665,707 1709,701 1754,704 1799,701 1844,698 1888,695 1933,695 1978,692 2023,689 2067,686 2112,686 2157,683 2202,680 2246,674 2291,671 2336,668 2381,668 2425,668 2470,662 2515,656 2560,653 2604,650 2649,650 2694,647 2739,644 2784,644 2828,644 2873,644 2918,644 2963,647 3007,647"/>
                <TextEquiv>
                    <Unicode>ein Schulich - - nur in der Aff. Beruf</Unicode>
                </TextEquiv>
            </TextLine>
            <TextLine id="tr_1_tl_6" custom="readingOrder {index:5;}">
                <Coords points="1808,890 2517,832 2966,857 2969,737 2692,755 2634,721 2511,786 2358,697 1814,737"/>
                <Baseline points="1826,871 1856,871 1900,865 1945,862 1990,859 2035,856 2079,853 2124,850 2169,850 2214,847 2258,841 2303,838 2348,835 2393,832 2437,829 2482,826 2527,826 2572,826 2616,826 2661,823 2706,823 2751,820 2795,823 2840,823 2885,823 2930,826 2974,826"/>
                <TextEquiv>
                    <Unicode>L. L. C. on hart de est</Unicode>
                </TextEquiv>
            </TextLine>
            <TextLine id="tr_1_tl_7" custom="readingOrder {index:6;}">
                <Coords points="1253,1062 2723,992 3181,863 2993,807 2385,903 1652,884 1259,979"/>
                <Baseline points="1274,1026 1306,1029 1351,1026 1396,1023 1441,1020 1486,1017 1530,1014 1575,1011 1620,1008 1665,1002 1709,999 1754,996 1799,987 1844,984 1888,984 1933,978 1978,975 2023,972 2067,969 2112,966 2157,966 2202,960 2246,957 2291,954 2336,951 2381,945 2425,942 2470,936 2515,936 2560,939 2604,936 2649,933 2694,928 2739,925 2784,916 2828,910 2873,907 2918,901 2963,901 3007,901 3052,901 3097,901 3142,901 3186,901"/>
                <TextEquiv>
                    <Unicode>C. E. sonst der Berich. Relave.</Unicode>
                </TextEquiv>
            </TextLine>
            <TextLine id="tr_1_tl_8" custom="readingOrder {index:7;}">
                <Coords points="672,1038 942,1035 1231,921 1480,930 1495,758 1385,737 1200,780 1170,752 1078,755 933,866 685,900"/>
                <Baseline points="695,972 725,972 769,969 814,966 859,963 904,957 948,951 993,942 1038,939 1083,936 1127,930 1172,925 1217,922 1262,916 1306,913 1351,913 1396,916 1441,913 1486,907"/>
                <TextEquiv>
                    <Unicode>jeung bei der</Unicode>
                </TextEquiv>
            </TextLine>
            <TextLine id="tr_1_tl_9" custom="readingOrder {index:8;}">
                <Coords points="2834,1016 2926,982 2966,995 3030,982 3122,1022 3208,1028 3211,918 3181,927 3141,903 3116,915 3073,906 3045,924 3009,903 2935,930 2889,909 2837,909"/>
                <Baseline points="2852,984 2861,981 2906,981 2951,981 2995,978 3040,978 3085,972 3130,972 3174,969 3219,969"/>
                <TextEquiv>
                    <Unicode>renerge</Unicode>
                </TextEquiv>
            </TextLine>
            <TextLine id="tr_1_tl_10" custom="readingOrder {index:9;}">
                <Coords points="2889,1071 2913,1068 2935,1087 3006,1059 3039,1084 3064,1068 3082,1078 3131,1074 3134,1016 3055,1001 3030,985 3002,992 2984,979 2966,992 2892,979"/>
                <Baseline points="2906,1050 2915,1050 2960,1053 3004,1050 3049,1047 3094,1044 3139,1047"/>
                <TextEquiv>
                    <Unicode>in</Unicode>
                </TextEquiv>
            </TextLine>
            <TextLine id="tr_1_tl_11" custom="readingOrder {index:10;}">
                <Coords points="580,1329 1943,1117 2788,1105 2824,1013 906,1102 608,1032"/>
                <Baseline points="602,1262 647,1268 692,1256 737,1247 737,1247 766,1235 811,1229 856,1223 901,1220 945,1214 990,1208 1035,1202 1080,1199 1124,1196 1169,1193 1214,1187 1259,1178 1303,1175 1348,1172 1393,1172 1438,1166 1483,1163 1527,1157 1572,1151 1617,1148 1662,1148 1706,1145 1751,1145 1796,1139 1841,1133 1885,1124 1930,1118 1975,1115 2020,1110 2064,1107 2109,1101 2154,1101 2199,1098 2243,1092 2288,1092 2333,1083 2378,1080 2422,1077 2467,1080 2512,1077 2557,1080 2601,1077 2646,1077 2691,1077 2736,1071 2781,1068 2825,1062"/>
                <TextEquiv>
                    <Unicode>Pr de -il cecit antaidt - un ici</Unicode>
                </TextEquiv>
            </TextLine>
            <TextLine id="tr_1_tl_12" custom="readingOrder {index:11;}">
                <Coords points="2907,1133 2938,1130 2972,1139 2990,1130 3009,1139 3021,1127 3036,1133 3058,1114 3088,1108 3110,1114 3113,1074 3098,1071 3079,1081 3064,1068 3036,1081 3012,1059 2981,1074 2972,1065 2935,1084 2926,1074 2910,1074"/>
                <Baseline points="2924,1118 2942,1118 2986,1113 3031,1110 3076,1107 3121,1104"/>
                <TextEquiv>
                    <Unicode>nie.</Unicode>
                </TextEquiv>
            </TextLine>
            <TextLine id="tr_1_tl_13" custom="readingOrder {index:12;}">
                <Coords points="2883,1292 2999,1292 3064,1243 3134,1289 3193,1283 3193,1121 3153,1136 3134,1117 3079,1108 3009,1139 2959,1121 2926,1139 2883,1130"/>
                <Baseline points="2900,1208 2933,1208 2977,1205 3022,1205 3067,1205 3112,1205 3157,1205 3201,1202"/>
                <TextEquiv>
                    <Unicode>si tels,</Unicode>
                </TextEquiv>
            </TextLine>
            <TextLine id="tr_1_tl_14" custom="readingOrder {index:13;}">
                <Coords points="620,1464 1339,1520 1572,1385 2435,1289 2818,1335 2837,1173 2226,1148 1934,1299 635,1317"/>
                <Baseline points="641,1441 683,1441 728,1444 772,1441 817,1435 862,1426 907,1417 951,1420 996,1414 1041,1405 1086,1399 1130,1390 1175,1387 1220,1387 1265,1381 1309,1378 1354,1375 1399,1369 1444,1366 1488,1366 1533,1363 1578,1360 1623,1357 1668,1354 1712,1354 1757,1351 1802,1348 1847,1345 1891,1333 1936,1327 1981,1318 2026,1309 2070,1298 2115,1295 2160,1289 2205,1289 2249,1286 2294,1283 2339,1277 2384,1268 2428,1262 2473,1262 2518,1259 2563,1259 2607,1259 2652,1259 2697,1253 2742,1250 2787,1250 2831,1247"/>
                <TextEquiv>
                    <Unicode>du huj eutentelu. Itu di up</Unicode>
                </TextEquiv>
            </TextLine>
            <TextLine id="tr_1_tl_15" custom="readingOrder {index:14;}">
                <Coords points="669,1679 2020,1529 2134,1578 2514,1517 2695,1446 2705,1375 2358,1323 1824,1467 1719,1400 1342,1520 685,1510"/>
                <Baseline points="689,1629 692,1632 737,1632 781,1629 826,1632 871,1629 916,1626 960,1623 1005,1614 1050,1608 1095,1602 1139,1596 1184,1596 1229,1590 1274,1584 1318,1581 1363,1575 1408,1560 1453,1560 1497,1557 1542,1548 1587,1539 1632,1530 1676,1527 1721,1527 1766,1524 1811,1518 1856,1512 1900,1509 1945,1503 1990,1494 2035,1488 2079,1483 2124,1480 2169,1477 2214,1471 2258,1465 2303,1465 2348,1462 2393,1462 2437,1456 2482,1453 2527,1450 2572,1450 2616,1447 2661,1441 2706,1444"/>
                <TextEquiv>
                    <Unicode>doct the he denis der Auetor.</Unicode>
                </TextEquiv>
            </TextLine>
            <TextLine id="tr_1_tl_16" custom="readingOrder {index:15;}">
                <Coords points="761,1928 1197,1784 1523,1814 1704,1719 1891,1759 2438,1664 2563,1722 2748,1642 2763,1507 2376,1615 2011,1556 1547,1603 777,1778"/>
                <Baseline points="787,1835 832,1829 877,1823 922,1817 966,1808 1011,1796 1056,1787 1101,1781 1145,1778 1190,1769 1235,1763 1280,1757 1324,1751 1369,1748 1414,1745 1459,1742 1503,1739 1548,1733 1593,1730 1638,1724 1682,1721 1727,1715 1772,1715 1817,1706 1861,1703 1906,1703 1951,1697 1996,1694 2041,1688 2085,1688 2130,1682 2175,1679 2220,1673 2264,1665 2309,1665 2354,1656 2399,1653 2443,1647 2488,1635 2533,1629 2578,1626 2622,1623 2667,1617 2712,1614 2757,1605"/>
                <TextEquiv>
                    <Unicode>sa.. in de Jnters. mir... abe.</Unicode>
                </TextEquiv>
            </TextLine>
            <TextLine id="tr_1_tl_17" custom="readingOrder {index:16;}">
                <Coords points="792,2069 2809,1811 2886,1692 2775,1627 2094,1802 1805,1771 1581,1863 1360,1790 946,1949 810,1928"/>
                <Baseline points="817,1987 829,1987 874,1990 919,1993 963,1990 1008,1984 1053,1981 1098,1978 1142,1972 1187,1963 1232,1957 1277,1945 1321,1942 1366,1939 1411,1936 1456,1930 1500,1924 1545,1921 1590,1915 1635,1906 1679,1900 1724,1897 1769,1891 1814,1888 1858,1882 1903,1876 1948,1867 1993,1864 2038,1861 2082,1858 2127,1856 2172,1850 2217,1847 2261,1841 2306,1835 2351,1829 2396,1820 2440,1814 2485,1808 2530,1796 2575,1790 2619,1784 2664,1781 2709,1775 2754,1769 2798,1757 2843,1748 2888,1748"/>
                <TextEquiv>
                    <Unicode>we notchen Kind verhalle wld -</Unicode>
                </TextEquiv>
            </TextLine>
            <TextLine id="tr_1_tl_18" custom="readingOrder {index:17;}">
                <Coords points="768,2201 909,2241 1458,2112 2557,2054 2781,2011 2794,1891 2048,1897 1698,2060 1151,2035 955,2124 786,2069"/>
                <Baseline points="787,2190 823,2181 868,2178 913,2175 957,2172 1002,2166 1047,2157 1092,2154 1136,2151 1181,2145 1226,2139 1271,2133 1315,2130 1360,2124 1405,2121 1450,2115 1494,2109 1539,2109 1584,2106 1629,2103 1673,2097 1718,2091 1763,2088 1808,2079 1853,2070 1897,2070 1942,2061 1987,2058 2032,2052 2076,2049 2121,2041 2166,2035 2211,2032 2255,2026 2300,2020 2345,2017 2390,2008 2434,1999 2479,1993 2524,1984 2569,1978 2613,1975 2658,1969 2703,1966 2748,1966 2792,1957"/>
                <TextEquiv>
                    <Unicode>or 1 tab, do einen für Benehert -</Unicode>
                </TextEquiv>
            </TextLine>
            <TextLine id="tr_1_tl_19" custom="readingOrder {index:18;}">
                <Coords points="359,2213 408,2213 464,2167 519,2229 562,2195 645,2198 675,2180 731,2189 740,2075 715,2075 700,2057 623,2063 543,2118 522,2094 476,2094 411,2045 375,2038"/>
                <Baseline points="378,2157 384,2157 429,2157 474,2157 519,2151 563,2145 608,2139 653,2136 698,2133 743,2130"/>
                <TextEquiv>
                    <Unicode>faire coule</Unicode>
                </TextEquiv>
            </TextLine>
            <TextLine id="tr_1_tl_20" custom="readingOrder {index:19;}">
                <Coords points="786,2419 1105,2382 1268,2459 1477,2324 2416,2256 2563,2174 2720,2220 2775,2091 2232,2121 2085,2198 1968,2152 1695,2256 1566,2204 804,2260"/>
                <Baseline points="808,2378 853,2375 898,2378 942,2375 987,2369 1032,2363 1077,2354 1121,2348 1166,2342 1211,2339 1256,2333 1300,2327 1345,2321 1390,2318 1435,2315 1480,2309 1524,2306 1569,2300 1614,2297 1659,2291 1703,2285 1748,2276 1793,2273 1838,2267 1882,2261 1927,2255 1972,2249 2017,2246 2061,2240 2106,2234 2151,2226 2196,2220 2240,2217 2285,2214 2330,2202 2375,2196 2419,2190 2464,2178 2509,2175 2554,2175 2599,2172 2643,2169 2688,2166 2733,2160 2778,2166"/>
                <TextEquiv>
                    <Unicode>Iluit tel gestern solons wit A.A.</Unicode>
                </TextEquiv>
            </TextLine>
            <TextLine id="tr_1_tl_21" custom="readingOrder {index:20;}">
                <Coords points="725,2570 1504,2530 2149,2410 2388,2453 2484,2425 2502,2253 2075,2330 1999,2287 1848,2370 1771,2327 1584,2431 1449,2379 1253,2462 737,2459"/>
                <Baseline points="743,2545 754,2539 799,2536 844,2536 889,2530 933,2530 978,2530 1023,2524 1068,2518 1113,2512 1157,2506 1202,2503 1247,2503 1292,2497 1336,2491 1381,2485 1426,2485 1471,2479 1515,2473 1560,2467 1605,2458 1650,2452 1694,2443 1739,2440 1784,2437 1829,2428 1873,2425 1918,2422 1963,2416 2008,2414 2052,2411 2097,2402 2142,2393 2187,2393 2231,2387 2276,2384 2321,2381 2366,2375 2411,2363 2455,2357 2500,2348"/>
                <TextEquiv>
                    <Unicode>worden auf dem Noll... (als</Unicode>
                </TextEquiv>
            </TextLine>
            <TextLine id="tr_1_tl_22" custom="readingOrder {index:21;}">
                <Coords points="924,2831 1541,2683 2533,2597 2757,2640 2846,2613 2855,2481 2536,2548 2121,2517 1461,2656 942,2610"/>
                <Baseline points="951,2733 978,2733 1023,2730 1068,2739 1113,2736 1157,2733 1202,2727 1247,2724 1292,2718 1336,2712 1381,2712 1426,2709 1471,2700 1515,2688 1560,2679 1605,2676 1650,2673 1694,2670 1739,2664 1784,2655 1829,2652 1873,2649 1918,2643 1963,2646 2008,2643 2052,2640 2097,2634 2143,2621 2143,2621 2184,2622 2229,2622 2273,2622 2318,2616 2363,2610 2408,2604 2452,2601 2497,2599 2542,2596 2587,2590 2631,2590 2676,2590 2721,2590 2766,2593 2810,2596 2855,2599"/>
                <TextEquiv>
                    <Unicode>(Lous cil in allis closs ma</Unicode>
                </TextEquiv>
            </TextLine>
            <TextLine id="tr_1_tl_23" custom="readingOrder {index:22;}">
                <Coords points="1056,2935 1771,2916 1900,2972 1992,2910 2603,2889 2729,2846 2742,2671 2213,2781 1903,2720 1560,2837 1062,2831"/>
                <Baseline points="1074,2924 1086,2924 1130,2918 1175,2915 1220,2915 1265,2909 1309,2906 1354,2903 1399,2903 1444,2897 1488,2894 1533,2891 1578,2888 1623,2882 1668,2879 1712,2873 1757,2867 1802,2861 1847,2855 1891,2858 1936,2861 1981,2858 2026,2858 2070,2855 2115,2855 2160,2855 2205,2849 2249,2849 2294,2846 2339,2843 2384,2840 2428,2834 2473,2828 2491,2828 2515,2819 2560,2816 2604,2813 2649,2810 2694,2804 2739,2810"/>
                <TextEquiv>
                    <Unicode>sits einen Juler mit fre</Unicode>
                </TextEquiv>
            </TextLine>
            <TextLine id="tr_1_tl_24" custom="readingOrder {index:23;}">
                <Coords points="936,3184 1378,3110 1510,3162 1756,3085 2097,3138 2112,2987 1946,2944 1735,3018 1510,2932 1351,3021 952,2993"/>
                <Baseline points="957,3150 1005,3145 1050,3142 1095,3139 1139,3136 1184,3130 1229,3127 1274,3124 1318,3121 1363,3112 1408,3106 1453,3106 1497,3106 1542,3106 1587,3100 1632,3097 1676,3091 1721,3082 1766,3076 1811,3073 1856,3070 1900,3070 1945,3067 1990,3061 2035,3058 2079,3058 2115,3049"/>
                <TextEquiv>
                    <Unicode>B. in detto hat.</Unicode>
                </TextEquiv>
            </TextLine>
            <TextLine id="tr_1_tl_25" custom="readingOrder {index:24;}">
                <Coords points="810,3383 1019,3346 1283,3445 1962,3291 2959,3239 3002,3134 2367,3079 1050,3263 826,3199"/>
                <Baseline points="829,3356 856,3359 901,3356 945,3353 990,3347 1035,3344 1080,3344 1124,3342 1169,3339 1214,3336 1259,3333 1303,3330 1348,3324 1393,3321 1438,3315 1483,3315 1527,3315 1572,3312 1617,3309 1662,3309 1706,3306 1751,3303 1796,3300 1841,3294 1885,3294 1930,3288 1975,3282 2020,3282 2064,3276 2109,3270 2154,3267 2199,3258 2243,3255 2288,3249 2333,3246 2378,3240 2422,3240 2467,3237 2512,3231 2557,3225 2601,3225 2646,3219 2691,3213 2736,3210 2781,3207 2825,3207 2870,3207 2915,3207 2960,3210 3004,3207"/>
                <TextEquiv>
                    <Unicode>Ich weit, er sollt selber gebe... An</Unicode>
                </TextEquiv>
            </TextLine>
            <TextLine id="tr_1_tl_26" custom="readingOrder {index:25;}">
                <Coords points="743,3530 970,3512 1041,3567 1237,3580 1394,3509 2026,3515 2054,3417 1870,3331 1682,3402 1547,3386 1415,3460 1167,3408 976,3432 887,3380 746,3408"/>
                <Baseline points="760,3524 805,3518 850,3518 895,3515 939,3512 984,3509 1029,3506 1074,3506 1118,3506 1163,3509 1208,3509 1253,3509 1298,3506 1342,3506 1387,3506 1432,3503 1477,3500 1521,3497 1566,3494 1611,3488 1656,3488 1700,3488 1745,3488 1790,3488 1835,3485 1879,3485 1924,3482 1969,3485 2014,3485 2058,3479"/>
                <TextEquiv>
                    <Unicode>Ehel memethelbes</Unicode>
                </TextEquiv>
            </TextLine>
            <TextLine id="tr_1_tl_27" custom="readingOrder {index:26;}">
                <Coords points="814,3709 2588,3684 2705,3616 2904,3666 2907,3494 817,3583"/>
                <Baseline points="832,3679 853,3682 898,3676 942,3673 987,3670 1032,3667 1077,3664 1121,3664 1166,3661 1211,3658 1256,3655 1300,3652 1345,3652 1390,3652 1435,3646 1480,3643 1524,3643 1569,3640 1614,3640 1659,3637 1703,3637 1748,3637 1793,3637 1838,3634 1882,3637 1927,3634 1972,3634 2017,3637 2061,3637 2106,3637 2151,3634 2196,3631 2240,3631 2285,3628 2330,3628 2375,3625 2419,3622 2464,3622 2509,3622 2554,3622 2599,3619 2643,3619 2688,3619 2733,3619 2778,3619 2822,3622 2867,3622 2912,3613"/>
                <TextEquiv>
                    <Unicode>Iit tat z eigenlles gedacht - der jung</Unicode>
                </TextEquiv>
            </TextLine>
            <TextLine id="tr_1_tl_28" custom="readingOrder {index:27;}">
                <Coords points="847,3871 2266,3791 2631,3865 3217,3776 3227,3567 2284,3745 2143,3659 1931,3736 853,3702"/>
                <Baseline points="865,3843 901,3840 945,3831 990,3834 1035,3834 1080,3834 1124,3831 1169,3831 1214,3825 1259,3822 1303,3825 1348,3819 1393,3819 1438,3813 1483,3810 1527,3804 1572,3804 1617,3804 1662,3804 1706,3807 1751,3804 1796,3804 1841,3798 1885,3795 1930,3795 1975,3792 2020,3789 2064,3786 2109,3786 2154,3789 2199,3789 2243,3789 2288,3789 2333,3792 2378,3792 2422,3789 2467,3795 2512,3795 2557,3798 2601,3804 2646,3798 2691,3801 2736,3801 2781,3798 2825,3789 2870,3786 2915,3774 2960,3771 3004,3756 3049,3744 3094,3741 3139,3735 3183,3732 3228,3726"/>
                <TextEquiv>
                    <Unicode>Hlusfelds sind allung (Phan, das Jüngels</Unicode>
                </TextEquiv>
            </TextLine>
        </TextRegion>
    </Page>
</PcGts>
