3352 4120
2684 370 2873 564 236
1085 557 1871 753 etwas für sich.
1083 710 2352 894 Pflugfelder: Sie finden?
1078 863 2942 1040 Goldenthal: Manchmal verbergen sich
1080 1011 2968 1195 sogar diese schielenden Augen hinter
1083 1152 2971 1358 dunklen Brillen. Wir wollen nicht un¬
1085 1324 2916 1506 ter dem Hindrucke der eben abgelau-
1083 1460 2875 1666 fenen Gerichtsverhandlung das Kind
1083 1620 3002 1821 mit dem Bade ausschütten. So sehr ich
1085 1800 2799 1965 den Klerikalismus als Prinzip be¬
1085 1969 2933 2118 kämpfe, man darf sich doch nicht ver
268 1912 1061 2156 # 7.11 der Pfarrer..
1083 2089 2976 2268 hehlen, dass auch in diesen schwarzen
237 2151 607 2309 des rés
1078 2261 2856 2414 Reihen Männer von geistiger Bedeu-
1090 2416 2976 2581 tung, ja sogar edle und gute Menschen
378 2452 1047 2670 Cy. Gueilten
1083 2548 2997 2734 zu finden sind. Wir wollen doch nicht
447 2593 966 2784 est en telle
1085 2694 2949 2875 in den Fehler unserer Feinde verfal.
1083 2863 2868 3069 len,meine Herren,und so untolerant
1085 3026 1852 3203 werden wie sie.
1083 3181 2775 3360 Pflugfelder: Ihre Intoleranz ist
1109 3317 2959 3516 ihre Macht,Herr Doktor. Glauben Sie,
1083 3489 2988 3657 dass diese Leute heute so weit wären,
