3448 4168
2677 337 2867 498 199
1077 466 2823 666 um mich zu rechtfertigen,, vor wem
1085 671 3001 817 es auch sei, sondern ich stehe vor Ih-
1077 770 2872 993 nen als Direktor dieser Anstalt,um
1077 951 2964 1127 Sie zu fragen,wie wir uns der Tatsa-
1095 1122 2922 1275 che der Kuratoriumsdemission gegen-
1097 1288 2937 1409 über zu verhalten haben.Herr Profes.
1095 1449 2397 1580 sor Cyprian hat das Wort.
1124 1553 2976 1775 Cyprian: (in seiner eintönigen Weise
1109 1723 3028 1912 beginnend) Vor wenigen Jahren,ich be-
1102 1877 3026 2045 fand mich gerade auf einer Erholungs-
1109 2065 2991 2184 reise in Holland, da stand ich in der
1109 2174 2991 2340 Gemäldevalerie - (Unruhe) Was gibt's
1102 2385 1823 2513 meine Herren?
1117 2469 2994 2610 Schreimann: In Anbetracht der vorge-
1114 2650 2744 2781 rückten Stunde möchte ich Herrn
1114 2781 2949 2934 Professor Cyprian dringendst bittan
1117 2954 3090 3120 heute keine Anekdoten zu erzählen,son-
1127 3108 3120 3229 dern womöglich sofort zur Sache zu kom-
1109 3279 1345 3415 men.
1142 3407 3028 3563 Cyprian: Es wäre keine Anekdote gewe.
1119 3544 3051 3776 sen, es hätte im tiefsten Sinne - Aber
