3464 4152
2761 464 2952 616 180
1080 588 3044 750 Dr.Wenger tritt ein. Pflugfelder. - Fi-
1087 772 2937 938 litz. -Adler. - Schreimann. -Ebenwald.-
1090 884 3041 1105 Wenger(kleiner Mensch mit Brille) Gu-
1082 1067 2306 1214 ten Abend, meine Herren.
1077 1224 3073 1353 Schreimann: Geben S' her, Doktor Wenger
1107 1358 2882 1522 (zieht ihm aus der Brusttasche ein
1072 1522 2614 1673 Abendblatt) Der hat ja eines.
1072 1683 2408 1859 Wenger: Aber,Herr Dozent!
1070 1840 2972 2006 Ebenwald: Das ist schön, dass Sie uns
1075 1996 2602 2128 das gleich mitgebracht haben.
1075 2130 2969 2306 Wenger: Was hab' ich mitgebracht? Ah
1060 2281 3044 2460 so! Ist das der Usus, dass der Benjamin
1060 2455 3009 2624 immer in die Sitzungen das Abendblatt
1043 2564 1601 2726 mitbringt.
1058 2696 3034 2909 Ebenwald: (mit der Zeitung) Da steht ’s!
1072 2890 2900 3026 (Die Andern ausser Adler und Wenger
1060 3056 2999 3178 versuchen hit Ebenwald in die Zeitung
1050 3200 1539 3374 zu sehen)
1105 3356 3001 3518 Adler: (zu Wenger) Was sagst nu dazu?
1053 3488 2855 3667 Wenger: Ja,was soll ich sagen? Ich
1048 3669 2845 3835 versteh nichts von Politik.Und ich
