3432 4168
2505 470 2696 609 200
1270 596 2924 793 es ist natürlich als ausgeschlossen
1268 791 2819 930 zu betrachten, dass Herr Professor
1261 914 2912 1086 Bernhardt etwa eine Schädigung des
1312 1077 2878 1235 Institates, dessen Direktor er ist,
1279 1238 2752 1382 wissentlich hätete herbeiführen
1277 1356 2936 1545 wollen."-Hier wurde gelacht und ge¬
1282 1545 2985 1721 rufen: Hat ja niemand behauptet! Erst
1289 1682 3036 1814 nach einiger Zeit konnte der Minister
1289 1845 2850 2001 wei tersprechen.Es war eine solche
1293 2001 2819 2131 Unruhe, dass ich die ersten Sätze
1293 2142 2824 2273 nicht recht verstanden habe, dann
1298 2284 3166 2422 sagte er: " Und ebenso ist es bei einem
1296 2429 2910 2580 Mann von so hoher Bildung, der sich
1314 2587 2866 2738 Jederzeit vom politischen Partei-
1310 2736 2912 2885 getriebe forngehalten hat," - Hier
1312 2889 2982 3068 wurde er wieder unterbrochen.Jemand
1314 3006 3029 3217 rief: Ist das vielleicht ein Zeichon
1331 3157 2994 3340 von Unbildung! Es wurde gelacht und
1384 3280 2284 3399 eit halle der Curirung
1326 3308 3126 3522 mir war, als wenn Seine Exzellenz etwas
1331 3457 2892 3659 ärgerlich und verwirrt würde.Dam
1352 3629 3057 3864 sprach er wetter:“Es tst also ebenso
