3368 4008
2576 274 2752 453 261
1278 468 3073 622 der grösseren Sache willen, denn Zusam-
1269 602 2995 796 mengehörigkeit ist in unserem Stande
1278 754 3039 914 nicht Tugend, sondem Grandbedingung.
1409 894 2730 992 Une heeft ließ in meiner zu meiner
1278 939 2716 1084 Uns ist es nicht so leicht wie
1269 1070 2982 1220 Menschen Ihres Berufs, in dem es cuch
1276 1220 2861 1396 erlaubt is t frei zu sein. Sie sind
1284 1405 2903 1516 ein grosser Arzt und wenn Sie auch
1289 1561 3019 1722 alle Ihre Ehrenstellen verlieren,nic¬
1284 1699 2946 1846 mand kann Sie am Ende daran hindern
1280 1858 2908 1991 Leidenden Ihre Hilfe angedeihen zu
1280 2003 2932 2130 lassen. Bin ich kein Priester mehr,
1289 2132 3031 2275 so ist es auch mit meiner Wirksamkeit
1291 2326 3006 2453 zu Ende. Ich muss den, der in der Rang¬
1298 2480 3010 2593 ordnung über mir ist, anerkennen, auch
1293 2596 3002 2745 vo ich ihn in Unrecht veiss-denn Uhr
1414 2723 1710 2814 es out
1293 2754 2993 2903 sonst ist mein Unrecht in jedem Fall
1302 2897 2921 3071 grösser als das seine.Der geringste
2174 3015 2544 3109 The Spivak
1802 3024 2052 3118 des gens
1302 3073 2908 3229 Widerspruch, richtet sich gegen des
1298 3191 2830 3338 Prinzip und so sehr ich in jenen
1287 3318 3042 3514 Einzelfall fühlte, dass Ihr Standrunkt
1305 3477 2928 3644 der richtige war,so durfte ich ihn
