3448 4136
2753 398 2944 566 226
1007 566 2946 736 Professor Bernhardi in tiefster Seele
1012 759 1824 916 überzeugt bin -
1010 886 2096 1038 Bernhardi: Ich danke
1012 1058 3012 1195 Adler: - gerade darumbbegrüsse ich es -
1015 1157 2979 1360 und wir Alle ohne Unterschied der Par-
1025 1373 2751 1500 teirichtung müssen es begrüsssen -
1007 1500 3022 1665 Schreimann: Es gibtkeine Parteirichtung
1012 1637 3007 1819 Adler: Dass jene Angelegenheit vor der
1033 1794 2905 1984 geaammten Oeffentlichkeit durch eine
1033 1949 2893 2104 ordnungsgemässe Untersuchung klarge-
1025 2083 2898 2243 stellt werde. Es soll auch nicht der
1025 2269 3007 2433 Gyprian: Aber,Dr.Adler,damit geben Sie
1068 2395 2979 2578 ja die Berechtigung zu, dass überhaupt
1033 2532 3032 2690 eine Untersuchung auf falsche Aussagen
1035 2705 2672 2883 hin eingeleitet werde dass eine
1030 2855 2921 3022 Eindruck erweckt werden, als wenn wir
1033 2951 3020 3167 hier durch eine vorzeitige Parteinahme
1048 3131 2989 3296 vor Abschluss der gerichtlichen unter.
1043 3281 2941 3466 suchung der endgiltigen Entscheidung,
1035 3459 2931 3616 die ja für Herrn Professor Bernhardi
1045 3601 3083 3776 nicht anders als günstig ausfallen kam.
