<?xml version="1.0" encoding="UTF-8" standalone="yes"?>
<PcGts xmlns="http://schema.primaresearch.org/PAGE/gts/pagecontent/2013-07-15" xmlns:xsi="http://www.w3.org/2001/XMLSchema-instance" xsi:schemaLocation="http://schema.primaresearch.org/PAGE/gts/pagecontent/2013-07-15 http://schema.primaresearch.org/PAGE/gts/pagecontent/2013-07-15/pagecontent.xsd">
    <Metadata>
        <Creator>prov=READ-COOP:name=TrHtr:version=2.1.0:model_id=51170:date=30_07_2023_11:45</Creator>
        <Created>2023-05-10T13:39:28.839+02:00</Created>
        <LastChange>2023-07-30T11:45:17.005+02:00</LastChange>
        <TranskribusMetadata docId="1428586" pageId="55414350" pageNr="154" tsid="131501582" status="IN_PROGRESS" userId="64420" imgUrl="https://files.transkribus.eu/Get?id=TWPCAXPEUNCHJEVCPYKSVXBK&amp;fileType=view" xmlUrl="https://files.transkribus.eu/Get?id=WEXXARABJINFWSLDBPTCXHMI" imageId="44688484"/>
    </Metadata>
    <Page imageFilename="1428586_0154.jpg" imageWidth="3400" imageHeight="4232">
        <ReadingOrder>
            <OrderedGroup id="ro_1711790864344" caption="Regions reading order">
                <RegionRefIndexed index="0" regionRef="tr_1"/>
                <RegionRefIndexed index="1" regionRef="tr_3"/>
                <RegionRefIndexed index="2" regionRef="tr_2"/>
            </OrderedGroup>
        </ReadingOrder>
        <TextRegion id="tr_1" custom="readingOrder {index:0;}">
            <Coords points="1038,543 2996,543 2996,1257 1038,1257"/>
            <TextLine id="tr_1_tl_1" custom="readingOrder {index:0;}">
                <Coords points="2739,643 2786,654 2819,643 2840,622 2876,638 2915,620 2952,630 2991,622 2993,495 2962,493 2921,514 2905,501 2809,488 2775,456 2742,467"/>
                <Baseline points="2754,599 2772,599 2817,596 2862,596 2906,593 2951,593 2996,596"/>
                <TextEquiv>
                    <Unicode>123 jk</Unicode>
                </TextEquiv>
            </TextLine>
            <TextLine id="tr_1_tl_2" custom="readingOrder {index:1;}">
                <Coords points="1032,846 2065,827 2402,757 2835,820 2941,791 2946,672 2609,690 2404,586 2070,706 1963,654 1699,721 1564,669 1196,747 1035,703"/>
                <Baseline points="1047,793 1071,793 1116,790 1160,793 1205,790 1250,790 1295,787 1340,787 1384,784 1429,784 1474,784 1519,784 1563,781 1608,781 1653,778 1698,778 1742,778 1787,778 1832,775 1877,775 1922,772 1966,772 2011,772 2056,769 2101,767 2145,767 2190,764 2235,764 2280,761 2324,761 2369,761 2414,758 2459,755 2503,755 2548,755 2593,755 2638,752 2683,752 2727,752 2772,752 2817,749 2862,746 2906,743 2951,743"/>
                <TextEquiv>
                    <Unicode>Du seine Suppe einfach selber auslöf-</Unicode>
                </TextEquiv>
            </TextLine>
            <TextLine id="tr_1_tl_3" custom="readingOrder {index:2;}">
                <Coords points="2259,861 2448,833 2508,864 2568,846 2594,856 2638,835 2659,843 2661,791 2614,804 2524,765 2480,791 2441,763 2399,757 2324,788 2262,778"/>
                <Baseline points="2277,826 2307,829 2351,829 2396,829 2441,826 2486,823 2530,823 2575,826 2620,823 2665,820"/>
                <TextEquiv>
                    <Unicode>nt jen.</Unicode>
                </TextEquiv>
            </TextLine>
            <TextLine id="tr_1_tl_4" custom="readingOrder {index:3;}">
                <Coords points="1025,973 2482,983 2573,923 2962,913 2965,817 2285,869 1808,794 1432,882 1027,879"/>
                <Baseline points="1038,946 1044,946 1089,943 1134,943 1178,943 1223,943 1268,943 1313,940 1357,940 1402,937 1447,937 1492,937 1537,937 1581,934 1626,934 1671,934 1716,931 1760,928 1805,928 1850,928 1895,925 1939,925 1984,922 2029,922 2074,922 2118,919 2163,916 2208,916 2253,916 2298,913 2342,913 2387,913 2432,913 2477,910 2521,910 2566,910 2611,907 2656,907 2700,904 2745,901 2790,901 2835,898 2880,898 2924,895 2969,895"/>
                <TextEquiv>
                    <Unicode>feln zu lassen. Man kann noch so libe-</Unicode>
                </TextEquiv>
            </TextLine>
            <TextLine id="tr_1_tl_5" custom="readingOrder {index:4;}">
                <Coords points="1030,1120 1235,1097 1473,1170 2293,1092 2638,1136 2819,1063 2822,965 2480,1014 2013,952 1517,1035 1035,993"/>
                <Baseline points="1047,1098 1077,1095 1122,1092 1166,1095 1211,1092 1256,1089 1301,1089 1346,1089 1390,1089 1435,1086 1480,1086 1525,1086 1569,1089 1614,1086 1659,1086 1704,1083 1748,1083 1793,1080 1838,1080 1883,1080 1927,1080 1972,1074 2017,1077 2062,1071 2107,1071 2151,1071 2196,1068 2241,1068 2286,1068 2330,1065 2375,1065 2420,1062 2465,1062 2509,1059 2554,1059 2599,1059 2644,1056 2689,1056 2733,1053 2778,1053 2823,1053"/>
                <TextEquiv>
                    <Unicode>ral denken,Du hast Dich nun einmal</Unicode>
                </TextEquiv>
            </TextLine>
            <TextLine id="tr_1_tl_6" custom="readingOrder {index:5;}">
                <Coords points="1043,1198 1074,1193 1082,1201 1133,1178 1191,1191 1227,1165 1261,1170 1292,1152 1328,1170 1336,1115 1305,1110 1279,1126 1255,1105 1123,1133 1102,1110 1079,1115 1050,1105"/>
                <Baseline points="1059,1175 1068,1175 1113,1175 1157,1169 1202,1166 1247,1157 1292,1154 1337,1149"/>
                <TextEquiv>
                    <Unicode>beiter.</Unicode>
                </TextEquiv>
            </TextLine>
            <TextLine id="tr_1_tl_7" custom="readingOrder {index:6;}">
                <Coords points="1045,1318 1624,1240 2874,1271 2876,1152 1530,1141 1367,1206 1048,1201"/>
                <Baseline points="1059,1247 1092,1247 1137,1247 1181,1244 1226,1244 1271,1244 1316,1241 1360,1238 1405,1238 1450,1238 1495,1235 1539,1238 1584,1235 1629,1235 1674,1232 1719,1229 1763,1232 1808,1232 1853,1229 1898,1229 1942,1229 1987,1226 2032,1226 2077,1223 2121,1223 2166,1220 2211,1223 2256,1220 2301,1217 2345,1217 2390,1214 2435,1214 2480,1214 2524,1211 2569,1211 2614,1208 2659,1208 2703,1208 2748,1205 2793,1205 2838,1205 2883,1202"/>
                <TextEquiv>
                    <Unicode>nicht richtig benommen. Und als ehr</Unicode>
                </TextEquiv>
            </TextLine>
        </TextRegion>
        <TextRegion id="tr_3" custom="readingOrder {index:1;}">
            <Coords points="1056,1307 3163,1307 3163,2782 1056,2782"/>
            <TextLine id="tr_3_tl_1" custom="readingOrder {index:0;}">
                <Coords points="1043,1421 1805,1458 2205,1393 2459,1452 2726,1395 2775,1299 1045,1323"/>
                <Baseline points="1056,1399 1077,1402 1122,1399 1166,1399 1211,1396 1256,1393 1301,1393 1346,1393 1390,1393 1435,1390 1480,1387 1525,1387 1569,1387 1614,1387 1659,1387 1704,1384 1748,1381 1793,1381 1838,1381 1883,1378 1927,1378 1972,1375 2017,1375 2062,1375 2107,1375 2151,1372 2196,1369 2241,1372 2286,1372 2330,1369 2375,1366 2420,1366 2465,1366 2509,1363 2554,1360 2599,1360 2644,1360 2689,1357 2733,1357 2778,1357"/>
                <TextEquiv>
                    <Unicode>licher Mann wäre man verpflichtet</Unicode>
                </TextEquiv>
            </TextLine>
            <TextLine id="tr_3_tl_2" custom="readingOrder {index:1;}">
                <Coords points="1050,1600 2858,1559 2858,1473 2721,1419 1053,1484"/>
                <Baseline points="1065,1551 1074,1551 1119,1551 1163,1551 1208,1551 1253,1548 1298,1548 1343,1548 1387,1545 1432,1542 1477,1542 1522,1542 1566,1542 1611,1539 1656,1539 1701,1539 1745,1537 1790,1537 1835,1534 1880,1531 1924,1531 1969,1528 2014,1528 2059,1525 2104,1525 2148,1525 2193,1522 2238,1522 2283,1522 2327,1522 2372,1519 2417,1519 2462,1516 2506,1519 2551,1516 2596,1513 2641,1513 2686,1510 2730,1510 2775,1507 2820,1507 2865,1507"/>
                <TextEquiv>
                    <Unicode>es zuzugeben,bei eintretender Gele-</Unicode>
                </TextEquiv>
            </TextLine>
            <TextLine id="tr_3_tl_3" custom="readingOrder {index:2;}">
                <Coords points="1074,1772 2869,1665 3159,1738 3162,1559 2908,1491 2674,1611 1076,1644"/>
                <Baseline points="1089,1701 1134,1701 1178,1704 1223,1704 1268,1701 1313,1701 1357,1698 1402,1698 1447,1695 1492,1692 1537,1692 1581,1692 1626,1689 1671,1689 1716,1689 1760,1689 1805,1686 1850,1686 1895,1686 1939,1686 1984,1683 2029,1683 2074,1680 2118,1683 2163,1680 2208,1680 2253,1677 2298,1674 2342,1674 2387,1671 2432,1671 2477,1671 2521,1668 2566,1671 2611,1668 2656,1668 2700,1665 2745,1659 2790,1656 2835,1650 2880,1653 2924,1656 2969,1665 3014,1674 3059,1689 3103,1704 3148,1719 3163,1722"/>
                <TextEquiv>
                    <Unicode>genheit es selbst auszusprechen. Romen</Unicode>
                </TextEquiv>
            </TextLine>
            <TextLine id="tr_3_tl_4" custom="readingOrder {index:3;}">
                <Coords points="1050,1878 2864,1842 2923,1738 1053,1772"/>
                <Baseline points="1065,1856 1092,1856 1137,1856 1181,1856 1226,1856 1271,1856 1316,1853 1360,1853 1405,1853 1450,1850 1495,1850 1539,1847 1584,1847 1629,1844 1674,1841 1719,1841 1763,1841 1808,1838 1853,1835 1898,1835 1942,1835 1987,1835 2032,1835 2077,1832 2121,1832 2166,1832 2211,1829 2256,1829 2301,1829 2345,1826 2390,1823 2435,1823 2480,1823 2524,1823 2569,1823 2614,1820 2659,1820 2703,1823 2748,1820 2793,1817 2838,1814 2883,1811 2927,1811"/>
                <TextEquiv>
                    <Unicode>Bernhardi: Bei eintretender Gelegen-</Unicode>
                </TextEquiv>
            </TextLine>
            <TextLine id="tr_3_tl_5" custom="readingOrder {index:4;}">
                <Coords points="1045,2034 1084,2044 1123,2036 1136,2046 1152,2031 1183,2041 1201,2028 1229,2041 1255,2028 1276,2041 1299,2031 1336,2049 1336,1922 1281,1945 1240,1932 1229,1943 1206,1932 1185,1945 1128,1919 1048,1938"/>
                <Baseline points="1062,2011 1077,2008 1122,2008 1166,2008 1211,2008 1256,2008 1301,2005 1346,1999"/>
                <TextEquiv>
                    <Unicode>heit?</Unicode>
                </TextEquiv>
            </TextLine>
            <TextLine id="tr_3_tl_6" custom="readingOrder {index:5;}">
                <Coords points="1587,2106 1681,2054 1784,2083 1816,2059 1927,2044 1958,2078 2013,2085 2109,2044 2155,2057 2161,1945 2124,1953 2049,1909 1971,1950 1844,1966 1797,1948 1769,1969 1691,1935 1595,1963"/>
                <Baseline points="1608,2041 1626,2047 1671,2044 1716,2044 1760,2044 1805,2041 1850,2038 1895,2035 1939,2029 1984,2026 2029,2026 2074,2023 2118,2020 2163,2023"/>
                <TextEquiv>
                    <Unicode>und darin</Unicode>
                </TextEquiv>
            </TextLine>
            <TextLine id="tr_3_tl_7" custom="readingOrder {index:6;}">
                <Coords points="1043,2251 1414,2181 1554,2238 1650,2174 2539,2145 2768,2194 2915,2153 2918,2052 2768,2083 2550,2008 2231,2098 2124,2046 2002,2098 1618,2041 1354,2106 1048,2078"/>
                <Baseline points="1059,2163 1086,2163 1131,2163 1175,2160 1220,2160 1265,2160 1310,2157 1354,2160 1399,2157 1444,2154 1489,2151 1534,2151 1578,2151 1623,2148 1668,2151 1713,2148 1757,2148 1802,2148 1847,2142 1892,2142 1936,2139 1981,2139 2026,2136 2071,2136 2116,2136 2160,2139 2205,2136 2250,2136 2295,2136 2339,2133 2384,2130 2429,2130 2474,2133 2518,2130 2563,2127 2608,2127 2653,2127 2697,2127 2742,2127 2787,2124 2832,2121 2877,2121 2921,2124"/>
                <TextEquiv>
                    <Unicode>Flint: Ja Es wäre für Dich sehr gut</Unicode>
                </TextEquiv>
            </TextLine>
            <TextLine id="tr_3_tl_8" custom="readingOrder {index:7;}">
                <Coords points="1061,2337 2739,2327 2786,2225 2495,2168 1769,2251 1063,2246"/>
                <Baseline points="1074,2327 1092,2327 1137,2318 1181,2315 1226,2312 1271,2312 1316,2312 1360,2309 1405,2307 1450,2307 1495,2304 1539,2304 1584,2304 1629,2304 1674,2301 1719,2301 1763,2301 1808,2301 1853,2301 1898,2298 1942,2298 1987,2295 2032,2295 2077,2295 2121,2292 2166,2289 2211,2289 2256,2289 2301,2289 2345,2286 2390,2283 2435,2283 2480,2283 2524,2283 2569,2277 2614,2277 2659,2277 2703,2274 2748,2274 2793,2277"/>
                <TextEquiv>
                    <Unicode>gewissermassen auch für mich, wenn</Unicode>
                </TextEquiv>
            </TextLine>
            <TextLine id="tr_3_tl_9" custom="readingOrder {index:8;}">
                <Coords points="1056,2477 1810,2516 2127,2461 2799,2487 2926,2433 2926,2373 2757,2334 1058,2386"/>
                <Baseline points="1071,2468 1098,2468 1143,2468 1187,2468 1232,2465 1277,2462 1322,2465 1366,2465 1411,2462 1456,2462 1501,2462 1545,2456 1590,2456 1635,2459 1680,2456 1725,2456 1769,2453 1814,2453 1859,2450 1904,2450 1948,2450 1993,2447 2038,2444 2083,2444 2127,2444 2172,2444 2217,2444 2262,2441 2307,2441 2351,2438 2396,2438 2441,2435 2486,2432 2530,2432 2575,2432 2620,2429 2665,2429 2709,2429 2754,2429 2799,2426 2844,2426 2888,2426 2933,2423"/>
                <TextEquiv>
                    <Unicode>mir (eine parlamentarische Interpala-</Unicode>
                </TextEquiv>
            </TextLine>
            <TextLine id="tr_3_tl_10" custom="readingOrder {index:9;}">
                <Coords points="1063,2664 2934,2609 2939,2487 1066,2557"/>
                <Baseline points="1077,2617 1107,2620 1152,2620 1196,2617 1241,2620 1286,2620 1331,2617 1375,2614 1420,2614 1465,2611 1510,2611 1554,2611 1599,2608 1644,2608 1689,2608 1733,2608 1778,2605 1823,2605 1868,2605 1913,2605 1957,2599 2002,2599 2047,2599 2092,2599 2136,2596 2181,2596 2226,2596 2271,2596 2315,2593 2360,2593 2405,2590 2450,2590 2495,2587 2539,2584 2584,2581 2629,2581 2674,2581 2718,2581 2763,2584 2808,2581 2853,2581 2897,2575 2942,2569"/>
                <TextEquiv>
                    <Unicode>tion in dieser Angelegenheit/ erspart</Unicode>
                </TextEquiv>
            </TextLine>
            <TextLine id="tr_3_tl_11" custom="readingOrder {index:10;}">
                <Coords points="1053,2804 2324,2760 2659,2801 2666,2638 2306,2672 2091,2609 1909,2674 1650,2646 1538,2708 1058,2698"/>
                <Baseline points="1068,2772 1104,2772 1149,2769 1193,2769 1238,2769 1283,2766 1328,2766 1372,2760 1417,2754 1462,2754 1507,2748 1551,2745 1596,2742 1641,2736 1686,2733 1731,2730 1775,2727 1820,2730 1865,2727 1910,2727 1954,2724 1999,2721 2044,2721 2089,2718 2133,2715 2178,2715 2223,2715 2268,2712 2312,2712 2357,2712 2402,2706 2447,2706 2492,2706 2536,2703 2581,2700 2626,2697 2671,2700"/>
                <TextEquiv>
                    <Unicode>bliebezünde... xxx</Unicode>
                </TextEquiv>
            </TextLine>
        </TextRegion>
        <TextRegion id="tr_2" custom="readingOrder {index:2;}">
            <Coords points="1077,2824 3026,2824 3026,3857 1077,3857"/>
            <TextLine id="tr_2_tl_1" custom="readingOrder {index:0;}">
                <Coords points="1063,2985 1979,2926 2871,2962 2897,2809 2464,2775 1821,2869 1647,2814 1066,2853"/>
                <Baseline points="1077,2924 1110,2921 1154,2921 1199,2921 1244,2921 1289,2921 1334,2918 1378,2921 1423,2915 1468,2915 1513,2912 1557,2912 1602,2909 1647,2909 1692,2909 1736,2909 1781,2906 1826,2909 1871,2906 1916,2906 1960,2903 2005,2903 2050,2900 2095,2897 2139,2894 2184,2894 2229,2894 2274,2891 2318,2891 2363,2888 2408,2888 2453,2888 2498,2885 2542,2885 2587,2885 2632,2885 2677,2883 2721,2880 2766,2880 2811,2877 2856,2874 2900,2874"/>
                <TextEquiv>
                    <Unicode>Bernhardi: Nun, ich kann mirjemanden</Unicode>
                </TextEquiv>
            </TextLine>
            <TextLine id="tr_2_tl_2" custom="readingOrder {index:1;}">
                <Coords points="1082,3110 2490,3118 2993,3068 2996,2954 2532,2988 2311,2921 1818,3006 1084,2959"/>
                <Baseline points="1095,3074 1122,3074 1166,3074 1211,3074 1256,3074 1301,3071 1346,3071 1390,3071 1435,3071 1480,3071 1525,3071 1569,3068 1614,3068 1659,3065 1704,3065 1748,3065 1793,3062 1838,3062 1883,3062 1927,3059 1972,3056 2017,3056 2062,3056 2107,3053 2151,3053 2196,3050 2241,3047 2286,3047 2330,3047 2375,3047 2420,3044 2465,3044 2509,3041 2554,3044 2599,3041 2644,3041 2689,3041 2733,3038 2778,3038 2823,3035 2868,3035 2912,3035 2957,3032 3002,3029"/>
                <TextEquiv>
                    <Unicode>denken, der eine solche interpellation</Unicode>
                </TextEquiv>
            </TextLine>
            <TextLine id="tr_2_tl_3" custom="readingOrder {index:2;}">
                <Coords points="1066,3299 2124,3206 2783,3245 3019,3206 3022,3087 2591,3151 2355,3089 1069,3159"/>
                <Baseline points="1083,3226 1101,3229 1146,3229 1190,3229 1235,3226 1280,3226 1325,3226 1369,3226 1414,3223 1459,3223 1504,3220 1548,3220 1593,3220 1638,3217 1683,3217 1728,3214 1772,3214 1817,3214 1862,3211 1907,3211 1951,3211 1996,3208 2041,3205 2086,3205 2130,3205 2175,3202 2220,3202 2265,3199 2309,3199 2354,3196 2399,3199 2444,3196 2489,3196 2533,3193 2578,3193 2623,3193 2668,3190 2712,3190 2757,3187 2802,3190 2847,3190 2891,3187 2936,3184 2981,3184 3026,3184"/>
                <TextEquiv>
                    <Unicode>auch durchaus zu meinen Gunsten zu be¬</Unicode>
                </TextEquiv>
            </TextLine>
            <TextLine id="tr_2_tl_4" custom="readingOrder {index:3;}">
                <Coords points="1069,3393 1144,3426 1507,3385 1943,3426 2096,3380 2153,3424 2319,3421 2321,3325 2176,3260 2015,3315 1686,3312 1520,3263 1071,3317"/>
                <Baseline points="1083,3381 1116,3381 1160,3381 1205,3381 1250,3378 1295,3375 1340,3375 1384,3375 1429,3375 1474,3375 1519,3372 1563,3372 1608,3369 1653,3369 1698,3366 1742,3363 1787,3366 1832,3363 1877,3363 1922,3360 1966,3360 2011,3357 2056,3354 2101,3354 2145,3357 2190,3354 2235,3354 2280,3354 2324,3357"/>
                <TextEquiv>
                    <Unicode>antworten imstande wäre.</Unicode>
                </TextEquiv>
            </TextLine>
            <TextLine id="tr_2_tl_5" custom="readingOrder {index:4;}">
                <Coords points="1066,3592 2768,3543 2812,3297 2311,3457 1958,3411 1686,3483 1432,3429 1071,3468"/>
                <Baseline points="1083,3536 1113,3536 1157,3536 1202,3533 1247,3533 1292,3533 1337,3530 1381,3530 1426,3530 1471,3527 1516,3524 1560,3524 1605,3524 1650,3524 1695,3521 1739,3521 1784,3521 1829,3518 1874,3518 1919,3515 1963,3512 2008,3512 2053,3512 2098,3512 2142,3509 2187,3509 2232,3506 2277,3506 2321,3506 2366,3506 2411,3503 2456,3503 2500,3500 2545,3500 2590,3500 2635,3494 2680,3494 2724,3494 2769,3491 2814,3488"/>
                <TextEquiv>
                    <Unicode>Flint: Ganz zu Deinen Gunsten, das</Unicode>
                </TextEquiv>
            </TextLine>
            <TextLine id="tr_2_tl_6" custom="readingOrder {index:5;}">
                <Coords points="1084,3743 1930,3730 2059,3789 2225,3712 2825,3714 3014,3686 3019,3535 2609,3600 2026,3561 1810,3613 1642,3551 1512,3631 1087,3603"/>
                <Baseline points="1098,3688 1140,3685 1184,3688 1229,3688 1274,3685 1319,3685 1363,3682 1408,3682 1453,3679 1498,3679 1542,3676 1587,3676 1632,3673 1677,3673 1722,3676 1766,3676 1811,3673 1856,3673 1901,3673 1945,3667 1990,3670 2035,3670 2080,3667 2124,3664 2169,3661 2214,3661 2259,3661 2304,3661 2348,3658 2393,3658 2438,3655 2483,3655 2527,3653 2572,3655 2617,3653 2662,3653 2706,3650 2751,3653 2796,3650 2841,3647 2885,3647 2930,3644 2975,3641 3020,3641"/>
                <TextEquiv>
                    <Unicode>scheint mit unmöglihh. Man könnte Dich</Unicode>
                </TextEquiv>
            </TextLine>
            <TextLine id="tr_2_tl_7" custom="readingOrder {index:6;}">
                <Coords points="1084,3860 1860,3867 2119,3984 2384,3828 2980,3839 3019,3704 2454,3696 2057,3789 1087,3761"/>
                <Baseline points="1098,3847 1143,3844 1187,3844 1232,3844 1277,3841 1322,3841 1366,3841 1411,3838 1456,3838 1501,3838 1545,3838 1590,3838 1635,3838 1680,3835 1725,3835 1769,3832 1814,3832 1859,3832 1904,3829 1948,3829 1993,3826 2038,3823 2083,3820 2127,3823 2172,3823 2217,3820 2262,3817 2307,3817 2351,3817 2396,3814 2441,3811 2486,3811 2530,3811 2575,3808 2620,3808 2665,3811 2709,3808 2754,3808 2799,3808 2844,3805 2888,3802 2933,3802 2978,3799 3023,3805"/>
                <TextEquiv>
                    <Unicode>entschuldigen, aber es würde doch ein</Unicode>
                </TextEquiv>
            </TextLine>
        </TextRegion>
    </Page>
</PcGts>
