3336 3992
2509 265 2702 426 262
1249 431 2406 613 doch nicht gel ten lassen.
911 561 2924 826 Bernhardt: (Aber ist Ihnen nicht der Gedanke
1262 749 2884 894 gekommen, dass es derartiger Einzel-
1264 889 3020 1057 fälle mehr gibt als man im Allgemeinen
1259 1062 2977 1214 vermutet, ja, dass Sie vielleicht nicht
1249 1222 2939 1334 einmal der einzige Priester sind, der
1254 1317 3085 1482 sich vor solchem inneren Zwist gestellt
1292 1490 2887 1645 sieht und haben Sie nicht bedacht,
1259 1620 2949 1818 dass vielleicht ein grosses Beisptel
1264 1798 2942 1960 der -ufrichtigkeit in diesem Einzel¬
1267 1983 2954 2101 fall die Kraft gehabt hätte Zögernde
1264 2106 2909 2238 unter Ihnen mutig zu machen und auf
1267 2273 2822 2416 diese Weise Ihren Stand von jenem
1264 2406 2992 2539 Geiste der Unduldsamkeit zu befreien,
1272 2564 2884 2707 der mehr im Dienste der Kirche als
1294 2722 2952 2844 im Dienste Gottes zu stehen scheint.
2394 2792 2997 2912 desher duif
961 2889 2934 3062 Pfarrer: So weit hab ich nicht gedacht. Ich
1292 3057 2829 3185 fand mich auf dem Wege dahin, aber
1272 3180 2939 3345 hier kehrt ich um.Wenn ich es hätte
653 3177 941 3360 Wauin
1292 3330 2887 3465 tun sollen,Herr Professor,so hätte
1277 3475 2899 3620 mir Gott wohl auch dazu die Stärke
