3432 4136
2737 327 2930 582 244
1085 528 2925 731 Ihre Schlussrede war nichts anderes
1085 714 2815 877 als eine tiefe Verbeugung vor der
1087 855 3008 1061 (jämmerl ich heuchlerischen Macht, durch
1090 1031 2825 1193 deren infames Wirken Bernhardi in
1090 1173 2867 1334 den Gerichtssaal geschleppt wurde.
1090 1359 2867 1525 Goldenthal: Lieber Herr Professor,
1083 1476 2801 1654 Sie werden mir nicht übel nehmen,
1061 1640 2808 1799 wenn ich Sie bitte die notwendige
1097 1808 2935 1972 Unterredung über die zunächst zu er
1090 1953 2996 2116 greifenden Massregeln vielleicht mor-
1087 2094 2879 2295 gen Vormittag in unserer Kanzlei -
1102 2256 2984 2436 Pflugfelder: Oh nein, es scheint,der
1092 2405 2840 2583 Herr Doktor will sich meinetwegen
1092 2585 3013 2727 entfernen. Das gebe ich keineswegs zu.
1097 2693 2991 2874 Die Anwesenheit des Herrn Doktor ist
464 2798 1007 2981 Lei verschieden
1090 2874 3008 3020 wichtiger als die meine. Ich habe die
479 2923 963 3128 je ait tous
1090 3025 2928 3196 Ehre. Nimm Du's mir nicht übel, lie-
501 3067 885 3243 litate
1092 3182 2864 3345 ber Bernhardi, ich bin schon einmal
1087 3321 2781 3568 so. Nein, nein,lass nur. (er geht
1090 3509 1408 3685 rasch)
1090 3629 3055 3766 Bernhardi: Ich bauche Ihnen wohl nicht
