3320 3992
319 182 577 396 fun
963 351 2827 473 Herz (eventuell zu Flint): Natürlich,
2506 453 2725 543 aber
956 550 2675 697 das Volk braucht die Religion, her
956 667 2636 796 nur weil die oben ein Volk brau¬
971 801 2511 976 chen, das die Religion braucht.
953 968 2658 1152 Flint: Sie sind ja ein Anarchist
968 1142 2797 1297 Herz: Glauben Sie,Exzellenz,es gibt
968 1304 2897 1406 einen vernünftigen Menschen, der nicht
956 1416 2937 1593 Anarchist ist? Und darum, weil wir füh
968 1565 2964 1735 len, dass der Anarchismus die einzig be-
956 1755 2899 1881 rechtigte Weltanschauung ist sind wir
986 1879 2785 2061 ja so dagegen, dass die Andern drauf
961 2063 1324 2193 kommen.
961 2170 2855 2329 Wenn Sie glauben, dass Ludwig XVI. von
958 2354 2852 2469 Gottes Gnaden war,so müssen Sie auch
968 2509 2797 2631 glauben, dass sein Henker von Gottes
966 2663 2785 2795 Cnaden war.Entweder kümmert sich
963 2792 2937 2937 der sich da droben um uns oder er küm¬
953 2957 1787 3113 mert sich nicht.
