3496 4136
2916 389 3081 553 12
1112 571 3061 730 es sorgfältig vermieden bei Lebzeiten
1114 681 3007 877 des Kranken etwas davon verlauten zu
1131 869 2897 1014 lassen. Warum Du es vermieden hast
1129 997 3005 1183 das ist eine Frage, die Du Dir selbst
1119 1200 2062 1359 beantworten magst.
1122 1293 3005 1481 Flint: Donnerwetter,Du hast ein gutes
1119 1477 2916 1638 Gedächtmis. Auch ich erinnere mich
1131 1604 3061 1810 dieses Falles. Ja, ich habe es bei mir
1134 1773 3000 1971 behalten, dass ich eine (Operation) für
1131 1930 3051 2091 erfolgversprechend ja sogar für gebo
2013 2042 2899 2170 es sei die zu verlauf
1136 2094 3098 2253 ten hielt. Und ich gestehe es mir ohne
1139 2250 3036 2397 weiters ein, ich hatte nur deshalb ge.
1131 2388 2970 2552 schwiegen,um Skodas Empfindlichkeit
1131 2554 3073 2689 zu schonen, der, wie Du weisst,es nicht
1144 2691 3049 2885 gerne sah,wenn seine Assistenten klü.
1141 2838 2980 3029 ger waren als er. Und Du machst mir
1156 3000 3083 3186 vielleicht mit Recht zum Vorwurf, dass
1148 3169 2968 3316 ich ein menschliches Leben geopfert
1413 3210 3230 3387 Nun u. ist seinnte. Midi mir erstatthaelt
1139 3362 2931 3472 habe. Aus Streberei wirst Du sagen
612 3313 894 3499 & not
2510 3379 3100 3509 Het Ceneiters
1144 3455 3100 3627 Aber Du hast Unrecht.Dieses eine Opfer
1153 3609 3122 3810 musste fallen zu Gunsten von hunderten
