3416 4168
2628 445 2811 548 213
1256 588 2796 726 Frage des Herrn Direktor bezieht.
1487 776 2342 897 (Unruhe, Spannung).
972 864 2990 1055 Ebenw.: Gleich nach jenem Vorfall, den Setz
1261 1053 2920 1183 Exzellenz bedauerlich nennt, der von
1249 1231 2877 1334 Andern wieder als eine Art Symptom
1261 1324 2960 1513 für die höchs teethische Vollendung,
1271 1490 3005 1653 als eine Tat des Herrn Prof.Bernhardt
1269 1648 2987 1817 angesehen werden möchte, — die Ansich¬
1286 1786 2945 1947 ten s ind ja verschieden — begab ich
1279 1912 2962 2095 mich in die Wohnung des Herrn Direk¬
1296 2131 2942 2246 tors und teilte ihm die Befürchtung
1284 2284 2849 2404 mit, dass das Parlament vielleicht
1286 2344 3025 2540 Gelegenheit nehmen würde sich mit je¬
1291 2585 2852 2714 nem Vorfall zu beschäftigen. Eine
1291 2744 2796 2869 Befürchtung,wie Sie sehen,me ine
1291 2786 3053 3030 Herren,- na, ich muss letder indtskret
1256 2990 2955 3161 werden, ich will mich nicht propheti¬
1309 3153 3012 3319 scher machen als ich bin.Mein Vetter
1299 3291 2967 3475 Ebenwald hatte mir privatim zu ver¬
1314 3500 3168 3661 stehen gegeben, dass sich etwas vorborei
1329 3590 3033 3829 te im Parlament.Ich war höchs t unan-
