3512 4264
2651 417 2814 562 129
961 560 2901 760 Ebenw.: Ja Ja, wissen Sie wo Sie heut Nacht
1201 763 2825 940 getanzt haben Hochrottspainner? Auf
1209 916 1845 1064 einem Vullan.
972 1006 3091 1222 Hochr. :Es war auch sehr heiss, Herr Professor.
969 1167 3044 1373 Ebenw.: (lacht) Haha. Also, Urlaub nehmen,Prü¬
1228 1328 3068 1521 fung machen udd nicht mehr auf Vilhanen
1225 1476 2930 1684 tanzen, auch auf ke inem aus gekühlten.
1209 1658 2571 1840 Servus. (reicht ihm die Hand)
993 1830 1558 1980 Hochr.: (ab).
1230 1980 2307 2175 Alle weil wie ein unterant
