<?xml version="1.0" encoding="UTF-8" standalone="yes"?>
<PcGts xmlns="http://schema.primaresearch.org/PAGE/gts/pagecontent/2013-07-15" xmlns:xsi="http://www.w3.org/2001/XMLSchema-instance" xsi:schemaLocation="http://schema.primaresearch.org/PAGE/gts/pagecontent/2013-07-15 http://schema.primaresearch.org/PAGE/gts/pagecontent/2013-07-15/pagecontent.xsd">
    <Metadata>
        <Creator>prov=READ-COOP:name=TrHtr:version=2.1.0:model_id=51170:date=30_07_2023_11:47</Creator>
        <Created>2023-05-10T13:40:28.000+02:00</Created>
        <LastChange>2023-07-30T11:47:14.644+02:00</LastChange>
        <TranskribusMetadata docId="1428586" pageId="55416515" pageNr="523" tsid="131502130" status="IN_PROGRESS" userId="64420" imgUrl="https://files.transkribus.eu/Get?id=VRAHMTDRNNNXWRVZVEDFASZL&amp;fileType=view" xmlUrl="https://files.transkribus.eu/Get?id=FYPFRPGMUARDYKDJXUZNSTKV" imageId="44690619"/>
    </Metadata>
    <Page imageFilename="1428586_0523.jpg" imageWidth="3336" imageHeight="4040">
        <ReadingOrder>
            <OrderedGroup id="ro_1711791185220" caption="Regions reading order">
                <RegionRefIndexed index="0" regionRef="tr_1"/>
                <RegionRefIndexed index="1" regionRef="tr_2"/>
            </OrderedGroup>
        </ReadingOrder>
        <TextRegion id="tr_1" custom="readingOrder {index:0;}">
            <Coords points="981,382 2968,382 2968,2462 981,2462"/>
            <TextLine id="tr_1_tl_1" custom="readingOrder {index:0;}">
                <Coords points="2629,461 2666,473 2700,446 2708,453 2728,443 2740,456 2755,448 2772,461 2812,451 2809,354 2792,359 2770,349 2740,369 2688,342 2678,352 2656,347 2626,357"/>
                <Baseline points="2643,432 2688,435 2733,435 2777,435 2816,438"/>
                <TextEquiv>
                    <Unicode>301</Unicode>
                </TextEquiv>
            </TextLine>
            <TextLine id="tr_1_tl_2" custom="readingOrder {index:1;}">
                <Coords points="964,657 2755,619 2755,481 2643,463 2245,533 966,530"/>
                <Baseline points="981,614 1017,614 1062,611 1106,611 1151,611 1196,614 1241,611 1285,614 1330,611 1375,614 1420,608 1465,605 1509,605 1554,608 1599,608 1644,605 1688,605 1733,602 1778,602 1823,602 1867,602 1912,602 1957,602 2002,602 2046,602 2091,602 2136,602 2181,599 2225,599 2270,599 2315,599 2360,599 2404,596 2449,596 2494,590 2539,590 2583,590 2628,590 2673,590 2718,587 2762,587"/>
                <TextEquiv>
                    <Unicode>müsse n.Herr Professor.Die Affaire</Unicode>
                </TextEquiv>
            </TextLine>
            <TextLine id="tr_1_tl_3" custom="readingOrder {index:2;}">
                <Coords points="971,795 2651,785 2809,756 2812,647 1925,714 1771,649 1412,721 971,689"/>
                <Baseline points="984,763 1026,766 1071,763 1115,763 1160,763 1205,763 1250,763 1294,763 1339,757 1384,760 1429,757 1473,760 1518,760 1563,757 1608,757 1652,757 1697,757 1742,757 1787,760 1832,760 1876,757 1921,754 1966,751 2011,751 2055,754 2100,751 2145,751 2190,751 2234,748 2279,748 2324,745 2369,745 2413,748 2458,745 2503,748 2548,745 2592,745 2637,742 2682,742 2727,739 2771,742 2816,742"/>
                <TextEquiv>
                    <Unicode>fängt erst an.Ich glaube nicht, dass</Unicode>
                </TextEquiv>
            </TextLine>
            <TextLine id="tr_1_tl_4" custom="readingOrder {index:3;}">
                <Coords points="971,919 1095,969 1999,904 2832,939 2914,912 2914,823 971,835"/>
                <Baseline points="984,918 993,918 1038,916 1083,916 1127,916 1172,913 1217,916 1262,913 1306,913 1351,910 1396,910 1441,910 1485,910 1530,907 1575,910 1620,910 1664,910 1709,910 1754,907 1799,907 1843,907 1888,907 1933,907 1978,907 2022,904 2067,904 2112,901 2157,898 2202,898 2246,898 2291,898 2336,898 2381,898 2425,898 2470,898 2515,898 2560,898 2604,898 2649,895 2694,895 2739,892 2783,892 2828,889 2873,886 2918,886"/>
                <TextEquiv>
                    <Unicode>sie unter demselben Minister ihr Ende</Unicode>
                </TextEquiv>
            </TextLine>
            <TextLine id="tr_1_tl_5" custom="readingOrder {index:4;}">
                <Coords points="986,1100 2703,1058 2827,1115 2956,1063 2921,949 989,984"/>
                <Baseline points="999,1071 1038,1071 1083,1068 1127,1068 1172,1065 1217,1065 1262,1065 1306,1065 1351,1065 1396,1062 1441,1062 1485,1062 1530,1065 1575,1062 1620,1065 1664,1062 1709,1062 1754,1062 1799,1062 1843,1059 1888,1056 1933,1059 1978,1059 2022,1056 2067,1056 2112,1056 2157,1056 2202,1056 2246,1056 2291,1053 2336,1050 2381,1053 2425,1053 2470,1050 2515,1053 2560,1050 2604,1047 2649,1047 2694,1047 2739,1047 2783,1044 2828,1044 2873,1047 2918,1044 2962,1044"/>
                <TextEquiv>
                    <Unicode>finden wird. Sie haben es ja nicht mehr</Unicode>
                </TextEquiv>
            </TextLine>
            <TextLine id="tr_1_tl_6" custom="readingOrder {index:5;}">
                <Coords points="974,1254 2039,1209 2587,1286 2693,1219 2866,1244 2869,1102 974,1167"/>
                <Baseline points="987,1223 993,1223 1038,1223 1083,1223 1127,1223 1172,1226 1217,1226 1262,1229 1306,1226 1351,1223 1396,1220 1441,1220 1485,1220 1530,1220 1575,1217 1620,1214 1664,1217 1709,1217 1754,1214 1799,1214 1843,1214 1888,1211 1933,1211 1978,1211 2022,1208 2067,1208 2112,1205 2157,1205 2202,1205 2246,1208 2291,1205 2336,1208 2381,1205 2425,1205 2470,1205 2515,1202 2560,1202 2604,1202 2649,1199 2694,1199 2739,1196 2783,1196 2828,1196 2873,1202"/>
                <TextEquiv>
                    <Unicode>nötig, aber jetzt erst werden Sie bei</Unicode>
                </TextEquiv>
            </TextLine>
            <TextLine id="tr_1_tl_7" custom="readingOrder {index:6;}">
                <Coords points="986,1397 2465,1385 2485,1296 989,1308"/>
                <Baseline points="999,1375 1011,1375 1056,1375 1101,1375 1145,1378 1190,1378 1235,1378 1280,1375 1324,1375 1369,1372 1414,1375 1459,1372 1503,1372 1548,1372 1593,1369 1638,1369 1682,1369 1727,1366 1772,1366 1817,1366 1861,1366 1906,1366 1951,1366 1996,1366 2040,1363 2085,1360 2130,1363 2175,1363 2219,1360 2264,1360 2309,1357 2354,1357 2398,1360 2443,1360 2488,1363"/>
                <TextEquiv>
                    <Unicode>den Liberalen populär werden.</Unicode>
                </TextEquiv>
            </TextLine>
            <TextLine id="tr_1_tl_8" custom="readingOrder {index:7;}">
                <Coords points="984,1551 2906,1534 2909,1434 984,1459"/>
                <Baseline points="996,1530 1032,1530 1077,1530 1121,1530 1166,1530 1211,1530 1256,1527 1300,1524 1345,1524 1390,1524 1435,1524 1479,1527 1524,1524 1569,1524 1614,1524 1658,1521 1703,1521 1748,1524 1793,1521 1837,1521 1882,1521 1927,1521 1972,1515 2017,1515 2061,1515 2106,1515 2151,1518 2196,1515 2240,1515 2285,1512 2330,1512 2375,1512 2419,1512 2464,1512 2509,1509 2554,1509 2598,1509 2643,1506 2688,1503 2733,1506 2777,1503 2822,1503 2867,1503 2912,1506"/>
                <TextEquiv>
                    <Unicode>Bernhardi: Das man gleich so hart be-</Unicode>
                </TextEquiv>
            </TextLine>
            <TextLine id="tr_1_tl_9" custom="readingOrder {index:8;}">
                <Coords points="986,1695 1385,1754 1806,1680 2866,1697 2866,1573 986,1623"/>
                <Baseline points="999,1679 1035,1682 1080,1682 1124,1682 1169,1679 1214,1682 1259,1679 1303,1679 1348,1679 1393,1679 1438,1676 1482,1676 1527,1676 1572,1673 1617,1673 1661,1676 1706,1676 1751,1673 1796,1673 1840,1670 1885,1670 1930,1670 1975,1670 2020,1670 2064,1670 2109,1670 2154,1670 2199,1667 2243,1667 2288,1664 2333,1667 2378,1664 2422,1664 2467,1667 2512,1661 2557,1664 2601,1661 2646,1658 2691,1658 2736,1658 2780,1655 2825,1658 2870,1661"/>
                <TextEquiv>
                    <Unicode>straft wird, wenn man zufällig einmal</Unicode>
                </TextEquiv>
            </TextLine>
            <TextLine id="tr_1_tl_10" custom="readingOrder {index:9;}">
                <Coords points="979,1851 1095,1843 1137,1880 1283,1898 1368,1866 1474,1878 1556,1831 1605,1856 1836,1843 1861,1749 981,1766"/>
                <Baseline points="993,1837 1017,1835 1062,1832 1106,1835 1151,1835 1196,1835 1241,1835 1285,1835 1330,1835 1375,1835 1420,1835 1465,1832 1509,1832 1554,1829 1599,1829 1644,1829 1688,1829 1733,1829 1778,1826 1823,1823 1867,1823"/>
                <TextEquiv>
                    <Unicode>Recht gehabt hat</Unicode>
                </TextEquiv>
            </TextLine>
            <TextLine id="tr_1_tl_11" custom="readingOrder {index:10;}">
                <Coords points="974,1997 2696,2007 2961,1984 2963,1856 2641,1925 2398,1880 1615,1930 1353,1873 974,1930"/>
                <Baseline points="987,1990 999,1993 1044,1990 1089,1990 1133,1990 1178,1990 1223,1990 1268,1990 1312,1990 1357,1990 1402,1987 1447,1984 1491,1984 1536,1984 1581,1984 1626,1984 1670,1984 1715,1981 1760,1981 1805,1978 1849,1978 1894,1978 1939,1978 1984,1975 2028,1978 2073,1975 2118,1975 2163,1975 2207,1975 2252,1975 2297,1975 2342,1972 2387,1972 2431,1972 2476,1969 2521,1969 2566,1966 2610,1963 2655,1960 2700,1963 2745,1966 2789,1966 2834,1963 2879,1963 2924,1963 2968,1960"/>
                <TextEquiv>
                    <Unicode>Herz: Pardon, davon ist noch nie jemand</Unicode>
                </TextEquiv>
            </TextLine>
            <TextLine id="tr_1_tl_12" custom="readingOrder {index:11;}">
                <Coords points="984,2180 2951,2128 2951,2069 2800,2034 984,2069"/>
                <Baseline points="996,2154 1032,2148 1077,2145 1121,2145 1166,2145 1211,2145 1256,2145 1300,2142 1345,2142 1390,2142 1435,2142 1479,2139 1524,2139 1569,2139 1614,2136 1658,2136 1703,2136 1748,2133 1793,2133 1837,2133 1882,2133 1927,2130 1972,2130 2017,2133 2061,2130 2106,2127 2151,2127 2196,2124 2240,2127 2285,2124 2330,2124 2375,2121 2419,2121 2464,2121 2509,2124 2554,2121 2598,2121 2643,2121 2688,2121 2733,2121 2777,2121 2822,2118 2867,2118 2912,2118 2956,2118"/>
                <TextEquiv>
                    <Unicode>populär geworden. Nur wenn es einer ge¬</Unicode>
                </TextEquiv>
            </TextLine>
            <TextLine id="tr_1_tl_13" custom="readingOrder {index:12;}">
                <Coords points="971,2309 2928,2304 2928,2193 2740,2183 974,2220"/>
                <Baseline points="987,2291 1008,2291 1053,2291 1098,2291 1142,2291 1187,2291 1232,2291 1277,2291 1321,2291 1366,2288 1411,2288 1456,2288 1500,2288 1545,2288 1590,2288 1635,2285 1679,2285 1724,2285 1769,2285 1814,2285 1858,2282 1903,2282 1948,2282 1993,2282 2037,2279 2082,2279 2127,2279 2172,2279 2216,2276 2261,2276 2306,2276 2351,2276 2395,2276 2440,2273 2485,2276 2530,2273 2574,2273 2619,2273 2664,2273 2709,2270 2754,2270 2798,2270 2843,2270 2888,2267 2933,2261"/>
                <TextEquiv>
                    <Unicode>wissen politischen Partei in den Kram</Unicode>
                </TextEquiv>
            </TextLine>
            <TextLine id="tr_1_tl_14" custom="readingOrder {index:13;}">
                <Coords points="998,2475 1890,2448 2267,2507 2745,2448 2745,2368 2683,2344 1001,2381"/>
                <Baseline points="1011,2452 1050,2452 1095,2449 1139,2449 1184,2449 1229,2449 1274,2449 1318,2449 1363,2446 1408,2446 1453,2443 1497,2443 1542,2440 1587,2440 1632,2440 1676,2440 1721,2437 1766,2437 1811,2437 1855,2437 1900,2434 1945,2437 1990,2437 2034,2434 2079,2437 2124,2434 2169,2434 2213,2431 2258,2431 2303,2431 2348,2428 2392,2428 2437,2428 2482,2428 2527,2425 2571,2422 2616,2422 2661,2425 2706,2425 2751,2425"/>
                <TextEquiv>
                    <Unicode>passt,dass Sie Recht gehabt haben.</Unicode>
                </TextEquiv>
            </TextLine>
        </TextRegion>
        <TextRegion id="tr_2" custom="readingOrder {index:1;}">
            <Coords points="2751,2492 3034,2492 3034,2710 2751,2710"/>
            <TextLine id="tr_2_tl_1" custom="readingOrder {index:0;}">
                <Coords points="2740,2594 2757,2589 2795,2606 2819,2599 2857,2616 2879,2606 2896,2616 2909,2606 2943,2606 2941,2438 2896,2433 2864,2455 2834,2428 2812,2423 2792,2435 2785,2430 2770,2448 2738,2450"/>
                <Baseline points="2751,2545 2795,2542 2840,2545 2885,2545 2930,2545 2947,2545"/>
                <TextEquiv>
                    <Unicode>201/</Unicode>
                </TextEquiv>
            </TextLine>
            <TextLine id="tr_2_tl_2" custom="readingOrder {index:1;}">
                <Coords points="2871,2782 2918,2772 2941,2782 2961,2772 2993,2775 3018,2755 3030,2755 3028,2569 2985,2577 2956,2562 2904,2611 2871,2606"/>
                <Baseline points="2885,2700 2900,2697 2944,2697 2989,2700 3034,2697"/>
                <TextEquiv>
                    <Unicode>811</Unicode>
                </TextEquiv>
            </TextLine>
        </TextRegion>
    </Page>
</PcGts>
