3464 4200
976 490 2940 751 tor Adler an, der ist sogar patologischer
2771 591 2945 676 ouder
984 655 3072 865 Anatum und jede Nacht ist der auf einem Ball.
989 805 2940 1013 Oder sonst wo. Und ieh? In meinem ganzen
997 951 2999 1150 Leben war ich nie besser aufgelegt, als im
1054 1046 3059 1287 Seciersaal. Ich meine weit dort, die gebrachtte
1005 1269 1608 1375 Leicht:
875 1305 979 1378 4.
1121 1502 3116 1722 Vielleicht schon hier über die Möglichkeit
1044 1608 3046 1927 dass Prf- Bernhardi nicht Direktor bleibt.
671 1652 930 1803 sont aussi un autre
1329 1857 2347 2126 Neu! Noch nicht!
