3464 4104
2652 347 2850 504 159
883 471 2744 693 haben sie unser Protokoll ins Reine
894 674 2841 853 g’schrieben? Von der letzten Sitzung.
888 853 2996 1027 Hochr.: Bin leider nicht früher dazu ge-
907 994 1980 1184 kommen, Herr Dozent -
897 1111 3028 1327 Schreimann: Aber, aber -Ich spreche Ihnen
913 1295 2966 1444 in meiner Eigenschaft als Schriftführer
918 1449 2823 1660 den Dank aus. Haben S' nur alles gut
918 1585 2920 1755 lesen können? (zu ihm hin, im Protokoll
932 1755 2985 1926 lesend), den Anfang murmelnd) Abstimmung
926 1899 2977 2083 für die Nachfolge des Professor Tugend-
2292 1972 3050 2113 ausserordentli
935 2083 3028 2237 vetter vier Stimmen für H den Professor
932 2237 2996 2386 an der Grazer Universität Hell,vier für
945 2362 3083 2557 den Doktor S. Wenger - zu Hochr.gewandt
940 2552 1373 2698 Samuel -
956 2663 3004 2858 Hochr.: Das wird aber doch nicht ausge-
967 2852 1509 3009 schrieben
956 2920 3134 3153 Schreimann: Möcht wissen warum. Mein Gross
967 3115 3042 3310 vater zum Beispiel hat Samuel geheissen
967 3275 3115 3456 und hat sich immer ausgeschrieben und ich
967 3454 3107 3624 heiss Siegfried und schreib mich auch im
