3448 4152
2780 428 3002 589 172
1081 594 2924 753 Sie mir doch nicht abstreiten, meine
1078 726 2340 885 Herren.Und mehr als das.
1083 836 1560 939 Ebenwald:
1088 878 3005 1039 Schreimann: Was sein Serum anbelangt,
1068 1059 2968 1200 so stehe ich ihm vorläufig skeptisch
1076 1213 1611 1367 gegenüber.
1073 1357 3034 1518 Pflugf.: Natürlich. Wenn's Hell erfun-
1073 1513 3027 1636 den hätte, wären Sie weniger skeptisch.
1066 1665 3027 1809 Na ja, Sie sind halt, wie sie sind, Eben
1068 1814 2951 1958 wald.Reden wir nicht mehr davon. Aber
1059 1963 2946 2098 hören Sie, diese neue- Sache, wegen der
1051 2137 2910 2249 wir heute beisammen sind, es wird ja
1046 2269 2846 2430 allerlei zur Sprache kommen,- also
1061 2433 2980 2550 Ebenwald, da möchte ich Ihnen doch na-
1046 2570 2892 2729 he legen, lassen Sie Ihre Antipathie
1044 2731 2609 2895 gegen Bernhardi aus dem Spiel.
1054 2880 2778 3056 Ebenwald: Antipathie? Wieso denn?
1054 3039 2949 3213 Pflugf.: Er hat seine Fehler,Bernhar.
1039 3178 2922 3381 di,wir alle.Er ist kein grosser Theo-
1034 3325 2929 3496 retiker.Schön. Er ist vielleicht so-
1037 3477 2883 3643 gar ein wenig oberflächlich und ein
1037 3643 2895 3831 bischen eitel. Aber meine Herren, ein
