3400 4072
2772 311 2962 598 296
906 532 2067 736 im Begriffe es zu tun.
898 733 2936 848 Flint: In der Beichte, lieber Bernhardi.
890 887 2986 997 Und der Beichtvater selbst - Und da gibt
906 1000 2868 1154 es noch Leute, welche in ihrem blinden
898 1172 2733 1347 Hass gegen die katholische Kirche
906 1323 2816 1459 Bernhardi: Undwas für weitere Folgen
914 1467 2999 1629 wird diese Selbstanzeige zunächst haben?
914 1650 2709 1772 Herz: Ja,Herr Professor,Sie werden
919 1806 1884 1950 selbstverständlich
916 1942 2931 2070 Flint: Du wirst selbstverständl ich auf
911 2085 2952 2239 Grund des dieses neuen Faktums eine Re-
924 2242 2508 2375 vision des Prozesses verlangen
919 2370 2759 2532 Bernhardi: um Gotteswillen,soll die
924 2568 3004 2691 ganz Komödie noch einmal von vorn anfan¬
921 2748 1164 2874 gen?
927 2858 2936 2994 Flint: Nun ich glaube nicht, dass xxx es
929 3022 3004 3140 bist, der sich darüber zu beklagen hätte.
929 3169 2981 3317 Bernhardi: Aber ich will nicht. Was soll
934 3338 2821 3453 das Ganze? Ich habe Besseres zu tun.
934 3484 2894 3631 Alle vernünftigen Menschen wissen ja,
