3416 4152
2594 335 2789 484 205
1006 459 2777 672 die alleinige Verantwortung trägt.
1001 650 2318 821 Bemhardi: Ich trage sie.
1006 811 2936 933 Ebenwald: Und ich finde, es wäre nicht
1001 957 2931 1104 nur im höchsten Grade undankbar gegen
1006 1111 2951 1263 das Kuratorium,sondern geradezu schnö-
1006 1282 2780 1419 de gegen unser Institut gehandelt,
1001 1378 2838 1553 wenn wir uns in einem Augenblick, wo
1009 1585 2782 1698 der Herr Direktor gewiss ohne böse
1016 1732 2885 1854 Absicht, aber doch höchst unbedachter
1009 1876 2885 2003 Weise, xxxx das Elisabethinum an den
1004 2042 2777 2145 Land des Abgrunds gebracht hat, uns
997 2210 2787 2337 mit seinem Vorgehen solidarisch zu
999 2323 2887 2506 erklären. (entsprechende Unruhe) Ich
1006 2508 2904 2616 wiederhole,an den Rand des Abgrundes.
1001 2667 2838 2770 Daher bin ich im Gegensatz zu Herrn
997 2799 2733 2931 Professor Cyprian nicht nur gegen
1006 2919 2955 3102 das von ihm vorgeschlagene Vertrauens-
1019 3095 2826 3231 votum für Herrn Direktor Bernhardi,
1009 3251 2963 3393 sondern stelle vielmehr den bestimmten
997 3415 2963 3598 Antrag in einer nicht misszuverstehen.
2215 3503 2574 3598 Bedauern
1001 3559 2828 3722 den Resolution unserem Meinung Aus-
