3368 4088
2739 406 2933 556 282
905 520 2964 722 burstagsgeschenk für sie.Zu ihrem letz-
941 706 2974 884 ten bin ich gerade Ordinarius geworden.
918 856 1084 947 Heis
941 879 2977 1034 : Das richten Sie sich immer sehr
931 1006 2152 1205 billig.Herr Professor...
1384 1151 1635 1254 Ulms
928 1133 2997 1335 Altmann: Was sagen Sie zu der gestrigen
944 1306 2884 1474 Demonstration? Ich muss Ihnen sagen,
936 1428 2995 1629 ich bin empört. Ich hab ihn ja gern, den
934 1637 2845 1810 Bernhardi, und alles was wahr ist, den
934 1753 3016 1947 Kerker hat er ja nicht verdient,aber an-
947 1947 3010 2103 dererseits gefeiert zu werden, dazu liegt
939 2072 2933 2227 doch am Ende kein Grund vor.Sehen Sie,
936 2219 2979 2379 Herr Hofrat, das ist's,was den Antisemi¬
952 2421 1629 2563 tismus nährt.
952 2522 1174 2615 Herr
980 2514 2907 2710 Ja,wenn einer gefrässig ist,so
949 2672 2948 2863 nährt er sich kalt von allem. Uebrigens
936 2814 2953 3026 hat er eine grosse Partei für sich, die
947 2997 2467 3179 Sache ist noch nicht zu Ende.
939 3142 2263 3367 Diener bringt eine Karte.
944 3259 2855 3491 Altmann: Bitte lassen Sie sich nicht
954 3522 1335 3652 stören.
