<?xml version="1.0" encoding="UTF-8" standalone="yes"?>
<PcGts xmlns="http://schema.primaresearch.org/PAGE/gts/pagecontent/2013-07-15" xmlns:xsi="http://www.w3.org/2001/XMLSchema-instance" xsi:schemaLocation="http://schema.primaresearch.org/PAGE/gts/pagecontent/2013-07-15 http://schema.primaresearch.org/PAGE/gts/pagecontent/2013-07-15/pagecontent.xsd">
    <Metadata>
        <Creator>prov=READ-COOP:name=TrHtr:version=2.1.0:model_id=51170:date=30_07_2023_11:45</Creator>
        <Created>2023-05-10T13:39:39.745+02:00</Created>
        <LastChange>2023-07-30T11:45:35.468+02:00</LastChange>
        <TranskribusMetadata docId="1428586" pageId="55414677" pageNr="220" tsid="131501663" status="IN_PROGRESS" userId="64420" imgUrl="https://files.transkribus.eu/Get?id=DEIAHDMKKNKIMPDUADQRLVRY&amp;fileType=view" xmlUrl="https://files.transkribus.eu/Get?id=OHHIPFDQQCIUFBGCYQJRITVS" imageId="44688811"/>
    </Metadata>
    <Page imageFilename="1428586_0220.jpg" imageWidth="3432" imageHeight="4136">
        <ReadingOrder>
            <OrderedGroup id="ro_1711790921568" caption="Regions reading order">
                <RegionRefIndexed index="0" regionRef="tr_1"/>
                <RegionRefIndexed index="1" regionRef="tr_2"/>
            </OrderedGroup>
        </ReadingOrder>
        <TextRegion id="tr_1" custom="readingOrder {index:0;}">
            <Coords points="1065,412 3031,412 3031,1872 1065,1872"/>
            <TextLine id="tr_1_tl_1" custom="readingOrder {index:0;}">
                <Coords points="2870,506 2887,501 2917,508 2951,481 2966,493 2988,486 3007,501 3027,501 3025,363 3007,363 2978,376 2968,368 2958,373 2931,368 2921,376 2904,371 2890,385 2867,390"/>
                <Baseline points="2882,465 2927,462 2972,462 3016,465 3031,468"/>
                <TextEquiv>
                    <Unicode>la</Unicode>
                </TextEquiv>
            </TextLine>
            <TextLine id="tr_1_tl_2" custom="readingOrder {index:1;}">
                <Coords points="1068,687 2892,655 2892,545 2644,523 2418,574 1856,577 1657,486 1363,565 1070,540"/>
                <Baseline points="1083,650 1107,644 1151,635 1196,638 1241,641 1286,641 1330,638 1375,635 1420,638 1465,635 1509,635 1554,635 1599,632 1644,632 1689,629 1733,632 1778,632 1823,629 1868,632 1912,632 1957,632 2002,629 2047,629 2091,629 2136,626 2181,626 2226,623 2270,623 2315,626 2360,623 2405,623 2449,623 2494,623 2539,623 2584,620 2629,620 2673,620 2718,620 2763,620 2808,617 2852,617 2897,620"/>
                <TextEquiv>
                    <Unicode>glied, das heute zum erstenmal einer</Unicode>
                </TextEquiv>
            </TextLine>
            <TextLine id="tr_1_tl_3" custom="readingOrder {index:2;}">
                <Coords points="1056,822 1301,791 2119,881 2283,793 2919,815 2939,685 2438,724 2055,673 1458,746 1058,707"/>
                <Baseline points="1068,790 1107,790 1151,790 1196,790 1241,787 1286,790 1330,790 1375,787 1420,787 1465,787 1509,787 1554,787 1599,784 1644,784 1689,784 1733,784 1778,781 1823,784 1868,784 1912,784 1957,781 2002,781 2047,781 2091,784 2136,781 2181,781 2226,778 2270,781 2315,781 2360,781 2405,778 2449,778 2494,778 2539,778 2584,778 2629,775 2673,775 2718,775 2763,775 2808,772 2852,778 2897,778 2942,778"/>
                <TextEquiv>
                    <Unicode>Sitzung unseres Kollegiums beiwohnt,</Unicode>
                </TextEquiv>
            </TextLine>
            <TextLine id="tr_1_tl_4" custom="readingOrder {index:3;}">
                <Coords points="1051,972 2853,962 2939,955 2939,862 1051,872"/>
                <Baseline points="1065,945 1110,942 1154,942 1199,940 1244,942 1289,942 1333,940 1378,940 1423,940 1468,940 1512,940 1557,940 1602,940 1647,934 1692,934 1736,937 1781,937 1826,937 1871,937 1915,937 1960,937 2005,937 2050,937 2094,934 2139,934 2184,934 2229,934 2273,931 2318,931 2363,931 2408,931 2452,928 2497,931 2542,931 2587,931 2632,931 2676,928 2721,928 2766,928 2811,928 2855,931 2900,931 2945,934"/>
                <TextEquiv>
                    <Unicode>und gleich einer ausserordentlichen,</Unicode>
                </TextEquiv>
            </TextLine>
            <TextLine id="tr_1_tl_5" custom="readingOrder {index:4;}">
                <Coords points="1056,1129 1927,1100 2126,1154 2372,1090 2890,1144 2892,1009 2764,965 1058,1007"/>
                <Baseline points="1068,1098 1107,1098 1151,1095 1196,1095 1241,1095 1286,1092 1330,1095 1375,1095 1420,1095 1465,1095 1509,1095 1554,1092 1599,1092 1644,1092 1689,1089 1733,1092 1778,1092 1823,1089 1868,1089 1912,1089 1957,1092 2002,1089 2047,1089 2091,1089 2136,1089 2181,1086 2226,1086 2270,1089 2315,1089 2360,1086 2405,1083 2449,1083 2494,1083 2539,1083 2584,1086 2629,1083 2673,1083 2718,1083 2763,1083 2808,1083 2852,1086 2897,1089"/>
                <TextEquiv>
                    <Unicode>ufa- aufs Herzlichste zu begrüssen.</Unicode>
                </TextEquiv>
            </TextLine>
            <TextLine id="tr_1_tl_6" custom="readingOrder {index:5;}">
                <Coords points="1056,1255 1232,1326 1542,1250 2919,1291 2993,1274 2993,1112 1056,1169"/>
                <Baseline points="1068,1253 1071,1250 1116,1250 1160,1247 1205,1247 1250,1250 1295,1250 1339,1250 1384,1247 1429,1247 1474,1244 1518,1244 1563,1247 1608,1247 1653,1247 1697,1247 1742,1247 1787,1244 1832,1244 1877,1244 1921,1244 1966,1244 2011,1244 2056,1244 2100,1244 2145,1244 2190,1241 2235,1241 2279,1241 2324,1238 2369,1238 2414,1235 2458,1238 2503,1238 2548,1235 2593,1235 2637,1235 2682,1232 2727,1235 2772,1235 2817,1235 2861,1235 2906,1238 2951,1241 2996,1235"/>
                <TextEquiv>
                    <Unicode>Lassen Sie mich zugleich die Hoffnung</Unicode>
                </TextEquiv>
            </TextLine>
            <TextLine id="tr_1_tl_7" custom="readingOrder {index:6;}">
                <Coords points="1058,1444 2482,1392 2882,1441 2941,1429 2944,1340 2551,1299 2173,1350 1691,1277 1061,1323"/>
                <Baseline points="1071,1402 1113,1402 1157,1402 1202,1402 1247,1402 1292,1402 1336,1402 1381,1402 1426,1399 1471,1399 1515,1399 1560,1399 1605,1399 1650,1399 1694,1399 1739,1399 1784,1399 1829,1399 1874,1396 1918,1396 1963,1396 2008,1396 2053,1396 2097,1396 2142,1396 2187,1396 2232,1393 2276,1393 2321,1393 2366,1390 2411,1390 2455,1390 2500,1390 2545,1390 2590,1390 2634,1390 2679,1387 2724,1387 2769,1384 2814,1384 2858,1384 2903,1387 2948,1387"/>
                <TextEquiv>
                    <Unicode>aussprechen, dass Herr Dozent Dr.Wen-</Unicode>
                </TextEquiv>
            </TextLine>
            <TextLine id="tr_1_tl_8" custom="readingOrder {index:7;}">
                <Coords points="1061,1598 2936,1569 3005,1549 3007,1441 1061,1468"/>
                <Baseline points="1074,1569 1086,1569 1130,1560 1175,1560 1220,1557 1265,1554 1310,1554 1354,1554 1399,1554 1444,1551 1489,1554 1533,1554 1578,1554 1623,1551 1668,1554 1712,1554 1757,1551 1802,1551 1847,1548 1891,1548 1936,1548 1981,1548 2026,1548 2070,1545 2115,1548 2160,1548 2205,1545 2250,1545 2294,1545 2339,1542 2384,1542 2429,1545 2473,1545 2518,1542 2563,1542 2608,1542 2652,1542 2697,1542 2742,1545 2787,1542 2831,1542 2876,1542 2921,1542 2966,1545 3010,1551"/>
                <TextEquiv>
                    <Unicode>ger sich in unserer Mitte wohl fühlen</Unicode>
                </TextEquiv>
            </TextLine>
            <TextLine id="tr_1_tl_9" custom="readingOrder {index:8;}">
                <Coords points="1056,1731 2858,1726 2858,1620 1056,1625"/>
                <Baseline points="1068,1706 1071,1706 1116,1706 1160,1706 1205,1706 1250,1706 1295,1706 1339,1706 1384,1706 1429,1703 1474,1706 1518,1706 1563,1706 1608,1703 1653,1703 1697,1703 1742,1703 1787,1703 1832,1703 1877,1703 1921,1700 1966,1700 2011,1700 2056,1700 2100,1700 2145,1700 2190,1700 2235,1700 2279,1697 2324,1697 2369,1697 2414,1697 2458,1697 2503,1700 2548,1697 2593,1694 2637,1694 2682,1694 2727,1692 2772,1692 2817,1692 2861,1692"/>
                <TextEquiv>
                    <Unicode>in seiner neuen verantwortlicheren</Unicode>
                </TextEquiv>
            </TextLine>
            <TextLine id="tr_1_tl_10" custom="readingOrder {index:9;}">
                <Coords points="1070,1876 3000,1890 3000,1790 2612,1743 1073,1775"/>
                <Baseline points="1083,1859 1125,1862 1169,1859 1214,1862 1259,1862 1304,1862 1348,1862 1393,1862 1438,1859 1483,1859 1527,1856 1572,1856 1617,1856 1662,1856 1706,1859 1751,1859 1796,1859 1841,1856 1885,1856 1930,1856 1975,1856 2020,1856 2065,1853 2109,1856 2154,1856 2199,1856 2244,1853 2288,1853 2333,1853 2378,1853 2423,1853 2467,1853 2512,1850 2557,1847 2602,1850 2646,1850 2691,1847 2736,1847 2781,1847 2825,1847 2870,1844 2915,1844 2960,1844 3005,1847"/>
                <TextEquiv>
                    <Unicode>Stellung weiterhin Gelegenheit finden</Unicode>
                </TextEquiv>
            </TextLine>
        </TextRegion>
        <TextRegion id="tr_2" custom="readingOrder {index:1;}">
            <Coords points="1047,1946 3019,1946 3019,3716 1047,3716"/>
            <TextLine id="tr_2_tl_1" custom="readingOrder {index:0;}">
                <Coords points="1038,2060 2934,2038 3000,2033 3000,1917 1038,1932"/>
                <Baseline points="1053,2017 1080,2017 1125,2017 1169,2014 1214,2014 1259,2014 1304,2014 1348,2014 1393,2014 1438,2011 1483,2011 1527,2014 1572,2011 1617,2011 1662,2011 1706,2008 1751,2008 1796,2008 1841,2011 1885,2008 1930,2008 1975,2008 2020,2008 2065,2008 2109,2005 2154,2005 2199,2005 2244,2005 2288,2008 2333,2008 2378,2005 2423,2005 2467,2005 2512,2005 2557,2005 2602,2002 2646,2002 2691,2002 2736,2002 2781,1999 2825,2002 2870,1999 2915,1999 2960,1999 3005,1996"/>
                <TextEquiv>
                    <Unicode>möge seine bewährte Pflichttreue, sein</Unicode>
                </TextEquiv>
            </TextLine>
            <TextLine id="tr_2_tl_2" custom="readingOrder {index:1;}">
                <Coords points="1048,2205 2782,2182 2855,2158 2858,2077 1051,2084"/>
                <Baseline points="1062,2166 1071,2163 1116,2166 1160,2166 1205,2166 1250,2166 1295,2166 1339,2166 1384,2166 1429,2163 1474,2163 1518,2166 1563,2163 1608,2163 1653,2163 1697,2163 1742,2163 1787,2163 1832,2163 1877,2163 1921,2163 1966,2163 2011,2163 2056,2160 2100,2160 2145,2160 2190,2157 2235,2160 2279,2160 2324,2160 2369,2160 2414,2157 2458,2160 2503,2160 2548,2157 2593,2157 2637,2157 2682,2151 2727,2151 2772,2151 2817,2151 2861,2157"/>
                <TextEquiv>
                    <Unicode>Talent auszubilden und sich zu dem</Unicode>
                </TextEquiv>
            </TextLine>
            <TextLine id="tr_2_tl_3" custom="readingOrder {index:2;}">
                <Coords points="1056,2374 1198,2322 1313,2369 2293,2313 2855,2352 2946,2330 2948,2214 1058,2237"/>
                <Baseline points="1068,2321 1071,2321 1116,2321 1160,2321 1205,2321 1250,2318 1295,2321 1339,2318 1384,2318 1429,2318 1474,2318 1518,2315 1563,2315 1608,2315 1653,2318 1697,2318 1742,2318 1787,2318 1832,2315 1877,2315 1921,2315 1966,2315 2011,2315 2056,2312 2100,2312 2145,2312 2190,2312 2235,2312 2279,2312 2324,2312 2369,2312 2414,2312 2458,2309 2503,2312 2548,2309 2593,2309 2637,2309 2682,2306 2727,2306 2772,2306 2817,2306 2861,2306 2906,2306 2951,2309"/>
                <TextEquiv>
                    <Unicode>zu entwickeln,was jeder Einzelne von</Unicode>
                </TextEquiv>
            </TextLine>
            <TextLine id="tr_2_tl_4" custom="readingOrder {index:3;}">
                <Coords points="1048,2526 1262,2472 2877,2484 2924,2403 2197,2352 1048,2426"/>
                <Baseline points="1062,2473 1092,2473 1136,2473 1181,2473 1226,2473 1271,2470 1316,2473 1360,2470 1405,2470 1450,2473 1495,2470 1539,2470 1584,2470 1629,2470 1674,2470 1718,2467 1763,2467 1808,2467 1853,2467 1897,2467 1942,2467 1987,2467 2032,2467 2076,2464 2121,2464 2166,2464 2211,2464 2256,2464 2300,2464 2345,2464 2390,2464 2435,2464 2479,2464 2524,2464 2569,2461 2614,2461 2658,2461 2703,2461 2748,2458 2793,2461 2837,2461 2882,2458 2927,2461"/>
                <TextEquiv>
                    <Unicode>uns ist, eine Zierde unseres Institu-</Unicode>
                </TextEquiv>
            </TextLine>
            <TextLine id="tr_2_tl_5" custom="readingOrder {index:4;}">
                <Coords points="1046,2659 2737,2683 2946,2644 2946,2531 2460,2472 2040,2543 1706,2494 1586,2558 1046,2551"/>
                <Baseline points="1059,2617 1071,2617 1116,2620 1160,2623 1205,2623 1250,2623 1295,2626 1339,2623 1384,2620 1429,2620 1474,2620 1518,2617 1563,2617 1608,2617 1653,2620 1697,2620 1742,2620 1787,2623 1832,2623 1877,2620 1921,2620 1966,2617 2011,2617 2056,2617 2100,2617 2145,2617 2190,2620 2235,2617 2279,2617 2324,2617 2369,2617 2414,2617 2458,2620 2503,2620 2548,2620 2593,2623 2637,2623 2682,2623 2727,2620 2772,2620 2817,2623 2861,2620 2906,2617 2951,2614"/>
                <TextEquiv>
                    <Unicode>tes. (der Scherz findet keinen Wider.</Unicode>
                </TextEquiv>
            </TextLine>
            <TextLine id="tr_2_tl_6" custom="readingOrder {index:5;}">
                <Coords points="1046,2791 2934,2836 2934,2686 2818,2656 1046,2693"/>
                <Baseline points="1059,2778 1104,2775 1148,2775 1193,2778 1238,2778 1283,2778 1327,2775 1372,2775 1417,2778 1462,2775 1506,2775 1551,2775 1596,2775 1641,2778 1686,2775 1730,2772 1775,2772 1820,2772 1865,2772 1909,2772 1954,2772 1999,2775 2044,2775 2088,2775 2133,2772 2178,2772 2223,2772 2267,2772 2312,2775 2357,2772 2402,2772 2446,2769 2491,2769 2536,2769 2581,2772 2626,2772 2670,2772 2715,2769 2760,2766 2805,2766 2849,2766 2894,2766 2939,2763"/>
                <TextEquiv>
                    <Unicode>hall) Herr Dr. Wenger,ich heisse Sie</Unicode>
                </TextEquiv>
            </TextLine>
            <TextLine id="tr_2_tl_7" custom="readingOrder {index:6;}">
                <Coords points="1041,2975 3012,2963 3012,2843 2897,2826 1043,2840"/>
                <Baseline points="1056,2927 1095,2930 1139,2927 1184,2927 1229,2930 1274,2930 1318,2930 1363,2927 1408,2927 1453,2927 1498,2927 1542,2921 1587,2924 1632,2927 1677,2927 1721,2927 1766,2927 1811,2927 1856,2927 1900,2927 1945,2927 1990,2927 2035,2927 2079,2927 2124,2927 2169,2927 2214,2927 2258,2927 2303,2924 2348,2924 2393,2924 2438,2924 2482,2924 2527,2924 2572,2924 2617,2924 2661,2924 2706,2924 2751,2924 2796,2924 2840,2924 2885,2924 2930,2921 2975,2921 3019,2921"/>
                <TextEquiv>
                    <Unicode>in unser Aller Namen nochmals herzlich</Unicode>
                </TextEquiv>
            </TextLine>
            <TextLine id="tr_2_tl_8" custom="readingOrder {index:7;}">
                <Coords points="1046,3093 1228,3108 1333,3088 1375,3106 1468,3098 1502,3120 1549,3093 1601,3113 1620,3108 1618,2963 1593,2958 1500,3017 1419,2983 1363,3012 1213,2988 1166,3015 1102,2971 1043,2973"/>
                <Baseline points="1059,3079 1104,3082 1148,3082 1193,3082 1238,3082 1283,3082 1327,3085 1372,3082 1417,3082 1462,3082 1506,3082 1551,3082 1596,3082 1623,3085"/>
                <TextEquiv>
                    <Unicode>willkommen</Unicode>
                </TextEquiv>
            </TextLine>
            <TextLine id="tr_2_tl_9" custom="readingOrder {index:8;}">
                <Coords points="1038,3290 1583,3253 2313,3307 2723,3238 2826,3287 2902,3275 2902,3101 2617,3086 2288,3164 1910,3120 1765,3177 1588,3106 1436,3164 1038,3145"/>
                <Baseline points="1053,3228 1098,3228 1142,3231 1187,3237 1232,3237 1277,3237 1321,3240 1366,3237 1411,3240 1456,3240 1501,3240 1545,3237 1590,3237 1635,3237 1680,3237 1724,3234 1769,3234 1814,3234 1859,3234 1903,3237 1948,3237 1993,3237 2038,3237 2082,3237 2127,3237 2172,3234 2217,3231 2261,3234 2306,3234 2351,3234 2396,3234 2441,3237 2485,3234 2530,3234 2575,3234 2620,3234 2664,3237 2709,3237 2754,3237 2799,3237 2843,3237 2888,3237 2909,3246"/>
                <TextEquiv>
                    <Unicode>Wenger: Hochverehrter Herr Direktor,</Unicode>
                </TextEquiv>
            </TextLine>
            <TextLine id="tr_2_tl_10" custom="readingOrder {index:9;}">
                <Coords points="1034,3412 2909,3420 2909,3309 2755,3295 1034,3287"/>
                <Baseline points="1047,3395 1077,3392 1122,3389 1166,3389 1211,3392 1256,3392 1301,3392 1345,3392 1390,3392 1435,3392 1480,3392 1524,3392 1569,3392 1614,3392 1659,3392 1703,3392 1748,3389 1793,3389 1838,3392 1882,3389 1927,3389 1972,3389 2017,3389 2062,3389 2106,3389 2151,3392 2196,3389 2241,3389 2285,3389 2330,3389 2375,3392 2420,3392 2464,3392 2509,3392 2554,3389 2599,3389 2643,3392 2688,3389 2733,3392 2778,3386 2822,3389 2867,3389 2912,3389"/>
                <TextEquiv>
                    <Unicode>meine hochverehrten Herren Kollegen!</Unicode>
                </TextEquiv>
            </TextLine>
            <TextLine id="tr_2_tl_11" custom="readingOrder {index:10;}">
                <Coords points="1036,3562 2811,3584 2828,3430 2089,3471 1549,3405 1340,3479 1036,3454"/>
                <Baseline points="1050,3548 1089,3551 1133,3548 1178,3545 1223,3548 1268,3545 1313,3545 1357,3545 1402,3545 1447,3548 1492,3548 1536,3548 1581,3548 1626,3548 1671,3548 1715,3548 1760,3548 1805,3545 1850,3542 1894,3545 1939,3545 1984,3545 2029,3545 2073,3545 2118,3545 2163,3545 2208,3545 2253,3545 2297,3545 2342,3545 2387,3548 2432,3545 2476,3545 2521,3545 2566,3545 2611,3545 2655,3545 2700,3545 2745,3545 2790,3542 2834,3542"/>
                <TextEquiv>
                    <Unicode>Es wäre unbescheiden Ihre kostbare</Unicode>
                </TextEquiv>
            </TextLine>
            <TextLine id="tr_2_tl_12" custom="readingOrder {index:11;}">
                <Coords points="1034,3759 2821,3746 2867,3584 1662,3636 1034,3597"/>
                <Baseline points="1047,3700 1083,3703 1128,3703 1172,3703 1217,3703 1262,3703 1307,3703 1351,3703 1396,3703 1441,3703 1486,3703 1530,3703 1575,3703 1620,3703 1665,3706 1709,3703 1754,3703 1799,3703 1844,3703 1888,3703 1933,3700 1978,3703 2023,3703 2068,3703 2112,3703 2157,3703 2202,3703 2247,3700 2291,3700 2336,3700 2381,3700 2426,3700 2470,3700 2515,3700 2560,3700 2605,3700 2649,3700 2694,3700 2739,3700 2784,3700 2828,3697 2873,3697"/>
                <TextEquiv>
                    <Unicode>Zeit durch eine längere Rede in An-</Unicode>
                </TextEquiv>
            </TextLine>
        </TextRegion>
    </Page>
</PcGts>
