3384 4024
2566 253 2754 394 253
1293 416 2903 567 len wäre, sondern mit meiner Person
1312 553 2810 750 alles, was ich in meiner Stellung
1312 730 2961 903 für das Wohl der Menschheit zu leis¬
1325 850 2934 1047 ten vermag. Ich habe es einsehen ge¬
1303 1040 3036 1196 lernt.Es kommt nur darauf an im Klei¬
1315 1157 2997 1354 nen nachzugeben um im Grossen zu ge-
1320 1368 1666 1527 binnen.
1001 1493 2318 1648 Bernhardt: Und der Gewinnst?
1006 1656 2963 1782 Flint: Hätte ich Dich nicht fallen lassen.
1344 1739 2924 1960 wie Dunas wohl nennst, so wären mir
1393 1916 3085 2109 xxet Millionen für den Bau des nouen
1390 2072 3080 2226 physiologtschen Instituts vermeigert
1356 2238 3119 2394 worden. Und Du kon ns t Dich rühmen durch
1332 2381 3007 2569 Deine Verurteilung dazu beigetragen
1356 2523 2917 2744 zu haben, dass uielleicht schon im
1364 2681 3022 2832 nächshnächsten Jahr den jungen Medi¬
1368 2798 3109 3007 zimmern, für die doch Dein Herz schlägt
1378 2973 2883 3156 wie das meine, neue würdige Räuma
1417 3124 3109 3319 zur Verfügung stehen werden.Es kommt
1393 3263 3029 3455 darauf an das Wesentliche im Aug zu
1388 3426 3117 3623 behalten.Du wirfst mir vor gegen mei-
1383 3582 2937 3721 ne Ueberzeugung die Partei Deiner
