3448 4152
2661 347 2860 510 216
912 497 2862 737 Cyprian: Meine Herren, da wir doch von
902 660 2895 872 aller Parlamentsspielerei absehen wol¬
912 800 2898 1020 len und die Beantwortung der Interpel-
923 938 2811 1200 larion für uns Alle von gleichem In-
923 1109 2855 1348 teresse ist, so würde ich vorschlagen,
928 1274 2979 1473 dass Herr Dr.Pflugfelder junior in Küst.
928 1417 2839 1626 ze mitteilt, wie sich Seine Exzellenz
933 1606 2941 1812 der Interpellation gegenüber verhalten
938 1738 2852 1940 hat und dass die anderen Herren sich
951 1904 2531 2062 indess aus dem Saal entfernen.
961 2062 2531 2217 Schreimann: (für sich) Zu dumm!
966 2205 3013 2370 Löwenstein: Sie haben mitstenographiert
974 2375 2220 2544 Kurt: So gut ich konnte.
976 2549 1929 2691 Cyprian: Vorlesen!
974 2691 1922 2862 Pflugf.: Lies vor!
976 2842 1641 2997 Kurt:(liest)
1012 2931 2985 3132 (Indess sind Fitz und Schreimann der
986 3107 2985 3324 Türe zugegangen, als wenn sie sich ent¬
991 3245 2837 3451 fernen wollten,bleiben aber gleich
1004 3367 3005 3617 wieder stehen.Cyprian hat auf Ebenwald
1007 3561 2995 3752 eingeredet,Adler und Wenger stehen zu-
