3416 4120
2580 345 2773 512 162
846 484 2830 695 möcht. Uyd gestern auf dem Ball waren
857 679 1883 846 Sie doch Vortänzer?
857 790 2922 1021 Hoch.: (dumm) Vor- und Nachtänzer, Herr
857 996 1397 1176 Professor.
862 1124 2830 1315 Schreimann: Und hat sich nicht einmal
857 1299 1556 1466 niedergelegt.
870 1438 2837 1652 Ebenwald: Ja, die jungen Leute. - Na wie
877 1613 1477 1747 war’s denn?
857 1752 2657 1919 Hochr.: Riesig voll, sehr animiert.
875 1880 2873 2055 Ebenwald: Also Seine Exzellenz, der Un-
870 2063 2727 2220 terrichtsminister ist dort gewesen?
862 2215 2925 2372 Schreimann: Hast Du's denn nicht in der
859 2385 2891 2490 Zeitung gele sen? Seine Exzellenz haben
872 2529 2928 2683 sogar eine Stunde lang mit dem Direktor
877 2655 2619 2786 konversiert. Ich kann es bezeugen.
877 2801 2426 3023 Ebenuald: Du warst auch dort?
870 2948 2794 3162 Schreimann: Nur Fiølitz und Du haben
872 3087 2891 3275 durch Abwesenheit geglänzt.Und vom Ku-
877 3259 2143 3439 ratorium war niemand da.
875 3416 2616 3627 Hochr.Ausser dem Hofrat Wittmann.
