3464 4200
2924 438 3069 569 45
1091 546 3153 794 Cypr: Also ich wollte nur sagen, der Kustos
1002 701 2953 946 der kleinen Galerie führt mich herum, ein
1015 841 3132 1041 alter Bekannter von mir, ich erkläre das kann
1012 983 3090 1210 kein Luii sein, es ist zweifellos ein Sarto,
1015 1083 3029 1373 nämlich die Linie um den Mund, ich hab ein
1081 1223 3034 1513 al nachgewiesen, dass diese Linie um den
1089 1503 1384 1663 Mund
1054 1540 2950 1777 kurz und gut, es hat sich herausgestelt,
1073 1648 3095 1914 im Archiv hat sich ein Brief gefunden, den
1086 1808 2974 2040 eine Prinzessin an die Urgrossmutter des
1089 1906 3026 2149 Kustos geschrieben hat, dass im Jahr 1804
1110 2133 1903 2304 das Bild aus Rom
