3448 4184
2083 423 2562 639 Repech d
984 576 2998 815 Ueber die Reichsratswahlen. Ich hab meiner
1494 597 1654 697 tare
986 736 3022 915 Frau gesagt, begreifst Du jetzt warum jedes
994 857 2851 1070 ormanische Land politisch reif ist? (Im
1007 976 3080 1228 übrigen, das wird Sie interessieren Dr. Kurt,
292 994 842 1228 Gelet Knud
1068 1076 3122 1339 die kleine Reise damals hab ich unternommen.
284 1160 600 1339 erfahren
205 1218 742 1478 Reinlant
1036 1233 2967 1486 um dem Kustos des Museums, dem damaligen,
568 1294 899 1457 spêter
1057 1362 2961 1628 er ist schon tot, ein Bild mitzubringen,
1107 1515 3219 1762 das ich ich mich erinnert habe ein paar Jahre
221 1465 823 1681 Le nouvel
247 1586 839 1878 Geschickt
1065 1752 1544 1883 vorher...)
295 1770 860 1954 in uen
258 1846 928 2099 nalste Ehl
1076 1915 2996 2201 Oskart kommt! Guten Tag, Herr Professor.
1094 2054 3017 2291 Cyprian. an ihm vorbei guten Tag. Es
384 2022 976 2233 Cgleidmell
1102 2183 3211 2422 war eine kleine Gal erie dort. Sie wissen ja,
1107 2293 3064 2562 da unten in jedem Nes: ist eine kleine Ga
1126 2443 3243 2690 lerie. In einem alten Palazzo. Da hängt ein
1139 2588 3074 2856 Bild. eine heilige Katharina, angeblich
1147 2712 3122 3027 Luini, na in der Brera hängt auch mehr als
1170 2880 3048 3153 ein Luini, der nicht von Luini ist. Das
1173 2975 3259 3288 wird Sie interessiern Oskar, Sie haben sich
1191 3190 2683 3406 doch auch mit Malerei abgegeben.
1247 3195 3172 3490 Oskar- Nicht mehr, Herr Professor, längst
1207 3343 3109 3650 nicht mehr, aber natürlich interessierts
1215 3606 1720 3774 mich sehr.
