<?xml version="1.0" encoding="UTF-8" standalone="yes"?>
<PcGts xmlns="http://schema.primaresearch.org/PAGE/gts/pagecontent/2013-07-15" xmlns:xsi="http://www.w3.org/2001/XMLSchema-instance" xsi:schemaLocation="http://schema.primaresearch.org/PAGE/gts/pagecontent/2013-07-15 http://schema.primaresearch.org/PAGE/gts/pagecontent/2013-07-15/pagecontent.xsd">
    <Metadata>
        <Creator>prov=READ-COOP:name=TrHtr:version=2.1.0:model_id=51170:date=30_07_2023_11:45</Creator>
        <Created>2023-05-10T13:39:52.936+02:00</Created>
        <LastChange>2023-07-30T11:45:59.106+02:00</LastChange>
        <TranskribusMetadata docId="1428586" pageId="55415176" pageNr="304" tsid="131501806" status="IN_PROGRESS" userId="64420" imgUrl="https://files.transkribus.eu/Get?id=DDZWANHDNTEMMEZQJMPKVCHF&amp;fileType=view" xmlUrl="https://files.transkribus.eu/Get?id=EAFGHNNAOUYMNFXMLZIJVBCI" imageId="44689309"/>
    </Metadata>
    <Page imageFilename="1428586_0304.jpg" imageWidth="3464" imageHeight="4264">
        <ReadingOrder>
            <OrderedGroup id="ro_1711790992587" caption="Regions reading order">
                <RegionRefIndexed index="0" regionRef="tr_2"/>
                <RegionRefIndexed index="1" regionRef="tr_1"/>
            </OrderedGroup>
        </ReadingOrder>
        <TextRegion id="tr_2" custom="readingOrder {index:0;}">
            <Coords points="1074,520 3063,520 3063,1867 1074,1867"/>
            <TextLine id="tr_2_tl_1" custom="readingOrder {index:0;}">
                <Coords points="2607,582 2644,585 2677,607 2694,595 2749,622 2779,607 2811,627 2895,585 2898,507 2823,522 2779,488 2741,507 2699,495 2682,512 2652,493 2609,497"/>
                <Baseline points="2621,582 2633,579 2678,576 2723,573 2768,573 2812,573 2857,570 2902,570"/>
                <TextEquiv>
                    <Unicode>135 a</Unicode>
                </TextEquiv>
            </TextLine>
            <TextLine id="tr_2_tl_2" custom="readingOrder {index:1;}">
                <Coords points="1060,801 2803,774 2851,634 2410,684 2279,612 1545,701 1065,662"/>
                <Baseline points="1074,785 1107,779 1152,779 1197,776 1242,776 1286,773 1331,770 1376,770 1421,770 1466,770 1510,770 1555,767 1600,767 1645,767 1690,764 1734,764 1779,761 1824,761 1869,758 1914,755 1958,755 2003,755 2048,755 2093,752 2137,752 2182,749 2227,749 2272,746 2317,746 2361,743 2406,740 2451,740 2496,737 2541,734 2585,734 2630,734 2675,731 2720,731 2765,728 2809,725 2854,725"/>
                <TextEquiv>
                    <Unicode>ich fürchte, es wird nichts Rechtes</Unicode>
                </TextEquiv>
            </TextLine>
            <TextLine id="tr_2_tl_3" custom="readingOrder {index:2;}">
                <Coords points="1060,948 1420,938 1575,968 1674,928 1890,958 1988,915 2057,933 2060,863 1930,838 1642,858 1557,816 1450,871 1326,843 1261,873 1062,858"/>
                <Baseline points="1074,937 1080,937 1125,934 1170,934 1215,931 1260,928 1304,928 1349,928 1394,925 1439,922 1484,922 1528,922 1573,922 1618,919 1663,919 1707,916 1752,916 1797,916 1842,913 1887,913 1931,910 1976,910 2021,910 2066,916"/>
                <TextEquiv>
                    <Unicode>dabei herauskommen.</Unicode>
                </TextEquiv>
            </TextLine>
            <TextLine id="tr_2_tl_4" custom="readingOrder {index:3;}">
                <Coords points="1060,1114 2995,1055 3060,950 1065,988"/>
                <Baseline points="1074,1092 1092,1092 1137,1086 1182,1083 1227,1083 1272,1083 1316,1083 1361,1080 1406,1083 1451,1080 1495,1080 1540,1077 1585,1074 1630,1071 1675,1071 1719,1071 1764,1071 1809,1068 1854,1066 1899,1066 1943,1063 1988,1063 2033,1060 2078,1060 2123,1060 2167,1057 2212,1057 2257,1054 2302,1051 2346,1051 2391,1048 2436,1048 2481,1045 2526,1045 2570,1042 2615,1042 2660,1039 2705,1036 2750,1036 2794,1036 2839,1033 2884,1030 2929,1030 2974,1030 3018,1030 3063,1030"/>
                <TextEquiv>
                    <Unicode>Frankl: Na warum denn, da kann sehr viel</Unicode>
                </TextEquiv>
            </TextLine>
            <TextLine id="tr_2_tl_5" custom="readingOrder {index:4;}">
                <Coords points="1062,1264 2565,1241 3010,1189 3012,1112 1065,1167"/>
                <Baseline points="1077,1248 1089,1245 1134,1242 1179,1239 1224,1236 1269,1236 1313,1236 1358,1236 1403,1233 1448,1233 1492,1230 1537,1230 1582,1230 1627,1230 1672,1227 1716,1227 1761,1224 1806,1224 1851,1221 1896,1221 1940,1218 1985,1218 2030,1218 2075,1215 2120,1212 2164,1212 2209,1209 2254,1209 2299,1206 2344,1206 2388,1206 2433,1203 2478,1206 2523,1203 2567,1197 2612,1197 2657,1197 2702,1191 2747,1191 2791,1188 2836,1188 2881,1188 2926,1185 2971,1188 3015,1191"/>
                <TextEquiv>
                    <Unicode>dabei herauskommen.Kas ist ja ein ar-</Unicode>
                </TextEquiv>
            </TextLine>
            <TextLine id="tr_2_tl_6" custom="readingOrder {index:5;}">
                <Coords points="1070,1430 1920,1378 2137,1425 2913,1346 2833,1266 2497,1254 1848,1328 1075,1321"/>
                <Baseline points="1086,1409 1125,1406 1170,1400 1215,1397 1260,1397 1304,1394 1349,1391 1394,1391 1439,1391 1484,1388 1528,1388 1573,1385 1618,1385 1663,1382 1707,1379 1752,1379 1797,1379 1842,1379 1887,1376 1931,1376 1976,1376 2021,1376 2066,1370 2111,1367 2155,1367 2200,1367 2245,1364 2290,1364 2335,1358 2379,1358 2424,1355 2469,1355 2514,1352 2558,1352 2603,1349 2648,1349 2693,1346 2738,1346 2782,1343 2827,1340 2872,1340 2917,1346"/>
                <TextEquiv>
                    <Unicode>ger Schlag für uns, für das Elisabe-</Unicode>
                </TextEquiv>
            </TextLine>
            <TextLine id="tr_2_tl_7" custom="readingOrder {index:6;}">
                <Coords points="1075,1555 2492,1550 2779,1525 2781,1430 2291,1455 2090,1400 1895,1483 1756,1433 1667,1480 1077,1483"/>
                <Baseline points="1089,1552 1125,1552 1170,1549 1215,1549 1260,1546 1304,1546 1349,1543 1394,1543 1439,1543 1484,1540 1528,1540 1573,1540 1618,1537 1663,1534 1707,1534 1752,1531 1797,1531 1842,1531 1887,1531 1931,1528 1976,1525 2021,1525 2066,1525 2111,1522 2155,1522 2200,1519 2245,1516 2290,1516 2335,1513 2379,1510 2424,1510 2469,1510 2514,1507 2558,1504 2603,1504 2648,1501 2693,1501 2738,1498 2782,1501"/>
                <TextEquiv>
                    <Unicode>thinum mein ich. Und er ist dran</Unicode>
                </TextEquiv>
            </TextLine>
            <TextLine id="tr_2_tl_8" custom="readingOrder {index:7;}">
                <Coords points="1075,1716 2968,1669 3042,1662 3045,1560 1080,1624"/>
                <Baseline points="1089,1710 1119,1705 1164,1705 1209,1705 1254,1702 1298,1702 1343,1699 1388,1699 1433,1699 1478,1696 1522,1693 1567,1693 1612,1687 1657,1690 1702,1687 1746,1687 1791,1684 1836,1687 1881,1687 1925,1684 1970,1681 2015,1681 2060,1678 2105,1678 2149,1675 2194,1672 2239,1672 2284,1669 2329,1666 2373,1666 2418,1663 2463,1660 2508,1660 2553,1657 2597,1660 2642,1657 2687,1657 2732,1657 2776,1654 2821,1651 2866,1651 2911,1648 2956,1645 3000,1642 3045,1645"/>
                <TextEquiv>
                    <Unicode>schuld. Wie er sich da heraus wickeln</Unicode>
                </TextEquiv>
            </TextLine>
            <TextLine id="tr_2_tl_9" custom="readingOrder {index:8;}">
                <Coords points="1075,1873 1386,1905 1652,1843 2592,1818 2674,1863 2915,1823 2918,1766 1077,1776"/>
                <Baseline points="1089,1857 1128,1857 1173,1857 1218,1854 1263,1854 1307,1854 1352,1854 1397,1851 1442,1848 1487,1848 1531,1848 1576,1848 1621,1842 1666,1842 1710,1839 1755,1836 1800,1836 1845,1836 1890,1833 1934,1830 1979,1830 2024,1830 2069,1830 2114,1827 2158,1827 2203,1827 2248,1827 2293,1824 2338,1824 2382,1821 2427,1818 2472,1818 2517,1815 2561,1815 2606,1812 2651,1815 2696,1815 2741,1815 2785,1812 2830,1806 2875,1803 2920,1806"/>
                <TextEquiv>
                    <Unicode>wird. (Wenn wir tüchtig ins Zeug ge¬</Unicode>
                </TextEquiv>
            </TextLine>
        </TextRegion>
        <TextRegion id="tr_1" custom="readingOrder {index:1;}">
            <Coords points="1095,1852 3075,1852 3075,3888 1095,3888"/>
            <TextLine id="tr_1_tl_1" custom="readingOrder {index:0;}">
                <Coords points="1789,1920 1806,1925 1838,1955 1883,1918 1913,1910 1948,1923 1983,1905 2010,1918 2012,1861 1970,1841 1950,1841 1913,1858 1886,1856 1858,1833 1806,1866 1789,1866"/>
                <Baseline points="1803,1908 1836,1911 1881,1908 1925,1908 1970,1905 2015,1902"/>
                <TextEquiv>
                    <Unicode>bed</Unicode>
                </TextEquiv>
            </TextLine>
            <TextLine id="tr_1_tl_2" custom="readingOrder {index:1;}">
                <Coords points="1080,2027 1254,2097 1532,2007 2833,1983 2836,1893 1082,1943"/>
                <Baseline points="1095,2012 1140,2012 1185,2012 1230,2009 1275,2012 1319,2009 1364,2006 1409,2003 1454,2003 1498,2000 1543,2000 1588,1997 1633,1994 1678,1994 1722,1991 1767,1991 1812,1991 1857,1991 1902,1988 1946,1988 1991,1985 2036,1985 2081,1982 2126,1982 2170,1979 2215,1979 2260,1976 2305,1973 2349,1973 2394,1973 2439,1973 2484,1970 2529,1967 2573,1964 2618,1964 2663,1961 2708,1961 2753,1958 2797,1955 2842,1961"/>
                <TextEquiv>
                    <Unicode>hen mit seinem ironischen Lächeln</Unicode>
                </TextEquiv>
            </TextLine>
            <TextLine id="tr_1_tl_3" custom="readingOrder {index:2;}">
                <Coords points="1085,2177 2878,2154 2987,2142 2990,2025 1087,2107"/>
                <Baseline points="1098,2164 1110,2164 1155,2161 1200,2164 1245,2161 1289,2158 1334,2158 1379,2155 1424,2158 1469,2158 1513,2155 1558,2152 1603,2152 1648,2149 1693,2152 1737,2149 1782,2146 1827,2146 1872,2143 1917,2140 1961,2140 2006,2137 2051,2137 2096,2134 2140,2134 2185,2132 2230,2132 2275,2129 2320,2129 2364,2129 2409,2126 2454,2126 2499,2123 2544,2123 2588,2120 2633,2117 2678,2114 2723,2117 2768,2111 2812,2111 2857,2111 2902,2111 2947,2108 2991,2114"/>
                <TextEquiv>
                    <Unicode>wird er die Sache nicht aus der Welt</Unicode>
                </TextEquiv>
            </TextLine>
            <TextLine id="tr_1_tl_4" custom="readingOrder {index:3;}">
                <Coords points="1090,2338 1122,2348 1211,2328 1259,2351 1323,2323 1403,2331 1420,2318 1492,2343 1540,2336 1575,2321 1577,2234 1475,2261 1405,2231 1343,2236 1306,2261 1254,2259 1216,2234 1152,2269 1092,2266"/>
                <Baseline points="1104,2320 1134,2320 1179,2320 1224,2317 1269,2317 1313,2314 1358,2311 1403,2308 1448,2308 1492,2308 1537,2311 1582,2314"/>
                <TextEquiv>
                    <Unicode>schaffen.</Unicode>
                </TextEquiv>
            </TextLine>
            <TextLine id="tr_1_tl_5" custom="readingOrder {index:4;}">
                <Coords points="1092,2512 1771,2455 2448,2485 2450,2363 2378,2346 1833,2403 1532,2371 1376,2420 1097,2363"/>
                <Baseline points="1107,2472 1152,2472 1197,2469 1242,2466 1286,2469 1331,2466 1376,2466 1421,2463 1466,2463 1510,2463 1555,2460 1600,2457 1645,2457 1690,2454 1734,2454 1779,2451 1824,2451 1869,2451 1914,2451 1958,2451 2003,2448 2048,2445 2093,2445 2137,2442 2182,2442 2227,2445 2272,2445 2317,2439 2361,2436 2406,2433 2451,2433"/>
                <TextEquiv>
                    <Unicode>Ebenwald: Es wär halt gut</Unicode>
                </TextEquiv>
            </TextLine>
            <TextLine id="tr_1_tl_6" custom="readingOrder {index:5;}">
                <Coords points="1099,2652 1326,2624 1453,2634 1505,2662 1582,2622 1619,2659 1756,2629 1759,2555 1711,2535 1634,2572 1555,2537 1281,2560 1102,2537"/>
                <Baseline points="1113,2627 1134,2627 1179,2624 1224,2621 1269,2621 1313,2618 1358,2621 1403,2618 1448,2618 1492,2618 1537,2615 1582,2612 1627,2612 1672,2612 1716,2609 1761,2603"/>
                <TextEquiv>
                    <Unicode>Frankl: Was?</Unicode>
                </TextEquiv>
            </TextLine>
            <TextLine id="tr_1_tl_7" custom="readingOrder {index:6;}">
                <Coords points="1871,2669 1883,2669 1910,2686 1920,2679 1928,2686 1973,2672 1985,2684 1992,2677 2005,2679 2017,2540 1992,2537 1985,2542 1980,2537 1973,2542 1968,2532 1950,2535 1930,2517 1908,2535 1898,2525 1883,2527"/>
                <Baseline points="1887,2666 1922,2663 1967,2660 2014,2656"/>
                <TextEquiv>
                    <Unicode>As</Unicode>
                </TextEquiv>
            </TextLine>
            <TextLine id="tr_1_tl_8" custom="readingOrder {index:7;}">
                <Coords points="1099,2808 2948,2754 3055,2739 3057,2634 1102,2716"/>
                <Baseline points="1113,2782 1134,2782 1179,2779 1224,2779 1269,2779 1313,2776 1358,2773 1403,2773 1448,2773 1492,2771 1537,2771 1582,2765 1627,2765 1672,2762 1716,2762 1761,2759 1806,2759 1851,2759 1896,2759 1940,2756 1985,2756 2030,2753 2075,2753 2120,2750 2164,2750 2209,2747 2254,2747 2299,2744 2344,2744 2388,2741 2433,2738 2478,2738 2523,2738 2567,2735 2612,2735 2657,2732 2702,2732 2747,2732 2791,2732 2836,2726 2881,2723 2926,2723 2971,2723 3015,2723 3060,2726"/>
                <TextEquiv>
                    <Unicode>Ebenwald: (Hast Du nicht auch was läu¬</Unicode>
                </TextEquiv>
            </TextLine>
            <TextLine id="tr_1_tl_9" custom="readingOrder {index:8;}">
                <Coords points="1109,2960 2659,2950 2853,2886 3067,2955 3075,2786 1112,2866"/>
                <Baseline points="1122,2935 1149,2932 1194,2929 1239,2929 1283,2929 1328,2932 1373,2926 1418,2926 1463,2926 1507,2926 1552,2923 1597,2920 1642,2917 1687,2914 1731,2914 1776,2914 1821,2914 1866,2911 1911,2911 1955,2908 2000,2908 2045,2908 2090,2908 2134,2905 2179,2902 2224,2902 2269,2902 2314,2899 2358,2899 2403,2896 2448,2893 2493,2893 2538,2893 2582,2890 2627,2887 2672,2887 2717,2884 2762,2884 2806,2884 2851,2881 2896,2881 2941,2878 2985,2878 3030,2875 3075,2875"/>
                <TextEquiv>
                    <Unicode>ten gehörtjes soll im Parlament inter-</Unicode>
                </TextEquiv>
            </TextLine>
            <TextLine id="tr_1_tl_10" custom="readingOrder {index:9;}">
                <Coords points="1112,3107 1465,3102 1492,3080 1769,3107 1816,3080 1945,3084 1948,3000 1798,2992 1741,3022 1565,2987 1448,3020 1376,2997 1167,3027 1117,3007"/>
                <Baseline points="1125,3102 1146,3093 1191,3090 1236,3087 1280,3087 1325,3084 1370,3081 1415,3081 1460,3078 1504,3078 1549,3075 1594,3075 1639,3072 1684,3069 1728,3069 1773,3069 1818,3066 1863,3066 1908,3069 1952,3072"/>
                <TextEquiv>
                    <Unicode>pelliert werden.</Unicode>
                </TextEquiv>
            </TextLine>
            <TextLine id="tr_1_tl_11" custom="readingOrder {index:10;}">
                <Coords points="1109,3254 1376,3316 1582,3244 2552,3254 2838,3224 2841,3124 1112,3169"/>
                <Baseline points="1122,3245 1143,3245 1188,3242 1233,3239 1278,3242 1322,3239 1367,3239 1412,3239 1457,3239 1501,3239 1546,3233 1591,3233 1636,3233 1681,3230 1725,3227 1770,3227 1815,3224 1860,3224 1905,3221 1949,3221 1994,3218 2039,3218 2084,3218 2129,3218 2173,3215 2218,3215 2263,3215 2308,3212 2352,3209 2397,3209 2442,3206 2487,3203 2532,3203 2576,3200 2621,3200 2666,3200 2711,3198 2756,3200 2800,3203 2845,3203"/>
                <TextEquiv>
                    <Unicode>Frankl: Ah, das wär ja grossartig.</Unicode>
                </TextEquiv>
            </TextLine>
            <TextLine id="tr_1_tl_12" custom="readingOrder {index:11;}">
                <Coords points="1102,3468 1607,3390 2878,3388 2970,3368 2973,3279 1107,3316"/>
                <Baseline points="1119,3404 1140,3401 1185,3401 1230,3398 1275,3398 1319,3395 1364,3395 1409,3392 1454,3392 1498,3389 1543,3389 1588,3389 1633,3389 1678,3386 1722,3383 1767,3386 1812,3389 1857,3380 1902,3377 1946,3380 1991,3377 2036,3377 2081,3374 2126,3371 2170,3368 2215,3368 2260,3368 2305,3365 2349,3362 2394,3362 2439,3362 2484,3362 2529,3359 2573,3356 2618,3356 2663,3353 2708,3353 2753,3353 2797,3350 2842,3350 2887,3347 2932,3347 2977,3347"/>
                <TextEquiv>
                    <Unicode>Ebenwald: Na ja,damit ist auch noch</Unicode>
                </TextEquiv>
            </TextLine>
            <TextLine id="tr_1_tl_13" custom="readingOrder {index:12;}">
                <Coords points="1119,3572 2070,3592 2226,3527 2453,3572 2567,3517 3025,3527 3027,3428 1122,3487"/>
                <Baseline points="1134,3559 1152,3559 1197,3556 1242,3553 1286,3550 1331,3550 1376,3550 1421,3550 1466,3547 1510,3547 1555,3544 1600,3544 1645,3544 1690,3541 1734,3544 1779,3544 1824,3538 1869,3538 1914,3535 1958,3532 2003,3532 2048,3529 2093,3529 2137,3526 2182,3526 2227,3523 2272,3523 2317,3520 2361,3517 2406,3520 2451,3517 2496,3514 2541,3514 2585,3514 2630,3511 2675,3508 2720,3508 2765,3505 2809,3502 2854,3502 2899,3499 2944,3499 2988,3496 3033,3496"/>
                <TextEquiv>
                    <Unicode>nicht alles getan. Es fragt sich wie</Unicode>
                </TextEquiv>
            </TextLine>
            <TextLine id="tr_1_tl_14" custom="readingOrder {index:13;}">
                <Coords points="1124,3724 2540,3719 3060,3659 3065,3557 1127,3647"/>
                <Baseline points="1137,3714 1140,3717 1185,3714 1230,3711 1275,3711 1319,3711 1364,3708 1409,3708 1454,3708 1498,3705 1543,3702 1588,3699 1633,3699 1678,3699 1722,3699 1767,3696 1812,3693 1857,3690 1902,3687 1946,3687 1991,3684 2036,3687 2081,3684 2126,3681 2170,3678 2215,3678 2260,3675 2305,3675 2349,3675 2394,3672 2439,3669 2484,3669 2529,3669 2573,3666 2618,3666 2663,3663 2708,3663 2753,3663 2797,3660 2842,3660 2887,3660 2932,3657 2977,3654 3021,3654 3066,3651"/>
                <TextEquiv>
                    <Unicode>unser guter alter flint die Interpel</Unicode>
                </TextEquiv>
            </TextLine>
            <TextLine id="tr_1_tl_15" custom="readingOrder {index:14;}">
                <Coords points="1132,3888 1490,3868 1769,3908 2099,3868 2274,3920 2383,3861 2386,3754 1137,3786"/>
                <Baseline points="1149,3878 1179,3872 1224,3869 1269,3869 1313,3866 1358,3863 1403,3860 1448,3863 1492,3863 1537,3857 1582,3857 1627,3854 1672,3854 1716,3851 1761,3848 1806,3848 1851,3848 1896,3845 1940,3842 1985,3842 2030,3842 2075,3839 2120,3839 2164,3837 2209,3837 2254,3834 2299,3834 2344,3837 2388,3839"/>
                <TextEquiv>
                    <Unicode>lation beantworten wird.</Unicode>
                </TextEquiv>
            </TextLine>
        </TextRegion>
    </Page>
</PcGts>
