3384 4024
303 270 958 513 frier & the
958 394 2912 559 Flint (zu Bernhardi): Du könntest Dich
983 571 2972 730 ja jetzt der politischen Carrière wvid
963 768 1188 897 men.
978 819 2927 1016 Bernhardi: Man ist Politiker oder man
978 988 3005 1165 ist es nicht. Ich bin unschuldig hinein
986 1190 2770 1332 geraten.Du warst es immer.Denn Dir
971 1357 3000 1484 hat es sich nie um die Sache gehandelt,
973 1484 2982 1630 sondern immer um Deine Person. Aber das
971 1658 2818 1774 Grosse in der Politik ist immer nur
986 1807 2823 1954 gele istet worden von denen, die eine
978 1966 2881 2110 Stunde lang vergessen habem, dass sie
981 2126 1779 2275 Politiker sind.
983 2249 2831 2429 Es kommt nur darauf an eine Riesen-
576 2310 862 2497 Hers
986 2406 2871 2543 dummheit zu machen; wenn sie gelingt,
991 2573 2255 2742 ist es ein Geniestreich.
