<?xml version="1.0" encoding="UTF-8" standalone="yes"?>
<PcGts xmlns="http://schema.primaresearch.org/PAGE/gts/pagecontent/2013-07-15" xmlns:xsi="http://www.w3.org/2001/XMLSchema-instance" xsi:schemaLocation="http://schema.primaresearch.org/PAGE/gts/pagecontent/2013-07-15 http://schema.primaresearch.org/PAGE/gts/pagecontent/2013-07-15/pagecontent.xsd">
    <Metadata>
        <Creator>prov=READ-COOP:name=TrHtr:version=2.1.0:model_id=51170:date=30_07_2023_11:46</Creator>
        <Created>2023-05-10T13:40:08.842+02:00</Created>
        <LastChange>2023-07-30T11:46:28.558+02:00</LastChange>
        <TranskribusMetadata docId="1428586" pageId="55415758" pageNr="401" tsid="131501956" status="IN_PROGRESS" userId="64420" imgUrl="https://files.transkribus.eu/Get?id=MCWRULQQZHBTCJVJGJUGPFYQ&amp;fileType=view" xmlUrl="https://files.transkribus.eu/Get?id=IYFLQSIANAHXFKPWORUGVUBH" imageId="44689865"/>
    </Metadata>
    <Page imageFilename="1428586_0401.jpg" imageWidth="3368" imageHeight="4120">
        <ReadingOrder>
            <OrderedGroup id="ro_1711791082947" caption="Regions reading order">
                <RegionRefIndexed index="0" regionRef="tr_2"/>
                <RegionRefIndexed index="1" regionRef="tr_1"/>
            </OrderedGroup>
        </ReadingOrder>
        <TextRegion id="tr_2" custom="readingOrder {index:0;}">
            <Coords points="1098,448 2854,448 2854,1941 1098,1941"/>
            <TextLine id="tr_2_tl_1" custom="readingOrder {index:0;}">
                <Coords points="2421,549 2469,536 2484,521 2564,546 2651,529 2648,349 2598,359 2536,399 2516,389 2471,401 2456,389 2419,397"/>
                <Baseline points="2433,498 2477,498 2522,498 2567,498 2612,498 2654,504"/>
                <TextEquiv>
                    <Unicode>222</Unicode>
                </TextEquiv>
            </TextLine>
            <TextLine id="tr_2_tl_2" custom="readingOrder {index:1;}">
                <Coords points="1100,736 2798,671 2820,584 2090,516 1618,601 1107,554"/>
                <Baseline points="1113,710 1122,710 1167,701 1212,698 1256,695 1301,695 1346,695 1391,689 1436,689 1480,686 1525,686 1570,683 1615,680 1659,680 1704,680 1749,677 1794,677 1839,677 1883,674 1928,674 1973,671 2018,671 2062,668 2107,665 2152,665 2197,662 2242,662 2286,659 2331,659 2376,656 2421,653 2466,653 2510,653 2555,650 2600,647 2645,647 2689,647 2734,644 2779,647 2824,650"/>
                <TextEquiv>
                    <Unicode>gewonnen? Sie irren sich, me ihr Herren.</Unicode>
                </TextEquiv>
            </TextLine>
            <TextLine id="tr_2_tl_3" custom="readingOrder {index:2;}">
                <Coords points="1085,870 2170,845 2224,888 2404,815 2643,830 2646,733 1703,753 1613,805 1087,773"/>
                <Baseline points="1098,856 1125,853 1170,853 1215,850 1259,850 1304,850 1349,850 1394,850 1439,847 1483,844 1528,844 1573,841 1618,841 1662,838 1707,835 1752,835 1797,835 1842,832 1886,832 1931,832 1976,829 2021,829 2065,826 2110,824 2155,821 2200,821 2245,818 2289,818 2334,815 2379,812 2424,812 2469,812 2513,809 2558,809 2603,809 2648,809"/>
                <TextEquiv>
                    <Unicode>Er beginnt. Und ich hin nicht der</Unicode>
                </TextEquiv>
            </TextLine>
            <TextLine id="tr_2_tl_4" custom="readingOrder {index:3;}">
                <Coords points="1095,1040 2042,975 2157,1020 2561,1010 2606,1002 2611,880 2349,928 2160,850 1646,920 1559,878 1362,878 1277,935 1100,898"/>
                <Baseline points="1110,1006 1137,1006 1182,1006 1227,1003 1271,1003 1316,1000 1361,1000 1406,1000 1450,997 1495,994 1540,991 1585,988 1630,988 1674,985 1719,982 1764,982 1809,982 1854,979 1898,979 1943,976 1988,973 2033,973 2077,970 2122,967 2167,967 2212,964 2257,961 2301,961 2346,961 2391,958 2436,955 2480,955 2525,955 2570,952 2615,952"/>
                <TextEquiv>
                    <Unicode>General, der sich aus Trotz seine</Unicode>
                </TextEquiv>
            </TextLine>
            <TextLine id="tr_2_tl_5" custom="readingOrder {index:4;}">
                <Coords points="1097,1199 2429,1125 2626,1167 2743,1150 2748,1027 2132,1077 1915,1002 1264,1040 1100,1100"/>
                <Baseline points="1113,1164 1137,1164 1182,1161 1227,1158 1271,1158 1316,1155 1361,1155 1406,1152 1450,1152 1495,1149 1540,1149 1585,1146 1630,1143 1674,1143 1719,1140 1764,1137 1809,1137 1854,1134 1898,1134 1943,1134 1988,1131 2033,1131 2077,1128 2122,1128 2167,1125 2212,1125 2257,1122 2301,1122 2346,1119 2391,1119 2436,1116 2480,1116 2525,1113 2570,1113 2615,1110 2660,1104 2704,1104 2749,1101"/>
                <TextEquiv>
                    <Unicode>besten Leute zusarenhauen lässt.Es</Unicode>
                </TextEquiv>
            </TextLine>
            <TextLine id="tr_2_tl_6" custom="readingOrder {index:5;}">
                <Coords points="1112,1319 2561,1272 2798,1342 2803,1195 2132,1135 1594,1257 1115,1244"/>
                <Baseline points="1125,1319 1149,1316 1194,1313 1238,1310 1283,1310 1328,1310 1373,1307 1418,1301 1462,1301 1507,1301 1552,1301 1597,1298 1642,1298 1686,1298 1731,1292 1776,1292 1821,1289 1865,1289 1910,1286 1955,1283 2000,1283 2045,1280 2089,1280 2134,1280 2179,1277 2224,1277 2268,1274 2313,1274 2358,1274 2403,1271 2448,1271 2492,1271 2537,1268 2582,1268 2627,1265 2672,1262 2716,1259 2761,1256 2806,1256"/>
                <TextEquiv>
                    <Unicode>ist ganz selbstverständlich, dass ich</Unicode>
                </TextEquiv>
            </TextLine>
            <TextLine id="tr_2_tl_7" custom="readingOrder {index:6;}">
                <Coords points="1115,1474 2621,1456 2848,1429 2850,1344 2302,1284 1905,1394 1117,1401"/>
                <Baseline points="1131,1468 1152,1468 1197,1465 1241,1462 1286,1462 1331,1462 1376,1459 1421,1456 1465,1453 1510,1450 1555,1450 1600,1447 1645,1447 1689,1447 1734,1447 1779,1447 1824,1444 1868,1444 1913,1442 1958,1442 2003,1439 2048,1436 2092,1436 2137,1433 2182,1433 2227,1430 2271,1427 2316,1427 2361,1424 2406,1424 2451,1424 2495,1424 2540,1421 2585,1421 2630,1418 2675,1418 2719,1415 2764,1412 2809,1412 2854,1415"/>
                <TextEquiv>
                    <Unicode>die Räume des Instituts nicht betrete</Unicode>
                </TextEquiv>
            </TextLine>
            <TextLine id="tr_2_tl_8" custom="readingOrder {index:7;}">
                <Coords points="1110,1648 2100,1594 2424,1646 2761,1601 2766,1479 1115,1551"/>
                <Baseline points="1125,1621 1158,1621 1203,1618 1247,1618 1292,1618 1337,1615 1382,1612 1427,1609 1471,1606 1516,1606 1561,1606 1606,1606 1650,1603 1695,1603 1740,1600 1785,1597 1830,1600 1874,1597 1919,1594 1964,1594 2009,1591 2054,1585 2098,1585 2143,1585 2188,1585 2233,1582 2277,1582 2322,1579 2367,1579 2412,1576 2457,1576 2501,1576 2546,1573 2591,1570 2636,1567 2680,1567 2725,1564 2770,1567"/>
                <TextEquiv>
                    <Unicode>bis Jene Angelegenheit erledigt und</Unicode>
                </TextEquiv>
            </TextLine>
            <TextLine id="tr_2_tl_9" custom="readingOrder {index:8;}">
                <Coords points="1130,1815 1349,1858 1556,1776 2000,1761 2616,1848 2623,1661 1768,1668 1544,1728 1135,1688"/>
                <Baseline points="1143,1779 1149,1776 1194,1776 1238,1773 1283,1773 1328,1770 1373,1770 1418,1767 1462,1764 1507,1764 1552,1764 1597,1761 1642,1758 1686,1758 1731,1755 1776,1755 1821,1755 1865,1752 1910,1749 1955,1746 2000,1746 2045,1743 2089,1743 2134,1743 2179,1740 2224,1740 2268,1734 2313,1734 2358,1731 2403,1728 2448,1725 2492,1725 2537,1722 2582,1719 2627,1719"/>
                <TextEquiv>
                    <Unicode>bis hier gründlich ausgeräuchert</Unicode>
                </TextEquiv>
            </TextLine>
            <TextLine id="tr_2_tl_10" custom="readingOrder {index:9;}">
                <Coords points="1135,1958 1155,1963 1167,1955 1199,1973 1222,1953 1257,1958 1274,1945 1282,1953 1302,1950 1307,1868 1294,1868 1277,1855 1234,1888 1185,1848 1165,1855 1155,1848 1140,1850"/>
                <Baseline points="1149,1931 1176,1931 1221,1928 1265,1925 1310,1925"/>
                <TextEquiv>
                    <Unicode>ist</Unicode>
                </TextEquiv>
            </TextLine>
        </TextRegion>
        <TextRegion id="tr_1" custom="readingOrder {index:1;}">
            <Coords points="853,1998 2886,1998 2886,3732 853,3732"/>
            <TextLine id="tr_1_tl_1" custom="readingOrder {index:0;}">
                <Coords points="843,2132 1095,2160 1329,2077 1556,2067 1781,2127 1843,2082 1980,2112 2027,2092 2030,2000 1738,1975 1436,2022 1157,1988 998,2032 848,2012"/>
                <Baseline points="859,2086 868,2083 913,2083 958,2083 1003,2086 1047,2083 1092,2083 1137,2080 1182,2074 1227,2071 1271,2071 1316,2068 1361,2068 1406,2068 1450,2068 1495,2065 1540,2062 1585,2062 1630,2060 1674,2057 1719,2057 1764,2054 1809,2054 1854,2051 1898,2048 1943,2048 1988,2048 2033,2051"/>
                <TextEquiv>
                    <Unicode>Frankl: Das geht zu weit.</Unicode>
                </TextEquiv>
            </TextLine>
            <TextLine id="tr_1_tl_2" custom="readingOrder {index:1;}">
                <Coords points="840,2272 1613,2217 1818,2297 2030,2202 2357,2244 2726,2192 2731,2075 2017,2160 1656,2070 1274,2097 1130,2192 843,2165"/>
                <Baseline points="853,2242 898,2239 943,2239 988,2239 1032,2236 1077,2233 1122,2230 1167,2230 1212,2227 1256,2224 1301,2224 1346,2224 1391,2224 1436,2221 1480,2221 1525,2218 1570,2215 1615,2215 1659,2215 1704,2212 1749,2209 1794,2209 1839,2206 1883,2206 1928,2203 1973,2200 2018,2200 2062,2197 2107,2194 2152,2194 2197,2191 2242,2194 2286,2191 2331,2188 2376,2188 2421,2185 2466,2185 2510,2182 2555,2179 2600,2176 2645,2173 2689,2170 2734,2173"/>
                <TextEquiv>
                    <Unicode>Ebenn.: Wir sind ja eben dabei.Herr Pro¬</Unicode>
                </TextEquiv>
            </TextLine>
            <TextLine id="tr_1_tl_3" custom="readingOrder {index:2;}">
                <Coords points="1142,2414 1170,2419 1227,2389 1242,2401 1279,2379 1354,2401 1372,2387 1431,2414 1476,2404 1479,2309 1456,2297 1411,2319 1382,2304 1327,2334 1267,2314 1234,2327 1209,2312 1145,2329"/>
                <Baseline points="1155,2388 1170,2388 1215,2379 1259,2379 1304,2376 1349,2376 1394,2376 1439,2373 1483,2373"/>
                <TextEquiv>
                    <Unicode>fessor.</Unicode>
                </TextEquiv>
            </TextLine>
            <TextLine id="tr_1_tl_4" custom="readingOrder {index:3;}">
                <Coords points="878,2564 2830,2499 2885,2377 883,2464"/>
                <Baseline points="892,2546 916,2546 961,2543 1006,2537 1050,2537 1095,2534 1140,2534 1185,2531 1230,2528 1274,2525 1319,2522 1364,2519 1409,2516 1453,2516 1498,2513 1543,2510 1588,2510 1633,2510 1677,2507 1722,2504 1767,2504 1812,2501 1856,2498 1901,2495 1946,2492 1991,2492 2036,2492 2080,2489 2125,2489 2170,2489 2215,2486 2260,2483 2304,2480 2349,2477 2394,2474 2439,2474 2483,2472 2528,2469 2573,2469 2618,2466 2663,2463 2707,2463 2752,2460 2797,2457 2842,2457 2886,2457"/>
                <TextEquiv>
                    <Unicode>Cyprian: fleise zu Bernhardt) Das ist nicht</Unicode>
                </TextEquiv>
            </TextLine>
            <TextLine id="tr_1_tl_5" custom="readingOrder {index:4;}">
                <Coords points="1142,2683 1239,2716 1307,2681 1663,2683 1763,2763 1915,2683 2090,2673 2092,2591 1145,2623"/>
                <Baseline points="1158,2680 1200,2680 1244,2678 1289,2678 1334,2678 1379,2675 1424,2675 1468,2672 1513,2672 1558,2669 1603,2669 1648,2669 1692,2666 1737,2666 1782,2666 1827,2663 1871,2660 1916,2657 1961,2654 2006,2654 2051,2654 2095,2660"/>
                <TextEquiv>
                    <Unicode>die richtige Taktik.</Unicode>
                </TextEquiv>
            </TextLine>
            <TextLine id="tr_1_tl_6" custom="readingOrder {index:5;}">
                <Coords points="865,2848 2761,2810 2766,2648 2142,2656 1950,2761 1638,2716 868,2783"/>
                <Baseline points="880,2836 886,2839 931,2836 976,2836 1021,2833 1065,2833 1110,2833 1155,2830 1200,2827 1244,2827 1289,2827 1334,2824 1379,2821 1424,2821 1468,2818 1513,2815 1558,2815 1603,2812 1648,2812 1692,2809 1737,2809 1782,2806 1827,2809 1871,2806 1916,2803 1961,2803 2006,2803 2051,2797 2095,2797 2140,2797 2185,2794 2230,2791 2274,2791 2319,2788 2364,2788 2409,2785 2454,2785 2498,2782 2543,2782 2588,2779 2633,2779 2678,2776 2722,2776 2767,2779"/>
                <TextEquiv>
                    <Unicode>Bernhardt: Sie haben natürlich nicht das</Unicode>
                </TextEquiv>
            </TextLine>
            <TextLine id="tr_1_tl_7" custom="readingOrder {index:6;}">
                <Coords points="1132,3000 2611,2970 2858,2945 2860,2863 2626,2835 1668,2925 1137,2890"/>
                <Baseline points="1149,2979 1161,2976 1206,2976 1250,2973 1295,2973 1340,2970 1385,2970 1430,2967 1474,2964 1519,2964 1564,2964 1609,2961 1653,2958 1698,2958 1743,2955 1788,2952 1833,2952 1877,2952 1922,2952 1967,2952 2012,2952 2057,2949 2101,2946 2146,2946 2191,2943 2236,2943 2280,2940 2325,2940 2370,2937 2415,2934 2460,2934 2504,2931 2549,2931 2594,2928 2639,2928 2683,2925 2728,2925 2773,2922 2818,2919 2863,2919"/>
                <TextEquiv>
                    <Unicode>Recht mich von der Leitung der Abtei-</Unicode>
                </TextEquiv>
            </TextLine>
            <TextLine id="tr_1_tl_8" custom="readingOrder {index:7;}">
                <Coords points="1155,3190 1464,3132 2721,3125 2753,3025 1157,3075"/>
                <Baseline points="1170,3140 1191,3137 1236,3134 1280,3134 1325,3134 1370,3131 1415,3128 1459,3125 1504,3125 1549,3122 1594,3119 1639,3119 1683,3119 1728,3119 1773,3116 1818,3116 1862,3113 1907,3113 1952,3110 1997,3110 2042,3107 2086,3104 2131,3104 2176,3104 2221,3101 2266,3098 2310,3098 2355,3098 2400,3095 2445,3092 2489,3092 2534,3092 2579,3090 2624,3090 2669,3087 2713,3084 2758,3090"/>
                <TextEquiv>
                    <Unicode>lung zu entheben, aber ich habe das</Unicode>
                </TextEquiv>
            </TextLine>
            <TextLine id="tr_1_tl_9" custom="readingOrder {index:8;}">
                <Coords points="1142,3294 2162,3252 2317,3299 2429,3247 2549,3292 2753,3242 2758,3145 2202,3152 1890,3222 1586,3147 1147,3187"/>
                <Baseline points="1155,3281 1194,3278 1238,3278 1283,3278 1328,3275 1373,3275 1418,3272 1462,3269 1507,3269 1552,3269 1597,3266 1642,3263 1686,3263 1731,3260 1776,3260 1821,3257 1865,3257 1910,3257 1955,3251 2000,3251 2045,3248 2089,3245 2134,3245 2179,3242 2224,3242 2268,3239 2313,3236 2358,3236 2403,3233 2448,3233 2492,3233 2537,3230 2582,3230 2627,3227 2672,3224 2716,3221 2761,3221"/>
                <TextEquiv>
                    <Unicode>Recht Urlaub zu nehmen und während</Unicode>
                </TextEquiv>
            </TextLine>
            <TextLine id="tr_1_tl_10" custom="readingOrder {index:9;}">
                <Coords points="1165,3449 2668,3411 2813,3396 2815,3317 1170,3354"/>
                <Baseline points="1182,3439 1206,3436 1250,3433 1295,3433 1340,3430 1385,3430 1430,3427 1474,3424 1519,3424 1564,3421 1609,3421 1653,3421 1698,3418 1743,3418 1788,3418 1833,3415 1877,3409 1922,3409 1967,3409 2012,3406 2057,3403 2101,3403 2146,3403 2191,3400 2236,3397 2280,3394 2325,3394 2370,3394 2415,3391 2460,3391 2504,3391 2549,3388 2594,3385 2639,3385 2683,3385 2728,3382 2773,3382 2818,3379"/>
                <TextEquiv>
                    <Unicode>der Dauer meiner Verhinderung meine</Unicode>
                </TextEquiv>
            </TextLine>
            <TextLine id="tr_1_tl_11" custom="readingOrder {index:10;}">
                <Coords points="1175,3606 2653,3546 2688,3449 1693,3534 1177,3499"/>
                <Baseline points="1188,3588 1209,3585 1253,3585 1298,3582 1343,3579 1388,3579 1433,3579 1477,3579 1522,3579 1567,3573 1612,3573 1656,3573 1701,3570 1746,3567 1791,3564 1836,3564 1880,3561 1925,3561 1970,3558 2015,3555 2060,3555 2104,3552 2149,3549 2194,3549 2239,3546 2283,3546 2328,3540 2373,3540 2418,3537 2463,3534 2507,3531 2552,3531 2597,3528 2642,3528 2686,3525"/>
                <TextEquiv>
                    <Unicode>bisherigen Assistenten Dr. Kurt</Unicode>
                </TextEquiv>
            </TextLine>
            <TextLine id="tr_1_tl_12" custom="readingOrder {index:11;}">
                <Coords points="1160,3723 1404,3756 2411,3698 2526,3738 2716,3703 2721,3608 1352,3658 1162,3613"/>
                <Baseline points="1173,3722 1200,3722 1244,3719 1289,3719 1334,3719 1379,3719 1424,3716 1468,3713 1513,3710 1558,3710 1603,3705 1648,3705 1692,3702 1737,3705 1782,3699 1827,3699 1871,3696 1916,3696 1961,3696 2006,3693 2051,3693 2095,3693 2140,3690 2185,3687 2230,3684 2274,3684 2319,3681 2364,3681 2409,3681 2454,3681 2498,3678 2543,3675 2588,3675 2633,3675 2678,3672 2722,3675"/>
                <TextEquiv>
                    <Unicode>Pflugfelder und meinen Sohn Oskar</Unicode>
                </TextEquiv>
            </TextLine>
        </TextRegion>
    </Page>
</PcGts>
