3416 4120
2841 439 3039 637 229
1045 591 2142 776 nung nicht zuläassig.
1048 755 3054 930 Pflugf.: Kindische Parlamentsspielereil
1038 914 3026 1081 Bernhardi:Es wird Sache des Herrn Pro-
1038 1053 2874 1241 fessor Ebenwald sein meine Frage zu
1038 1197 2230 1392 beantworten oder nicht.
1043 1351 1878 1518 Ebenwald: Bitte.
1033 1510 2946 1688 Bernhardi: Ich frage sie, Herr Profes-
1030 1662 3005 1798 sor Ebenwald,ob Ihnen bekannt ist, dass
1028 1811 2990 2016 ich die Interpellation, deren Beantwor¬
1035 1975 3000 2112 tung durch den Minister Sie zu dem An¬
1030 2132 3026 2258 trag auf meine Suspendierung veranlasst
1030 2281 2854 2417 ob Ihnen bekannt ist, dass ich diese
1035 2417 3023 2574 Interpellation hätte verhindern können.
1025 2564 1921 2715 Löwenstein: Hört!
1015 2733 2489 2844 Schreimann: Nicht antworten!
1025 2874 2993 2987 Bernhardi: Wenn sie ein Mann sind, Herr
1015 3031 2939 3237 Professor Ebenwald, so werden Sie ant-
1015 3196 1390 3303 worten.
1015 3342 2841 3524 Ebenwald: Meine HerrenDie Frage des
1007 3488 2833 3642 Herrn Professor Bernhardi kommt mir
1010 3632 3075 3807 nicht überraschend. Ich habe sie eigent-
