3352 4008
2361 279 2537 417 135
1129 454 2072 630 zweites Mal — nein.
903 587 3039 746 Ebeno. :Aha, stehst Du,wie recht ich gehabt hab
1968 717 2316 808 man is it
1126 738 3007 948 Dich zu fragen, ob ich mich auf Dich ver¬
1137 948 1721 1097 lassen kann.
908 1052 2747 1222 Frankl:Oho, der Fall, um den es sich heut
1145 1190 2800 1376 handelt, tst ein ganz anderer.Deinen
1148 1333 2813 1538 Standpunkt in der Affaire Beehhardt
1171 1490 2996 1716 teile ich vollkommen. (Ich weiss ja nicht
1155 1655 3007 1843 was Du vorhast, aber ich hoffe, ich werde
1174 1780 2986 1992 an Deiner Seite stehen dürfen als Deut¬
1177 1952 2925 2138 scher und als Christ, der ich geworden
1179 2109 2925 2266 bin, was viel weniger bequem ist,versi
1177 2247 2890 2430 chee ich Dich noch einmal, als gleich
1185 2430 2600 2579 so auf die Welt gekommen sein.
1206 2550 2701 2810 4 - A - dane ist selle
1113 2797 1562 2996 Outius
