3432 4200
1063 567 2252 758 Prf- Ebenwald auch unten?
2131 686 2417 808 ahent
1018 694 3106 893 Oskar: Natürlich. Der Mann ist doch zuerst
1026 906 1863 1079 bei ihm gelegen.
1638 941 2412 1132 des Prot. Heunald
1023 996 2989 1232 Hochr: Wenn er gewusst hätt, dass es vn
1476 1155 2324 1283 is well in ouvreas
1036 1190 2928 1338 der Niere ausgeht, hätt er doch operiert
1338 1211 3146 1439 Wom hette in die Lection acht Tag früher gehabt.
1034 1333 3127 1484 Oskar: Wärs noch früher aus gewesen. (
2862 1404 3146 1500 Gerelst
1044 1468 2417 1630 Gibts was besonderes neues?
2629 1505 3188 1648 van drüber
1041 1590 3037 1818 Hochr: Die Pneumonie von Bett 7 haben wir
2160 1794 3151 1974 rüber - nicht drücken
1047 1810 1858 1942 hinüber gebracht.
1057 1913 1977 2117 Oskar: Wo hinibe?
1055 2056 3154 2266 Hochr Na übers Aergste Het/ früh nur mehr
1060 2170 3106 2385 37, S. links unten schon ganz gelöst. Aber
1076 2303 2957 2557 dde Sepsis..lui de Lese Gebt, Eur.-
1073 2549 2094 2719 Oskar: Sie lebt noch?
1081 2621 3209 2804 Hochr: Ja, weil ich ihr Kampfer gegeben hab.
2989 2700 3127 2790 O. S.
1097 2751 3233 2965 Jm die Kunst das Leben zu verlängernver -
941 2806 1100 2912 Ocha
983 2949 2462 3138 lehen wir schon aus dem ff.
1108 3071 2518 3347 Schwester: Der Herr Professor,
