3496 4232
2696 494 2880 649 169
1332 649 3011 846 massen die rechte Würze der Freund-
1343 830 3190 1005 schaft bilden, umso mehr aus je promtnen
1339 989 2962 1152 teren Persönlichheiten die Körper¬
1339 1118 3011 1295 schaft sich zusammensetzt.Aber, dass
1339 1304 3103 1447 wir in allen ernsthaften Fragen eines
1336 1451 3015 1571 Sinns s ind, hat sich schon mehr als
1346 1587 3066 1723 einmal gezeigt und wird sich hoffent¬
1343 1713 3121 1895 lich auch in Zukunft zur Befriedigung
1359 1900 3066 2026 unserer wahren Gönner und zun Aergor
1350 2035 2992 2210 unserer Feinde - wir haben nämlich
1357 2171 2903 2387 solche - erweisen (Allerdings bin
1368 2325 3211 2523 ich im Zweifel,ob es angebracht scheint
1366 2518 3050 2659 die Ursache, die uns heute zusammen¬
1368 2677 2949 2836 ruft, mit so feterlichen Worten zu
1371 2792 3001 2990 begriff s s.Denn,da es vollkommen in
1366 2962 3213 3144 unserer Macht steht eine Angelegenheit.
1373 3116 2868 3289 die sehr pretentiös aufzutreten
1382 3284 2992 3390 scheint, auf ihr wahres, recht unbe¬
1387 3390 3142 3563 trächtliches Mass zurückzuführen, ein-
1387 3551 3011 3740 fach dadurch, dass wir uns in ihrer
1357 3680 3022 3898 Auffassung solidarisch erklären, so
