3448 4200
2920 511 3083 646 133
1095 619 1754 801 halt leider.
1100 835 3002 953 Frankl: Sag, kommst Du mir vielleicht
1123 948 3075 1118 jetzt wieder mit den anonymen Briefen,
1105 1152 3041 1267 die Du im vorigen Jahr gekriegt hast,
2267 1240 2491 1334 that
1108 1334 2913 1410 weil Du Dich für mein Primariat am
1105 1454 2697 1587 Elisabethinum eingesetzt hast?
2800 1511 3078 1633 Buel.
1108 1633 3046 1727 Ebenwald: Es war nur ein anonymer, an-
1103 1766 2859 1896 dere waren mit vollen Namen unter
1103 1918 2948 2039 schriehen, gute alte Freunde aus der
1744 2014 2250 2112 dieses
1093 2093 2849 2213 Studm tenzeit. Na ja,Du darfst ja
1103 2203 2957 2338 nicht vergessen, auf der Universität
1108 2405 2908 2503 und noch später als alter Herr war
1110 2520 3075 2648 ich ein Führer der Deutsch-Nationalen
1113 2672 3085 2805 strengster Observanz. Du weisst ja,was
1108 2832 2987 2952 das heisst. Wacht am Rhein, Bismarck.
1105 2965 3033 3119 Eiche Juden wurde keine Satisfaktion
1115 3161 2660 3323 gegeben, auch Judenstämmlingen.
1115 3299 3070 3446 Frankl: Haben doch manche müssen auch
1103 3444 2640 3603 von der strengsten Observanz.
1105 3623 3068 3795 Ebenwald: Und ich mach hier kein Hehl
398 3574 575 3874 me
