<?xml version="1.0" encoding="UTF-8" standalone="yes"?>
<PcGts xmlns="http://schema.primaresearch.org/PAGE/gts/pagecontent/2013-07-15" xmlns:xsi="http://www.w3.org/2001/XMLSchema-instance" xsi:schemaLocation="http://schema.primaresearch.org/PAGE/gts/pagecontent/2013-07-15 http://schema.primaresearch.org/PAGE/gts/pagecontent/2013-07-15/pagecontent.xsd">
    <Metadata>
        <Creator>prov=READ-COOP:name=TrHtr:version=2.1.0:model_id=51170:date=30_07_2023_11:46</Creator>
        <Created>2023-05-10T13:40:09.901+02:00</Created>
        <LastChange>2023-07-30T11:46:30.372+02:00</LastChange>
        <TranskribusMetadata docId="1428586" pageId="55415802" pageNr="408" tsid="131501964" status="IN_PROGRESS" userId="64420" imgUrl="https://files.transkribus.eu/Get?id=URDARTGSPFCEUCMAXFUCJYHY&amp;fileType=view" xmlUrl="https://files.transkribus.eu/Get?id=PFKECDASOEMYDRSACEAHQGXY" imageId="44689909"/>
    </Metadata>
    <Page imageFilename="1428586_0408.jpg" imageWidth="3432" imageHeight="4120">
        <ReadingOrder>
            <OrderedGroup id="ro_1711791088810" caption="Regions reading order">
                <RegionRefIndexed index="0" regionRef="tr_1"/>
            </OrderedGroup>
        </ReadingOrder>
        <TextRegion id="tr_1" custom="readingOrder {index:0;}">
            <Coords points="573,1248 2764,1248 2764,3111 573,3111"/>
            <TextLine id="tr_1_tl_1" custom="readingOrder {index:0;}">
                <Coords points="672,1437 799,1471 1776,1325 2388,1355 2403,1147 2281,1125 2004,1205 1815,1138 1351,1252 689,1213"/>
                <Baseline points="683,1424 695,1421 740,1424 785,1421 829,1418 874,1415 919,1409 964,1409 1009,1403 1053,1400 1098,1397 1143,1391 1188,1385 1233,1379 1277,1373 1322,1367 1367,1361 1412,1361 1456,1361 1501,1358 1546,1352 1591,1349 1636,1346 1680,1346 1725,1340 1770,1340 1815,1337 1859,1334 1904,1331 1949,1328 1994,1325 2039,1322 2083,1319 2128,1319 2173,1313 2218,1307 2263,1304 2307,1301 2352,1301 2397,1298"/>
                <TextEquiv>
                    <Unicode>Ich wirft auch en leusste Lebe,</Unicode>
                </TextEquiv>
            </TextLine>
            <TextLine id="tr_1_tl_2" custom="readingOrder {index:1;}">
                <Coords points="795,1694 1583,1600 1716,1649 2143,1561 2268,1591 2382,1561 2388,1458 2081,1430 1928,1497 1377,1490 1031,1570 807,1527"/>
                <Baseline points="809,1662 821,1662 865,1662 910,1656 955,1653 1000,1648 1044,1645 1089,1642 1134,1633 1179,1627 1224,1624 1268,1615 1313,1612 1358,1609 1403,1606 1447,1603 1492,1600 1537,1594 1582,1591 1627,1588 1671,1585 1716,1579 1761,1573 1806,1570 1851,1567 1895,1567 1940,1567 1985,1561 2030,1561 2074,1558 2119,1555 2164,1555 2209,1555 2254,1555 2298,1555 2343,1552 2388,1558"/>
                <TextEquiv>
                    <Unicode>lie. Et die aussi Briefe</Unicode>
                </TextEquiv>
            </TextLine>
            <TextLine id="tr_1_tl_3" custom="readingOrder {index:2;}">
                <Coords points="719,1812 1132,1832 1881,1712 2004,1752 2287,1701 2294,1617 1716,1649 1578,1602 1011,1752 730,1690"/>
                <Baseline points="731,1809 773,1803 818,1797 862,1794 907,1794 952,1788 997,1785 1041,1785 1086,1779 1131,1773 1176,1770 1221,1767 1265,1761 1310,1758 1355,1752 1400,1749 1444,1746 1489,1740 1534,1731 1579,1728 1624,1722 1668,1716 1713,1713 1758,1707 1803,1707 1848,1704 1892,1704 1937,1701 1982,1698 2027,1698 2071,1692 2116,1689 2161,1683 2206,1680 2251,1677 2295,1677"/>
                <TextEquiv>
                    <Unicode>Ich nicht deut tilln nur verh</Unicode>
                </TextEquiv>
            </TextLine>
            <TextLine id="tr_1_tl_4" custom="readingOrder {index:3;}">
                <Coords points="560,1744 601,1737 610,1744 631,1724 653,1716 679,1718 683,1572 655,1570 649,1561 638,1570 629,1568 595,1542 580,1553 567,1550"/>
                <Baseline points="573,1692 597,1695 641,1695 686,1689"/>
                <TextEquiv>
                    <Unicode>1.</Unicode>
                </TextEquiv>
            </TextLine>
            <TextLine id="tr_1_tl_5" custom="readingOrder {index:4;}">
                <Coords points="771,1984 2012,1903 2334,1838 2347,1720 1890,1800 1722,1765 1282,1802 911,1907 784,1873"/>
                <Baseline points="785,1970 821,1961 865,1961 910,1955 955,1955 1000,1952 1044,1949 1089,1946 1134,1943 1179,1940 1224,1940 1268,1934 1313,1928 1358,1922 1403,1916 1447,1907 1492,1901 1537,1895 1582,1889 1627,1883 1671,1877 1716,1874 1761,1868 1806,1865 1851,1862 1895,1859 1940,1854 1985,1848 2030,1839 2074,1836 2119,1824 2164,1818 2209,1803 2254,1800 2298,1791 2343,1791"/>
                <TextEquiv>
                    <Unicode>receue unhalten... z.d.</Unicode>
                </TextEquiv>
            </TextLine>
            <TextLine id="tr_1_tl_6" custom="readingOrder {index:5;}">
                <Coords points="951,2135 1319,2092 1377,2124 1581,2049 1722,2081 2044,1978 2276,1976 2287,1898 2128,1864 2008,1924 1838,1943 1780,1909 1662,1978 1531,1954 1138,2038 966,2021"/>
                <Baseline points="967,2116 985,2113 1030,2110 1074,2101 1119,2098 1164,2095 1209,2089 1253,2083 1298,2080 1343,2071 1388,2062 1433,2057 1477,2051 1522,2042 1567,2039 1612,2033 1656,2024 1701,2021 1746,2012 1791,2009 1836,2003 1880,2000 1925,1994 1970,1991 2015,1982 2060,1979 2104,1970 2149,1964 2194,1958 2239,1955 2283,1955"/>
                <TextEquiv>
                    <Unicode>i veut jelta tout. Et is</Unicode>
                </TextEquiv>
            </TextLine>
            <TextLine id="tr_1_tl_7" custom="readingOrder {index:6;}">
                <Coords points="947,2278 2113,2197 2259,2120 2349,2139 2364,2034 1505,2098 1349,2169 1196,2141 1084,2208 962,2158"/>
                <Baseline points="958,2280 970,2280 1015,2268 1059,2266 1104,2263 1149,2257 1194,2254 1238,2251 1283,2245 1328,2239 1373,2230 1418,2224 1462,2218 1507,2209 1552,2203 1597,2197 1642,2191 1686,2185 1731,2179 1776,2170 1821,2164 1865,2158 1910,2155 1955,2149 2000,2143 2045,2134 2089,2131 2134,2125 2179,2122 2224,2116 2268,2110 2313,2104 2358,2107"/>
                <TextEquiv>
                    <Unicode>recht volickert.. Ich stehe</Unicode>
                </TextEquiv>
            </TextLine>
            <TextLine id="tr_1_tl_8" custom="readingOrder {index:7;}">
                <Coords points="1037,2420 1207,2476 1432,2388 2135,2349 2345,2261 2429,2278 2448,2145 1956,2257 1628,2205 1467,2291 1299,2283 1046,2356"/>
                <Baseline points="1050,2421 1095,2424 1140,2424 1185,2421 1230,2421 1274,2418 1319,2409 1364,2400 1409,2394 1453,2382 1498,2379 1543,2370 1588,2364 1633,2355 1677,2346 1722,2337 1767,2328 1812,2322 1856,2313 1901,2310 1946,2304 1991,2301 2036,2298 2080,2295 2125,2289 2170,2283 2215,2274 2260,2268 2304,2263 2349,2257 2394,2251 2439,2248"/>
                <TextEquiv>
                    <Unicode>out decie teill - and oh</Unicode>
                </TextEquiv>
            </TextLine>
            <TextLine id="tr_1_tl_9" custom="readingOrder {index:8;}">
                <Coords points="1009,2598 1602,2571 1905,2487 2143,2506 2341,2461 2354,2377 2034,2343 1737,2431 1628,2394 1407,2474 1029,2459"/>
                <Baseline points="1021,2600 1053,2597 1098,2594 1143,2588 1188,2585 1233,2582 1277,2573 1322,2570 1367,2564 1412,2555 1456,2546 1501,2540 1546,2531 1591,2522 1636,2513 1680,2507 1725,2501 1770,2492 1815,2483 1859,2477 1904,2466 1949,2463 1994,2457 2039,2451 2083,2445 2128,2439 2173,2436 2218,2430 2263,2427 2307,2421 2352,2421"/>
                <TextEquiv>
                    <Unicode>Lambartert.. 1 1 pied è</Unicode>
                </TextEquiv>
            </TextLine>
            <TextLine id="tr_1_tl_10" custom="readingOrder {index:9;}">
                <Coords points="1151,2792 1368,2760 1413,2792 1520,2727 1621,2781 1812,2678 2306,2594 2465,2626 2515,2510 2072,2528 1847,2616 1654,2547 1179,2614"/>
                <Baseline points="1167,2764 1212,2758 1256,2758 1301,2755 1346,2749 1391,2743 1436,2740 1480,2734 1525,2722 1570,2716 1615,2707 1659,2704 1704,2695 1749,2689 1794,2683 1839,2672 1883,2666 1928,2657 1973,2648 2018,2642 2062,2633 2107,2624 2152,2618 2197,2612 2242,2606 2286,2597 2331,2591 2376,2582 2421,2579 2466,2573 2512,2565"/>
                <TextEquiv>
                    <Unicode>Hell besser - at Leuger</Unicode>
                </TextEquiv>
            </TextLine>
            <TextLine id="tr_1_tl_11" custom="readingOrder {index:10;}">
                <Coords points="981,2998 1278,3000 1450,2921 1739,2912 1836,2848 2319,2772 2422,2798 2433,2725 2257,2742 2173,2674 1991,2680 1819,2768 1649,2768 1357,2871 1231,2792 1014,2790"/>
                <Baseline points="997,2967 1000,2967 1044,2955 1089,2952 1134,2946 1179,2946 1224,2943 1268,2937 1313,2934 1358,2925 1403,2919 1447,2910 1492,2901 1537,2895 1582,2889 1627,2884 1671,2878 1716,2872 1761,2860 1806,2851 1851,2845 1895,2839 1940,2836 1985,2824 2030,2815 2074,2809 2119,2800 2164,2791 2209,2785 2254,2779 2298,2773 2343,2764 2388,2758 2433,2758"/>
                <TextEquiv>
                    <Unicode>and in a life Bernham.</Unicode>
                </TextEquiv>
            </TextLine>
            <TextLine id="tr_1_tl_12" custom="readingOrder {index:11;}">
                <Coords points="1024,3174 1574,3165 2165,2949 2732,2893 2762,2828 2435,2779 1046,3030"/>
                <Baseline points="1047,3098 1062,3101 1107,3095 1152,3092 1197,3090 1241,3081 1286,3075 1331,3069 1376,3060 1421,3054 1465,3045 1510,3039 1555,3033 1600,3027 1645,3021 1689,3015 1734,3012 1779,3012 1824,3003 1868,2991 1913,2982 1958,2973 2003,2970 2048,2961 2092,2958 2137,2946 2182,2940 2227,2934 2271,2928 2316,2922 2361,2916 2406,2907 2451,2901 2495,2892 2540,2886 2585,2878 2630,2869 2675,2863 2719,2857 2764,2848"/>
                <TextEquiv>
                    <Unicode>servitt aber was that de m</Unicode>
                </TextEquiv>
            </TextLine>
        </TextRegion>
    </Page>
</PcGts>
