3448 4216
2619 480 2737 642 57
952 642 2626 834 Die Schwester aus dem Krankenzimmer
2283 718 2983 980 me hédaen
967 847 2031 986 Schwester: Hochwürden
2501 925 2876 1119 be 2
980 1025 1473 1151 Was gibts?
986 1104 2270 1318 Schwester : Es wird zu spät.
1009 1279 1630 1429 Bernh: Kurt!
1004 1392 2343 1562 Kurt: ins Krankenzimmer ab
1022 1471 2792 1751 Bernh: Haben Sie ihr gesagt, dass Sr
1030 1680 1948 1848 Hochwürden da sind?
1046 1754 2647 1974 Schw ster: Ja, ich hab ihr gesagt
1056 1921 2197 2157 Bernh: Warum haben Sie?
1069 1992 2899 2244 Schwester : Ich wollte sie vorbereiten.
1080 2079 3146 2380 Bernh: So. Und sie? Antworten Sie mir ganz
1088 2241 2933 2501 ruhig, wie hat sie sich dazu verhalten?
1106 2325 3216 2647 Schwester: (Es hat sie ein 'bisschen aufgeregt
1119 2511 3096 2773 Bernh: Ja, das lässt sich denken. ( Hat sie
1130 2619 3240 2902 irgend etwas gesagt?) Was haben Sie antworten
1145 2747 3085 3049 Sie mir doch ganz ruhig? Was h t sie denn
1153 2941 2126 3151 gesagt?
1164 2957 3206 3284 Schwester: Muss ich denn sterben? Ein
1177 3090 3219 3413 Kurt :  kommt heraus Sie ist tot.)
1198 3253 3256 3554 Bernh: Erschrecken Sie nicht Hochwürden, es
1211 3368 3282 3720 ist nicht Ihre Schuld. Sie wollten nur Ihr
