3368 4072
466 240 2127 498 nicht, & la: in but she will..
2705 356 2978 519 123 n
1002 466 2966 711 Spiel? (Solltest Du denn wirklich nicht
1002 649 3014 827 einsehen, dass das ein schmählicher Han-
997 792 2836 1045 del wäre? Juf was kommt es an? Dass
1010 969 2836 1112 die Abteilung in unserem Spital von
1005 1107 2740 1330 dem Würdigsten geleitet werde. Ich
1005 1313 2838 1493 bin dafür,Ebenwald ist dagegen. Und
1002 1473 2635 1586 wie Du Dir doch sehr gut denken
997 1578 2730 1766 kannst ausschliesslich darum, weil
1225 1706 1691 1799 indientalt
1005 1726 2926 1944 der Würdige ein Jude ist Weil wir zu
1002 1899 2873 2064 fällig an derlei schon gewöhnt sind,
994 2054 2918 2222 und weil derlei Gemeinheiten alle Ta-
997 2214 2796 2355 ge ungestraft verübt werden sollen
992 2347 2781 2533 wir es deshalb schon als selbstver
989 2452 2943 2650 ständlich hinnehmen? Wenn Du auch hau-
997 2650 2973 2831 te Minister bist,Flint,Du bist doch am
992 2796 2821 2991 Ende auch Arzt, ein Mann der Wissen-
987 2978 2871 3164 schaft, ein Mann der Wahrheit. Spürst
989 3131 2878 3292 Du da nicht die ganze Schmählichkeit
999 3251 2883 3442 des Handels, den Ebenwald mir und man
994 3409 2638 3587 könnte sagen, auch Dir damit vor
1002 3597 1438 3730 schlägt?
