3464 4152
2855 484 3033 614 167
1140 503 2806 765 wieder mit den anonymen Briefen.
1130 718 3114 906 Ebenwald: Was denn für anonyme Briefe?
1125 893 3075 1078 Schreimann: No, die Du im vorigen Jahr
1120 1036 3025 1239 gekriegt hast, weil Du Dich für meine
1118 1194 3082 1350 Wahl zum Abteilungschef am Elisabethi
1115 1355 2171 1510 num eingesetzt hast.
1108 1483 3062 1648 Ebenwald: Die waren ja gar nicht ano-
1110 1670 2961 1821 nym. Die waren mit vollem Namen un-
1105 1809 3057 1976 terschrieben, von guten alten Freunden
1098 1999 2917 2134 aus der Studentenzeit.Du darfst ja
1098 2110 2877 2278 nicht vergessen, lieber Schreimann,
1091 2263 3075 2458 auf der Universität und noch später al
1091 2443 2838 2583 als alter Herr war ich ein Führer
1086 2586 2981 2734 der Deutschnationalen strengster Ob-
1078 2719 3028 2885 servanz. Dn weisst ja,was das heisst:
1078 2860 3023 3082 Wacht am Rhein - Bismarck Eiche - Ju-
1073 3020 2951 3223 den wird keine Satisfaktion gegeben,
1066 3190 2282 3373 auch Judenstämmlingen —
1061 3351 2926 3524 Schreimann: Ist doch m nohmal nicht
1061 3506 2973 3689 anders gegangen trotz der strengsten
