3480 4216
2657 306 2948 473 135 b
1007 468 2890 692 Frankl: Na, das kann doch keine Frage
993 629 2303 821 sein. Er kommt nicht: jetzt:
995 803 2915 970 Ebenwald: Man sollte glauben.Aber Du
1007 973 2905 1109 hast doch gerade früher gehört. Ges¬
1012 1102 2905 1254 tern auf dem Ball des Elisabethinums
1010 1251 2873 1420 hat der Flint eine halbe Stunde mit
1020 1371 2953 1575 Bernhardi gesprochen. Alle Freund! Und
1609 1542 1900 1637 du tres
1020 1590 3002 1754 Frankl: Aber was geht uns denn eigent-
1030 1701 2895 1898 lich das Parlament an. Das ist doch
1022 1868 2701 2017 eine ganz interne Angelegenheit.
1035 1997 2992 2189 Ebenwald: Das schon, aber je mehr Leut
1030 2194 2719 2346 man hinter sich hat umso besser.
1032 2321 2423 2547 Frankl: Wie meinst Du das?
1037 2492 2868 2672 Ebenwald: Aber geh,Du bist begriff;
1045 2686 1460 2823 stützig.
1042 2796 3042 2948 Frankl: Vielleicht zu gut getauft, was?
1055 2958 2811 3119 Ebenwald: Oh, also doch noch etwas
1057 3144 1647 3283 Ahnenstolz.
1062 3239 2980 3415 Frankl: Also, zur Sache, was meinst Du
1062 3440 1674 3594 eigentlich?
1067 3520 2950 3729 Ebenwald: Ich meine, die ganze Demis.
