3432 4120
2365 307 2547 457 132
1097 554 1858 722 nicht entgangen.
868 704 1835 878 Frankl: Oede G'spass
886 759 2978 1045 Pranhl: Na,entschuldige,Du dusst anderere eits
876 863 1167 951 Eltern
1120 946 2921 1185 auch ein Einsehen haben (.me in Position
1143 1068 2903 1305 ist auch nicht so einfach Auf der Unt¬
374 1185 876 1422 rien dem-
1156 1271 2968 1460 versität und noch später als alter Herr
1149 1393 3038 1627 war ich ein Führer der Deutschnationalen
1159 1551 3072 1746 strengs ter Observanz,Du weisst je,was das
1172 1702 2924 1905 heisst, Juden wurde keine Satisfaktion
1627 1796 2666 1920 Wachlan Rhein... Biswarte i
1193 1853 2965 2061 gegeben] und so weiterj-(Ich war ja auch
499 1850 910 2050 dans fois
1206 1993 3067 2206 in allen diesen Vorurteilen befangen und
470 2014 912 2165 stämbige
1203 2144 2950 2373 Ich mach ja gar kein Hehl daraus -ein
301 2173 650 2357 f und
1201 2318 3043 2516 Philosemit bin ich noch immer nicht ge¬
1219 2417 3048 2656 worden. Schau Dich nur in in erm engsten
1216 2586 3056 2825 Kreis um und Du wirst es begretfen.Aber
1255 2747 2924 2970 freilich das Leben hat mich gelehrt,
1260 2874 3124 3098 dass es Ausnahmen gibt und ich hab meine
613 3004 1123 3173 I and
1780 3030 2373 3152 Aus dieser übet
1253 3012 3041 3306 Kons equenzyn daraus gezogen. Ohne mich,
619 3139 1016 3298 de Christe
1757 3202 1985 3311 inil
1268 3181 3012 3451 lieber Frankl das weisst Du sehr gut,
642 3251 1060 3397 che cenier
1294 3371 2942 3576 könntest Du heut noch Regimentsarzt
1297 3493 3108 3711 sein in Przemisl oder s ons too - Und wa-
