3464 4184
2868 547 2991 688 34
971 696 2757 986 Adler, Hochroitspointner, Fflugfelder.
973 883 2906 1066 Adler. Grss sie gott, Hochroitspointner.
986 988 2968 1235 Ich wollte noch einen Blick in die Kranken
1004 1122 2603 1371 geschichte von dem heutigen Fall..
1012 1276 2177 1479 Hochr: Hier Herr Dozent,
1019 1381 2953 1664 Adler Danke, Doktor Hochroitspointner,
1030 1582 2046 1754 Einen Namen haben Sie
1042 1684 2473 1897 Hochr: Vielleicht nicht schön.
1050 1808 3117 2018 Adler Aber prachtvoll. (Im Ernst.) Er erinnert
1571 1828 1823 1923 l'exer
1058 1918 3120 2157 mich irgendwie an Bergesgipfel, an Gletscher
1941 2051 2375 2159 Cabé avec
1060 2072 3001 2285 touren,. Wo sind Sie eigentlich zu Haus?
1520 2105 1815 2193 dave he
1071 2226 2824 2431 Hochr : Aus Imst bin ich werr Dozent.
1990 2336 2408 2452 en clort.
1086 2347 2989 2603 Adler: Aus Imst. Dort in der Näh hab ich
1099 2473 3045 2747 noch als Student eine wunderschöne Tur ge
1101 2627 2627 2886 macht. Auf den Wetterfernkogel.
1117 2757 3104 3022 Hochr: Dort haben sie im vorigen Jahr eine
1227 2976 2157 3181 Schutzhütten gebaut
1196 3025 3042 3322 Adler: Ueberall bauen sie schon mitten.
1161 3179 3007 3456 Wer von den Herren hat denn die hystolo
2239 3335 2473 3428 lina
616 3261 806 3476 Krch
1178 3345 2637 3610 gische Untersuchung übernommen.
1140 3482 2473 3723 Kurt: Der junge Bernhardi.
