3464 4248
2554 498 2737 678 141
1066 722 2823 886 neu entdeckt werden muss. Oh, tah werde
1108 852 3039 1032 mich nicht genieren Selbstverständlichkei
1131 1024 3047 1199 ten auszusprechen,wenn sie drohen, in Ver¬
1115 1183 2875 1355 I essenheit zu geraten. Wenn es selbst
1121 1324 2867 1506 eine so Jämmerliche Banalität ist, wie
1123 1506 3013 1611 zum Beispiel, dass es vor allem auf Wahr¬
1110 1626 2757 1780 heit gegen sich selbst ankommt, auf
412 1783 803 1926 Ilie hanvel
868 1785 2823 1916 Ebenw.:Es handelt sich um die praktischen
315 1897 771 2007 es z. d. seit
271 1965 756 2106 in Princes
1152 1923 2862 2129 Folgen.Spielen Sie es doch nicht auf
1123 2114 2856 2260 ein allgemeines Gebiet hinüber,lieter
1108 2241 1590 2408 Professor
870 2403 2739 2578 Pflugf.:Freilich handelt es sich um die
2106 2492 2215 2570 Par
1113 2541 2995 2718 prakt ischen Folgen. Ja, besonders für Sie.
863 2716 1934 2859 Ebenw. :Darf ich fragen
1963 2867 2877 3005 wissen, dass Sie bei
868 2867 1931 3057 Pflugf.: Allerdings, Sie
1110 2997 2976 3164 mir nicht umsonst fragen werden.Sie wol
1110 3156 2398 3289 len sel ber Direktor werden.
865 3318 2961 3464 Ebenw.: LeEber Professor, Ihr Alter gibt Ihnen
1121 3466 2267 3631 freilich gewisse Rechte
868 3591 2875 3745 Pflugf. : Lassen Sie mich dmit aus.Klgen Sie
