3464 4216
2692 404 2815 563 91
1392 536 2561 783 au jeignelle stelle...
1160 749 2956 874 Form einfach sein Bedauern aussprechen
1165 872 2985 1044 Bernhardt' Ich habe nichts zu bedauern.
1619 1003 2331 1110 Ihr nicht bedan
1183 1042 2901 1242 Cypriani Aber, lieber Freund,Du kannst
1178 1203 2872 1367 doch ruhig erklären, dass es Dir fern
1380 1351 1619 1426 née un
1176 1339 2962 1510 lag irgend welche religiöse Gefühle zu
522 1369 1001 1555 Le tere
1178 1489 2831 1680 verletzen. (Es ist ja keine Busse an
420 1528 933 1687 dut nicht
422 1600 1058 1764 mahl bin & ll
1194 1641 2838 1807 der Kirchentür im hörenen Gewand. Es
1185 1832 2919 1948 liesse sich ganz einfach, geradezu hu¬
1185 1957 2994 2145 moristisch, erledigen. Wir haben ja mor¬
676 2013 1062 2170 ...tre?
1201 2095 3026 2288 gen eine Sitzung wegen der Neubesetzung
406 2163 1022 2359 S. Bernhard
1203 2275 2504 2415 der Altmann'schen Abteilung.
370 2322 1006 2517 du uillet dort
1187 2424 2976 2570 Bernhardt: Herrgott, darüber hätten wir
415 2461 906 2651 witt -
1194 2586 3012 2756 zu reden, das ist beim Himmel wichtiger,
1196 2719 2992 2869 Cyprian: Denk ich mir auch. Ueberhaupt
1205 2860 2910 3049 die Interessen unseres Instituts, ich
1214 3051 3021 3192 sage ir,wir sind auf einem Wendepunkt.
1199 3167 2949 3369 Das Allerwichtigste habe ich Dir noch
1212 3341 3012 3507 gar nicht erzählt. Ich war ja im Minis¬
1219 3457 3008 3655 terium, um mit Flint selber zu sprechen
1214 3641 2926 3870 wegen der kriminal-anthropologtschen
