3432 4168
2633 358 2822 524 249
925 564 1714 756 Herr Professor
930 675 2933 937 Bernhardi: So sagen sie am Ende nichts
945 854 2845 1066 anderes.Hoe hwürden als dass, wie soll
953 1013 2248 1207 ich mich nur ausdrücken,
950 1137 2979 1368 Pfarrer: Sprechen sie nur, ich bin hier,
975 1323 2127 1509 um alles zu vernehmen.
965 1474 2800 1691 Bernhardi: Als dass es Ihnen an Mut
973 1620 2923 1822 fehlte Ihrer Ueberzeugung Ausdruck zu
990 1832 1391 1988 geben.
1411 1830 1840 1988 Les luits
983 1877 2921 2145 Pfarrer: xxx hätte mir nicht gefehlt,
995 2089 2958 2260 etwas anderes hielt mich davon zurück,
1008 2228 2835 2429 Ich bin Priester, Herr Professor, Die
1008 2384 3019 2568 Kirche braucht uns ganz oder gar nicht,
1005 2525 3034 2734 Besonders in so schweren Zeiten,wie die
1026 2681 2903 2868 in der wir leben.) Wir müssen ihr mit
1026 2812 3014 3009 unserer ganzen Seele angehören,mit un¬
1028 2979 2979 3193 serem blinden Gehorsam, a uch wenn sich
1031 3130 2923 3331 Zweifel in uns regen. Hätte ich Ihre
1046 3279 2883 3488 gute Absicht gelten lassen, ja hätte
1053 3450 3042 3704 ich nur die Möglichkeit zugegeben, dass
