3416 4248
2754 490 2944 680 208
1060 700 2930 865 als Mensch gle ich einwandfrei gehan-
1065 807 2984 1029 delt hat, der macht sich zum Mitschul-
1070 973 2993 1155 digen an dem infamen Versuch, der hier
1063 1129 2954 1282 sozusagen von hintenherum gegen die
1070 1277 2954 1443 Freiheit der Wissenschaft, gegen die
1063 1431 2893 1614 Selbständigkeit der ärztlichen Ent¬
1072 1599 2964 1753 schliessungen unternommen wird, Wenn
1072 1750 2818 1901 Sie zugeben, meine Herren, dass man
1082 1911 2864 2062 uns in unserem eigenen Hause nicht
1075 2055 3013 2204 mehr als Herren gelten lässt Wenn wir
1080 2240 3040 2372 die Herren in unserem Hause sind Wo im
1085 2398 2974 2513 kommen wir hin, meine Herren, wenn wir
1082 2498 2954 2681 uns nun gar das Recht entwinden las-
1094 2630 3037 2825 sen sollen in unserem e gensten Gebiet
1090 2779 3027 2988 am Krankenbett, nach unserem menschli-
1099 2925 3052 3120 chen Ermessen zu verfügen? Was ist un-
1094 3091 2981 3317 sere ganz ärztliche Kunst des Beru-
1094 3252 3035 3444 higens und Belügens wert,wenn wir im-
1094 3412 3052 3622 mer vor der Gefahr stehen, dass uns im
1112 3554 3049 3742 letzten koment durch den Todkündenden
1104 3705 3035 3937 Eintritt eines übereifrigen Priesters
