3464 4200
586 347 1758 532 Cyprien. Lølwenden Bernhand
2698 442 2837 558 83
1172 671 2823 836 Cyprian: Das hättest Du nicht sagen
508 768 933 992 H.L. Warie
1169 782 2894 990 sollen, Bernhardt.Abgesehen da von, dass
498 912 1080 1134 soll a well!
1153 983 2960 1117 man gewisse Leute nicht reizen soll, Du
1167 1110 2856 1311 bist im Unrecht.Die Fürstin ist alss
1167 1276 2856 1462 eher als eine Gans. Sie ist eine sehr
1153 1439 1788 1599 kluge Person.
1158 1583 2998 1779 Bernhardt: Das nennst Du klug, kleinlich
1158 1734 2008 1881 beschränkt ist es.
1647 1833 2058 1928 hier einen
1153 1876 2892 2048 Cyprian: Man muss die Leute aus ihrer
1153 2032 2913 2162 Familie,aus ihrer Umwelt, threr Abstam¬
1139 2197 2922 2332 mung, ihrer Geschichte verstehen.Sie uns
1141 2381 2925 2485 nicht.Denn das gehört zu threm Wesen.
1141 2466 2934 2646 Wir aber müssen sie verstehen,das ge¬
1139 2596 3026 2830 hört zu unserm Wesen (Dass Du den Pfarrer
1136 2790 2859 2932 nicht zu Deiner sterbenden Patent in
1136 2925 3031 3104 hineingelassen hast, kann für die Fürstin
1139 3100 2922 3263 kaum anderes sein,als eine Art Gottes¬
1134 3230 1621 3414 lästering.
1139 3416 2913 3556 Bernhardt' Wenn sie aber nur einen Mo¬
1649 3508 2266 3631 m Gubeil
1136 3574 2192 3737 ment lang nachdenkt -
1146 3707 2797 3853 Cyprian: Es gibt Dinge, über die die
