3416 4216
2694 288 2882 454 207
1040 478 2980 648 ordnungsgemäss zuerst über diesen ab-
1040 678 1632 845 schliessen.
1043 786 2517 1016 Schreimann: (erhebt die Hand)
1043 981 2948 1144 Bernhardi:Herr Dozent Schreimann ist
1055 1117 2788 1279 der Einzige, der für seinen Antrag
1050 1250 2793 1417 stämmt. Herr Dr. Löwenstein hat das
1045 1464 1316 1583 Wort.
1057 1570 3022 1740 Löwenstein: Meine Herren! Was der Herr
1060 1765 2837 1883 Vizedirektor hier vorgebracht hat,
1060 1910 2965 2026 dass es überhaupt vorgebracht werden
1045 2043 3025 2196 konnte ist ein Beweis,ist ein Zeichen
1060 2186 2763 2344 ich bin leider kein Redner, meine
1055 2374 1472 2500 Herren -
1067 2512 2376 2679 Schreimann: Sehr richtig!
1075 2657 2869 2808 Löwenstein: Meine Herren, ich frage
1062 2795 2919 2975 Siees handelt sich nicht nur um das
1070 2946 2970 3126 Wohl unseres Institutes, sondern auch
1075 3133 2960 3269 um seine Ehre. Und ich erkläre hier,
1075 3281 3029 3416 wer in einem solchen Moment überhaupt
1072 3404 3052 3582 nur daran denken kann uhseren Direktor
1085 3574 2923 3762 im Stich zu lassen, der als Arzt und
