3352 4056
2651 316 2847 476 270
903 349 2134 517 me geschied liene sich repéren
882 460 2959 626 sehr schnell machen,wenn man niht immer
882 621 2620 807 erst das Parlament fragen müsste.
882 776 1942 936 Herz: Lex Feuermann.
877 921 2780 1068 Flint: Vielleicht.Nun Sie persönlich
882 1112 2953 1239 haben ja die verdiente Genugtuung erhal¬
884 1254 2837 1410 ten. Man hat nie hi Sie die Mängel ei¬
874 1394 2941 1565 ner überlebten Studienordnung entgelten
877 1575 2408 1697 lassen. Guten Tag, Herr Doktor.
872 1712 2320 1903 Herz (winkt dem Feuermann ab
869 1849 2276 2007 Feuermann: Ich war so frei
869 2017 2646 2178 Herz: Schon gut, lassen Sie nur da
866 2165 1611 2330 Feuermann (ab).
