3432 4136
2706 318 2910 477 236
973 483 2855 682 möchte ich einen seelischen Konflikt
983 667 2716 824 ersparen. Er würde vielleicht aus
1000 819 2925 973 Dankbarheit für mich stimmen, weil ich
988 950 2877 1127 neulich für ihn entschieden habe und
993 1122 2872 1298 Cliquenwesen soll doch bei uns nicht
998 1291 3009 1442 einreissen. Mai ne Herren, ich bin suspen¬
995 1455 1536 1597 diert und¬
1003 1569 3037 1753 Pflugf.: Wir nehmen es nicht an, wir dür-
1003 1741 2840 1872 fen es nicht annehmen. Nicht einmal
1008 1867 2890 2064 Sie, Ebenwald, der den Antrag gestellt
1005 2039 2882 2185 hat. Sie müssen zur Besinnung kommen,
1016 2170 2802 2365 Sie Alle, meine Herren.Bedenken Sie
1033 2306 2895 2493 doch, um was es sich hier handelt. Das
1031 2450 3019 2640 ist ja alles Politik,Schwindel, Komödie
1033 2648 3029 2794 Ist denn überhaupt noch die Rede davon
1041 2789 3021 2943 wie die Geschichte anfing. Ich will Sie
1038 2898 2877 3105 daran erinnern,meine Herren und Sie
1031 3105 2996 3254 müssen zur Besinnung kommen. Ein armes
1046 3244 2994 3395 unglückliches Menschenkind liegt tot-
1048 3405 2986 3580 krank im Spital. In den letzten Augen-
1053 3552 2928 3731 blikken kommt es zu Emphorie, sie ist
