3416 4216
2564 364 2707 521 70
1045 616 2705 756 mann. Ich sehe es nämlich als einen
1042 807 2833 921 Fingerzeig des Himmels an,Herr Profes¬
2654 865 3018 984 seventen.
1052 957 2802 1059 sor. Ich bin Arzt in Oberhollabrunn.Es
1064 1083 2739 1207 ist eine Anklage gegen mich erhoben.
1052 1275 2785 1437 Fielitz: Feuermann? Ah,Dr. Feuemann.
1049 1403 2710 1517 Ich weiss schon. (liebæwürdig) Sie
2193 1469 2908 1597 Christenpe dist.
1508 1505 1750 1641 Eure
1054 1563 2850 1726 haben ein „rauenz immer umgebracht? Eine
1049 1718 1731 1847 Lehrersgattin?
1057 1803 3008 1983 Feuermann: Herr Professor, Sie sind falsch
1064 1983 2812 2162 berichtet, wenn Sie den Fall erst - Es
1062 2169 2945 2303 war eine Rathe von unglückseligen „ufäl¬
1064 2358 1343 2465 I en il
1062 2450 2821 2596 Fielitz: Ja, das ist immer.Aber solche
1062 2649 2967 2770 Zufälle würden doch nicht eintreten,wenn
1076 2792 2918 2911 die jungen Leute nicht so ohne alle 'er¬
1066 2928 2819 3064 bildung in die Praxis hinausgingen.Da
1066 3105 2850 3209 macht man mit Ach und Krach seine paar
1066 3253 2770 3367 Prüfungen und denkt Gott wird weiter
2104 3328 2232 3427 He
1076 3393 2921 3553 helfen.Aber zumallen will er nicht.
1270 3483 2053 3607 hat seive quind
1074 3551 2870 3718 Feuermann: Herr Profess or,wenn Sie mir
1091 3720 2838 3900 erlauben wollen, ich habe beinahe alle
