3368 4200
2750 399 2887 531 15
1298 455 1816 611 de.. w an hort.
978 539 3017 690 Ebenw: Ob damit viel gewonnen wäre ist noh
978 735 1451 865 die Frage.
978 825 2961 986 Hochr: Freilich. Es ist die Frage ob damit
1039 989 3101 1129 etwas gewonnen wäre. Es hat auch manches für
991 1108 2921 1269 sich, dass wir unabhängig vom Staat sind.
989 1264 2921 1404 Ebenw? Unabhänging, das stimmt ja wieder
991 1451 1615 1623 nicht so ganz
1002 1475 3117 1726 Hochr: Ja natürlich, ganz unabhängig. Im übri
1002 1689 3069 1864 gen, wenn ich mir eine Frage erlauben darf.
999 1856 2089 2049 Ebenw; Na fragens nur.
999 1948 3040 2136 Hochr: Herr Professor wissen ich hospitiere
1013 2126 2490 2300 auch auf der Abtellung Altmann.
2612 2163 2995 2284 le jeur
1930 2202 2535 2329 du Haud uit
1005 2289 2995 2453 Ebenw: ihm jovial auf den Kopf j'rifend.
1020 2427 2414 2594 Wo hospitieren Sie denn icht?
1026 2567 3056 2726 Hochr: Ich wollte mir nämlich die Frage er
259 2594 777 2818 er wllte
1034 2715 2974 2929 lauben, ob da schon was entschieden ist
301 2779 809 3003 enfange
1036 2876 2469 3067 hinsichtlich der Neubesetzung,
2900 2895 3128 3054 We
222 2950 867 3165 lieber Hoch
1047 3027 2004 3165 Ebenw- kuth Nein.
1065 3117 3194 3358 Hochr: Es wäre also auch möglich, dass nach
262 3117 880 3297 the torp. dor
1060 3241 3104 3487 Abgang YPrf- Altmanns der Doktor Wenger das
251 3220 957 3445 and for Allen,
243 3408 872 3627 at the 1st
1060 3450 2091 3651 ganze Jahr suppliert?
153 3585 978 3844 La heereson
1118 3662 2583 3894 it with him Valerassar
