3480 4248
2889 485 3011 648 50
958 637 2931 884 Mann, der auf den Tod gefasst und voll Im
961 803 2911 1017 brunst die letzte Oelung von mir emfangen
972 942 2892 1147 hatte, gesund auf der Strasse begegnete
989 1030 3219 1288 Adler: Und wer weiss, ob nicht gerade Hochwürden
1000 1208 2975 1427 es waren, die ihm das Leben wieder gegeben
1061 1443 3044 1737 Cyp ian: Ja man erlebt die merkwürdigsten
1011 1482 1313 1618 haben.
1036 1620 3017 1867 Ueberraschungen. Vor etlichen J hren behan
1039 1740 3061 2003 delte ich e.n junges Mädchen an einer Hirn
1050 1889 2917 2169 hautent zündung. Sie ja ziehen habe todt.
1210 2055 2712 2346 "Ist gebe an al Thür... Sie ist fort¬
1490 2169 2914 2474 Ain t dreit recit nie auf
881 2377 2825 2734 Vereandt Beileer einzudruck
