3496 4232
420 410 2608 675 B. Herr. und das ich viertr. vervüre.... 95
305 639 2959 927 B. H. de Bernhardt: Ich meine die Frage der Gleich¬
321 847 798 967 n'ait pas.
914 841 2800 1019 berechtigung.Anderes was Du gesagt hast
314 930 841 1076 De cet tout
341 1026 2840 1182 reiche xxx gibt mir allerdings zu denken. Was haben
364 1155 616 1307 né à
960 1145 2701 1337 die Leute vor, weisst " u was Sicheres?
960 1301 2847 1523 Cypriani Das wissen sie selbst nicht. Ich
960 1427 2817 1629 nehme an, das Kuratorium wird s ich auflö¬
970 1668 1165 1834 sen.
957 1794 2827 1966 Bernhardt: Nun so wählt man ein anderes.
947 1910 2787 2079 Unter uns, wenn man von Velt absteht, was
957 2105 2780 2247 haben die Leute für uns getan. Die Für¬
960 2224 2257 2420 stin ist ja geradezu getzig.
943 2390 2780 2549 Cypr tan: Die Namen s ind es.Ich kann Dir
530 2502 781 2770 pube
943 2535 2833 2681 zehn reiche Juden nennen,die nur deshalb
960 2674 2794 2850 einen jährlichen Bettrag geben,wetl ein
943 2860 2744 2979 Bisch of im Kuratorium sitzt.Es handelt
957 2972 2843 3178 sich um eine Existenzfrage für das Insti
957 3135 2857 3300 tut. Von den Sozialisten,Zionisten.beson¬
957 3284 2777 3479 ders von den Löberalen können wir nicht
957 3439 1235 3624 leben.
943 3535 2747 3803 Bernhardt: Und wenn ich also morgen in
953 3744 2522 3965 der von H'r vorgeschlagenen Weise
