3512 4232
2624 382 2740 532 99
965 590 2806 764 Cyprian: Ideelle Besitze werden nur im
965 747 2545 917 Grundbuch des Himmels intabuliert.
955 893 2786 1091 Löwenstein: Wir gründen ein neues Insti¬
968 1030 2760 1221 tut. Ein schöneres, ein grösseres,wo man
975 1217 2724 1357 dafür sorgen wird,dass die Filize,die
977 1325 2890 1514 Ebenwalds und noch gewisse andere Herren¬
479 1304 781 1480 7e1
999 1483 2733 1700 Cypr tan: (zu Bernhardt) Lass “ ich von
418 1512 839 1669 Meuvi.
1001 1642 2823 1797 diesem Menschen nicht verhetzen.Du bist
322 1696 687 1833 t cet
977 1824 2915 1962 nicht mehr in den Alter von vorn anzufan¬
319 1797 888 2000 de Schler,
1004 1957 2694 2158 gen. (Und es ist wahrhaft iq ke in Grund
1001 2136 2772 2291 damu aus der Sache eine Affaire zu ma¬
1006 2288 2748 2496 chen.) Du sollst ja nicht Detne Ueber¬
1009 2407 2818 2564 zeugung verleugnen, eine einfache Erklä¬
1013 2576 2893 2777 rung sollst - u abgeben, nicht mehr enthal
1016 2702 2755 2895 tend, als dass Du keine Beleidigung im
999 2890 2786 3028 Sinne hattest.Würdest nur- Du auch nur
1026 3028 2893 3176 einen "omænt zögern ein so kleines Opfer
2697 3115 2832 3198 oh
1021 3198 2835 3350 zu bringen,wenn es sich um Deinen Oskar
1018 3321 2859 3488 handel te? Und so ein Werk ist schliess-
402 3316 878 3512 him in
1028 3464 2888 3633 lich nicht viel geringeres als ein Lind.
375 3519 743 3672 wills.
334 3577 975 3764 mit den Eert
1026 3647 2784 3819 Bernhardt: Gönnt mir ein paar Stunden
322 3744 980 3940 gegen befreund.
501 3817 2443 4037 und an er nach coll's zu ferne gebe.
