3448 4184
2952 326 3076 576 85
1034 568 3150 763 Adler— Es war eine fabelhafte Diagnose Fflug.
687 592 995 768 yâter.
1042 703 3047 910 felder. immer lesend und wirklich kein
689 739 926 939 in the
1055 863 2144 1050 Albumen die ganze „eit.
1037 984 2955 1208 Kurt: Absolut nicht, es wurde täglich un
1058 1187 1495 1339 teraucht.
1479 1224 2913 1466 immer lesend x wie gehts denn
1026 1324 1379 1500 Adler :
1058 1410 2810 1616 Ihrem Papa?, den sieht man überhaupt
1063 1545 2821 1745 nicht bei uns unten. Seit der Otitis
1066 1658 2855 1889 im vorigen Jahr mit dem Gehirnabscess
1113 1784 3079 2047 Kurt : Ja zwischen der Ohrenheilkunde und
1092 1942 3168 2192 dem Seciersaal sind die Beziehungen gespannt
1858 2008 3184 2168 and [illegible]
1102 2068 3210 2287 Adler: Dafür wird ihnen auch keiner gesund,
2216 2171 2742 2260 immer in or
2644 2205 2908 2297 immer
1095 2260 2350 2437 so gleicht sich alles aus.
1129 2294 3152 2571 lesend wie nur acht Tage war sie beu Ech!
1118 2442 3213 2771 Kurt: Vorher ist sie beim Professor Ebenwald
1150 2663 2376 2889 gelegen, drei Wochen lang.
1150 2755 3108 3052 Adler: Ja richtig. Ohne jemandem nahe zu
387 2723 960 2892 Vielleicht lobl
403 2850 1074 3015 de ces : lui ouille
1155 2873 3192 3179 treten, ich hätt doch operiert! Ja da kann
318 2984 903 3163 till opeent
1160 3021 3244 3286 man sagen was man will, als Diagnostiker ist
2405 3129 2776 3221 Reuila
1181 3200 2831 3434 er ersten Ranges der Herr Direktor.
1176 3284 3176 3573 Kurt  (lächenld) was will man denn sagen?
1160 3521 1966 3723 Kmiters jetzt
