3464 4232
2712 362 2852 477 54
1012 517 3002 686 in ärztlicher Funktion anwesend und es
1025 683 3010 887 gehört zu meinen Pflichten den Kranken
1254 754 2995 902 wie nicht ander und in meine Krath
1025 846 2969 1007 so weit es möglich ist einen leichten
1040 974 2641 1175 glücklichen Tod zu verschaffen.
1035 1157 2923 1292 Pfarrer: Ein glückliches Sterben? Es
1050 1297 2974 1455 ist wahrscheinlich, Herr Professor, dass
1045 1420 3058 1624 wir darunter verschiedene Dinge verste-
1048 1578 3066 1756 hen. Ich nenne es kein glückliches Ster¬
1060 1733 2992 1912 ben, wenn solch ein armes Geschöpf da¬
1063 1896 3015 2103 hingeht (ohne den Empfang der heiligen
1060 2075 2872 2279 Sakramente ohne mit ihrem Gott ver¬
1083 2256 1817 2388 söhnt zu sein.
1985 2256 2273 2409 glaube
1083 2368 3030 2533 Bernhardi: Ich versichere Sie, Hochwür¬
1552 2454 2691 2577 ne schul ist derart mir
1093 2513 3094 2704 den, sie bedarf dieser Versöhnung nicht.
2103 2590 2727 2704 nous du libres le
1091 2661 2979 2875 Pfarrer: Nachdem, was ich höre bedarf
1099 2811 3153 3010 sie vieleicht der Absolution vielleicht
1099 2969 2523 3140 mehr als irgend ein anderer
1114 3115 2911 3336 Bernd rdi: Sind wir nicht allzumal
1119 3316 2072 3461 Sünder, Hochwürden?
1132 3436 3076 3637 Pfarrer: Das gehört wohl nicht hieher
