3400 4136
2674 351 2865 492 244
918 487 1909 685 Pfarrer. Bernhardi,
961 685 2762 830 Bernhardi: Sie sind es,Hochwürden?
973 830 2993 1004 Dieses Besuchs war ich nicht gewärtig.
1029 988 2923 1172 Pfarrer: Ich will Sie nicht lange in
973 1144 2767 1300 Anspruch nehmen,Herr Professor.Ich
1144 1249 2042 1357 cette cie de cela luy
971 1289 2840 1450 komme nur Ihnen die Hand zu drücken,
971 1438 1841 1596 Bernhardi: (Hier?
2080 1465 2245 1608 or
988 1608 2852 1774 Pfarrer: Ich wollte es schon im Ge-
973 1769 2968 1902 richtssaal tun aber es war leider kei¬
986 1907 2975 2052 je Gelegenheit mehr dazu. Ich vermochte
976 2047 2975 2200 Sie nicht mehr zu finden. Sie waren so
991 2188 2183 2361 plötzlich verschwunden.
986 2366 2002 2551 Bernhardi: (lächelt
988 2531 2822 2707 Pfarrer: Sie glauben mir nicht,Herr
991 2687 1528 2830 Professor?
988 2815 2983 2973 Bernhardi: Werden Sie es mir übel neh-
986 3005 2735 3143 men, wenn ich es für möglich halte
988 3159 2980 3271 dass trotz Ihres Bedürfniss-es mir die
986 3276 2920 3470 Hand zu drücken,mein Verschwinden Ih-
978 3439 2253 3618 nen nicht ungelegen kam.
996 3598 3010 3803 Pfarrer: Sie haben meine Aussage gehört
