3384 4088
2822 190 3057 393 O4
425 362 2978 672 Gauhl. In dieser Bemerk, dess Mestraim! -
314 587 2740 882 t avec - Gropier huituit casse si lesse.
346 828 2397 1018 Ich habe nicht es leicht schelt. e.
377 945 1459 1145 Et fimit besse
342 1078 1973 1357 Eben. Professor & Jerusalem.
457 1268 1354 1484 Sr. Oe sopet
571 1338 3000 1627 Vers de cniss au andersent tepefers
381 1573 2727 1884 F. Dunstein wieder mit den am
564 1833 1180 2014 Briefe
603 1884 2959 2248 with an awaym - Jute Alle Fem
482 2128 2835 2413 Aus der Heidenleureit. Gelt ist deil in
469 2363 2870 2600 das Elisat gebracht hat.  heg -  ik on
587 2458 2772 2784 ein Tuhrer der Rentst hilieb
568 2651 3006 2975 of that weame their Seits. Aber nesulies
1605 2848 2531 2994 Und des ist ist
504 2911 2813 3181 & gibt Au matiner.övig hintd her
669 3136 1671 3377 voil R. E. sein
717 3304 2677 3593 Ich nurp die telle, aus da mit
482 3374 609 3555 1.
682 3425 3079 3790 wishalte... Es a doit deux Überses
