3496 4136
2861 381 3048 526 122
1114 553 3051 743 anderer Menschenleben,die später mei-
1957 675 2612 783 Kirch. noch
1117 710 3053 872 nem ärztlichen (Scharfblick) anvertraut
1608 780 3190 942 konnte Tk. - Verlübte witt entlehre.
1122 870 2851 1032 waren. Ich brauchte Skoda, denn ich
1124 1012 3053 1184 wollte etwas erreichen. Ich wollte eit-
1276 1139 1645 1246 Whorel
1132 1122 3008 1324 was erreichen, um meiner Begabung, die
1139 1333 3026 1481 wohl auch Bu nicht leugnen wirst den
1770 1403 2964 1533 Baum hat ich jetzt morgen
1132 1466 3093 1645 nötigen Spielraum zu gewinnen. Auf das
371 1426 987 1640 in habe an Herrn
404 1575 890 1767 Ergellert
1097 1598 3103 1844 Wesentliche kommt es an. Es will nicht
439 1720 905 1874 Wagner
1152 1815 2891 1942 viel besagen sich in irgend einem
364 1825 1019 2004 stöcke lassen.
1670 1897 2136 1999 ou sseilnt
1144 1912 3106 2121 Einzelfall korrekt zu benehmen Auf die
299 1939 1019 2114 zu bewirr nicht.
1199 2086 3086 2256 Möglichkeit des Wirkens kommt es an,
1102 2201 3001 2445 (auf den weiten Blick) Mit demselben
1558 2350 2186 2463 ne para vie.
1169 2383 3106 2567 Recht/wie mich könntest Du etwa einen
1259 2520 1854 2625 Staatsmen
1176 2540 3133 2699 Politiker einen Mörder nennen, der sich
1174 2697 3093 2854 genötigt sieht zum Wohl des Vaterlan-
1174 2859 3106 3028 des einen Krieg zu entfesseln. Und es
1176 2984 2956 3180 ist mir sehr interessant und nicht
1184 3160 3023 3360 ohne Bedeutung (für den weiteren Ver
1189 3290 3118 3497 lauf unserer Unterhaltung, dass Du je
1184 3482 2989 3649 nen längst Verstorbenen aus seinem
