3464 4168
2835 457 3007 596 183
1351 572 3019 791 ein öffentliches Institut ist nicht
1339 815 2866 929 nur sich selbst, sondern auch der
1348 939 3104 1163 Oeffentlichkeit gegenüber verantwort¬
1341 1070 3071 1308 Ich. (Worauf kommt es an? Wir wollen
1348 1203 2397 1394 unser Institut retten.
1082 1337 2997 1601 Cyprian: Es ist noch lang nicht verloren.
1072 1546 2966 1765 Ebenn. (Es ist verloren in dem Augenblick.
1353 1663 3059 1887 wo wir kein Geld haben. Meine Herren.
1360 1858 2976 2004 wir brauchen das Kuratorium und es
1365 2018 3031 2135 wäre sträflicher Eigensinn,wenn wir
1370 2173 2992 2282 statt hier über othische Fragen zu
1372 2261 2907 2433 disputieren, über die wir ja alle
1382 2483 2997 2583 einig sind, nicht lieber über einen
1363 2554 2992 2737 — Modus berieten, wie man das Kurato
1384 2768 2914 2892 rium zur Rücknahme der Demission
1384 2866 2966 3071 bewegen köntte ( Unruhe) — Es wäre
1394 3045 3007 3190 unklug ja unverantwortlich,wenn wt
1396 3243 2871 3378 ja schnöde gegen unser Institut
1396 3409 2838 3586 gehandelt, wenn wir uns mit dem
1396 3490 3083 3674 Herrn Direktor soltdartsch erklären
1406 3650 2921 3786 würden in einem Moment,wo er das
