3416 4120
2736 402 2931 549 242
1094 521 2776 747 chen sie so viel Sie wollen. Ein
1080 704 2923 899 Buckerl vor Ihrem Klientel und zwei
1087 883 2919 1009 vor Ihrem Gegner. Eine saubere Tak-
1087 1025 2990 1151 tik meinerseel. Wenn man Ihnen so zu-
1092 1166 2774 1361 gehörthat,Herr Doktor,hat man ja
1094 1351 2897 1487 wirklich glauben müssen,dass sämmt-
1094 1489 2992 1613 liche religiöse Gefühle aller gläubi-
1082 1634 2962 1791 Katholiken der Welt, von Seiner Hei-
1087 1832 2966 1948 ligkeit dem Papst an bis zum Betbru-
1085 1953 2964 2072 der im kleinsten Dorf durch das Vor¬
1085 2112 2988 2246 gehen Bernhardis verletzt worden sei.
1939 2198 2062 2276 and
1087 2267 2916 2441 en und dass seine Entschuldigung nur
2657 2343 2897 2443 dni 1.
1085 2407 3000 2519 darin bestände, dass er es sich vorher
1399 2505 1658 2607 recht
1082 2583 2835 2747 nicht auchüberlegt hatte. Von dem
1085 2712 2973 2902 Pfarrer haben Sie gesprochen als hät-
1085 2847 2997 3061 te ihn Gott persönlich in jedes Kran-
1080 3016 2976 3192 kenzimmer gesandt,um dem Himmel eine
1080 3176 2976 3364 arme verlorene Seele zu gewinnen,und
1092 3297 2921 3518 könnte sich nun nicht genug darüber
1092 3475 2893 3694 trösten, dass sie ihm entgangen war.
