3416 4104
2775 386 2922 528 81
1005 518 3011 701 Löwenstein: Wahn? Uebrigens akzeptiere
995 701 2912 876 ich den Vorwurf noch lieber als wenn
998 850 3034 995 man mir sagte, ich hätte den Sicherheits
995 988 2955 1191 wahn, an dem so viele meiner Rassenge¬
990 1165 2902 1305 nossen laborieren. Ha es gibt keinen
985 1323 2920 1521 Antisemitismus! Und glauben Sie denn,
980 1434 2894 1587 Herr Hochroitzpointner hätte sich in
982 1599 2874 1777 seinen religiösen Gefühlen beleidigt
975 1792 3003 1922 empfunden, wenn zum Beispiel Sie, Profes-
970 1927 2925 2054 sor Fielitz, den Herrn Pfarrer ersucht
962 2074 1813 2224 hätten eine arme
1853 2094 2932 2229 Kranke ruhig sterben
962 2199 1521 2384 zu lassen?
967 2397 2318 2534 Fielitz: Ich muss bitten -
965 2511 2894 2678 Löwenstein: Oh, ich kenne diese Leute.
962 2686 2986 2838 Wissen Sie,wer dieser Hochroitzpointner
952 2859 2805 3029 ist? Soll ich Ihnen eine Geschichte
949 2993 1861 3171 von ihm erzählen?
934 3123 2904 3341 Fielitz: Aber dieser Mensch spielt ja
942 3331 2889 3519 die geringste Polle in der Angelegen-
924 3478 1219 3610 heit.
942 3595 2947 3775 Löwenstein: Wieso die geringste Rolle?
