3336 4040
2659 321 2856 497 269
899 487 2982 665 Sie haben böse Tage hinter sich, aber nun
902 692 1123 863 ist
1160 689 2159 836 a alles wieder gut.
899 826 2317 949 Feuermann: Das ist leider -
899 970 2890 1120 Flint: Und es wird Sie gewiss interes-
902 1110 2943 1276 sieren, dass gerade im Anschluss an Ihre
413 1197 828 1339 nelleicht
347 1304 847 1465 dent rue
897 1281 2893 1420 Affaire eine gründliche Reform der me¬
308 1407 810 1594 gumpken
902 1446 2885 1583 dizinischen Studienordnung in Erwägung
216 1525 771 1707 dens hie
902 1610 2932 1733 gezogen wird. Es geht wirklich nicht an,
289 1662 721 1857 Alfoir
899 1752 2964 1917 dass die jungen Leute sofort nach Absol¬
902 1888 2833 2059 vierung ihrer Rigorosen in die Praxis
897 2036 2977 2207 hinausgehen.Uebrigens eine alte Idee von
886 2254 2764 2349 mir:Die obligaten zwei Spitalsjahre.
897 2367 2946 2525 Feuermann: Janohl,Exzellenz, auch Profes¬
886 2525 2877 2638 sor Filitz hat in seinem Gutachten da¬
884 2683 1778 2835 rauf hingewiesen
884 2801 2964 2946 Flint: Ja, ich sagte schon, eine alte Idæ
889 2967 2959 3135 von mir.Die ganze sache wird wahrschein
884 3156 2998 3264 lich bald auf kurzem Wege, auf administra-
902 3290 2964 3427 tivem sozusagen, zur Tat werden.Uenbahupt
878 3416 2825 3595 Ueberhaupt es liessen sich alle Dinge
