3512 4136
248 349 780 585 25.1.1912.
2863 370 3058 521 122
1073 557 2005 764 Bernhardi - Flint.
1119 658 3017 873 Bernhardi: (ist ihm bis zur Türe ent-
1129 848 3111 1099 gegengegangen, verbeugt sich leicht im
1119 1033 2779 1167 nisch etwas zu tief) Exzellenz -
1137 1144 2820 1385 Flint: (absichtlich leicht) Guten
1131 1278 2888 1531 Abend,Bernhardi (nimmt seine Hand)
1134 1473 3169 1633 Wir haben uns lange nicht gesehen.
1182 1612 1607 1714 gerperte.
1144 1595 3113 1835 Bernhardi: Doch erst vorwenigen Wochen
1147 1779 2746 1931 in der Gesellschaft der Aerzte.
1144 1896 2924 2119 Flint: Ja, ja, aber gesprochen sehen
1159 2103 2812 2303 lange nicht, so privat meine ich.
2253 2192 2625 2303 heilen
1142 2197 3108 2415 Bernhardi: Ja, das ist schon recht lan¬
1159 2344 3038 2554 geMher.Willst Du nicht Platz nehmen?
1159 2514 2992 2708 Flint: Danke, danke. (Sie setzen sich
1149 2703 2881 2946 an den kleinen Tisch.Er sieht um
1157 2913 1428 3086 sich)
1154 2972 3081 3184 Bernhardi: Hier hat sich wenig verän-
1164 3146 3055 3356 dert seit den dreizehn oder vierzehn
1172 3311 3096 3503 Jahren, da ich das letzte Mal das Ver-
1167 3480 1893 3766 gnügen hatte —
