3384 4024
2462 263 2643 413 254
1217 403 2908 610 Gegaer genommen zu haben. Ich nehm es
1222 567 2835 718 auf mich.Denn im praktischen Leben
1233 746 2823 893 bedeuten Ueberzeugungen gar nichts
1238 879 2952 1039 und Leistungen alles. Seiner Ueberzou¬
1236 1027 3023 1215 gung treu bleiben ist die höche te Form
1238 1184 2929 1334 der Eitelkeit und Du irrst Pich,wenn
1222 1334 2891 1494 Du glaubst, dass mir Deine Charakter
1243 1496 2830 1630 stärhe „die auch nichts anders ist,
1252 1665 2936 1813 irgendwie impontert.Denn läge Dir so
1245 1792 2856 1970 viel an Deinem von Dir gegründeten
1245 1967 2844 2085 Institut wie mir an der Gestaltung
1243 2108 2816 2249 des Unterrichts in Oesterreich,Du
2176 2202 2497 2310 inceeple
1201 2254 2964 2422 würdest nicht zögem heute die dagebo-
1262 2413 2343 2568 tene Hand zu ergreifen.
924 2577 2809 2699 Bernhardi: Ich bin vielleicht doch nicht
1257 2687 2807 2842 so eitel als Du glaubst. Ich weiss
1264 2866 2905 3016 das Eli abetinum ist heute so wett.
1271 2990 2880 3166 dass es auch unter einer Direkt ton
1259 3175 2969 3323 Ebenwald florteren wird und sehe ich
1273 3290 2882 3548 das rechtig mit an als dass ich mich
1280 3499 3037 3630 vor mir selber schämen müsste. Und toh
