3400 4216
2978 372 3132 568 17.
987 548 2939 761 aber recht lebendig. Freilich... aber ich
979 688 3076 881 darf mir nicht erlauben über eine künftigen
993 881 1283 1015 Chef...
993 970 3065 1194 Ebenw: "Na-as denn? Das ist aj ein Privat
252 987 872 1197 heere Meester
995 1118 2911 1323 gespräch. Wr könnten ebensogut drüben im
196 1155 828 1365 Ehef' bort
2914 1169 3191 1286 un in
2072 1236 2497 1334 bei handl
995 1286 3246 1502 Riedhof an einem Tisch zusammen sitzen / Was ich
266 1306 906 1516 sa veille est
1004 1418 2430 1644 haben Sie gegen Doktor Venger?
235 1426 870 1636 Sibilder. Su
1963 1468 3207 1616 nerein da Volkesalien.. Sollle ich
1012 1580 2953 1784 Hochr: Ich hab nichts gegen ihn Ich meine
243 1563 842 1795 avait ouil
861 1689 965 1826 P.S
1009 1764 1672 1932 nur seine Art
266 1753 501 1997 le
1035 1860 2178 2097 benw: Na also was denn?
1032 1980 2984 2206 Hochr: So etwas präpänderant ist er halt
1037 2159 2371 2371 manchmal in seinem Benehmen.
1619 2164 3185 2388 nog. ds est abc. une ci uniel de G. et
1040 2287 3177 2550 Ebenw: Aha. Kurz das was mein Vetter, neulich
1060 2422 3051 2634 in einer Rede den Jargon der Seele genannt
1063 2662 1272 2788 hat.
1077 2662 3260 2925 Hochr: Der Abgeordnete Ebenwald ist Ihr Vetter
1074 2866 2450 3065 He r Professorstrich & nd
1138 2970 2477 3230 Ebenw: Ja nen mein Vette.
1107 3115 2947 3350 Hochr: Jargon der Seele. Ausgezeichnet
