3464 4168
2723 401 2923 578 252
1024 558 3042 763 ja, dass sie auch schweigen, wenn es sich
1017 717 2867 885 um etwas mehr handelt xxx als um das
307 854 781 1085 Pfarré. ac.
1014 892 2968 1057 Wenige, das hier auf dem Spiele steht.
1093 1032 1247 1118 in
1014 1032 2956 1194 Aber manche von Ihrer Art,Hochwürden,
1017 1164 2867 1351 haben auch schweigend Leute auf den
1009 1371 2953 1524 Holzstoss steigen sehen,mit denen sie
1019 1536 2543 1668 innerlich eines Sinnes waren.
1017 1691 2963 1810 Pfarrer: Vielleicht, ja, gewiss und das
1019 1843 2915 1960 ist unsere Kraft. Denn Zusammengehö¬
1556 1934 1838 2028 Jahres
1017 1970 2854 2150 rigkeit ist in unserem Stande nicht
1017 2102 3037 2276 Tugend, sondern Grundbedingung. Ich muss
1017 2287 2913 2408 den, der über mir ist,anerkennen,audh
431 2411 733 2576 locein
1006 2436 2951 2576 wo ich ihn im Unrecht weiss,denn tue
451 2565 674 2745 Bois
1017 2598 3012 2771 ich es nicht, so ist schon dadurch mein
1014 2748 2968 2892 Unrecht grösser als das seine. Der Ge
373 2821 738 2979 Stadt
1017 2913 2910 3034 horsam ist es, der uns unüberwindlich
365 2948 880 3093 nicht etwasam
1009 3012 3042 3202 macht. Sind auch Sie an dasen aufge¬
345 3072 918 3230 des et vin est
1019 3194 3039 3331 Bernhardi: Damit mögen Sie ja Recht ha-
1014 3331 3047 3521 ben aber es gab Bekenner Ihres Glaubens,
1017 3483 2936 3701 die es gewagt haben sich aufzulehnen,
