3464 4232
2906 528 2985 615 2
882 601 2879 767 Schwester Ludmilla Dru. Hochroitsponter.
1037 822 2882 966 Schwester eben an einem der Schränke be
1037 971 2343 1097 schäftigt, den siemzusperrt
1118 1045 1842 1132 m m m m r og jusquʼau moins toutes aveu-
1029 1105 3214 1214 Hochr- (kommt aus dem Krankensaal mit Papieren
2294 1186 2623 1219 muuvaaammeinen maa-
2163 1189 2264 1225 ouonn
1758 1241 3018 1328 ist ein mittelgrosser, kor
1040 1265 1736 1361 in der Hand. Er
1499 1320 2797 1401 (3) M rue de la Mlle Dʼœur maissez moins et très de lʼécretaire, mais elle
1216 1366 1480 1418 * / r
1053 1372 3151 1532 pile ter junger Mensch mit kleinem Schurrbart
2819 1440 3129 1540 Gewesen
1826 1486 2071 1524 ou lʼauteur sérieusement avec
1660 1491 1744 1529 mais
1050 1527 3140 1674 geschniegeltem Haar, einigen Schmissen. Kou
1486 1641 2071 1695 *... -.. *.. ou «.. nouveau wenn aufgenommen
1050 1701 2754 1812 leurstudent. Er geht zum Tisch hin.
1050 1793 3140 1943 Schwester Ludmila (zu ihm) (" Suchen Herr Dok
1053 2014 1557 2112 tor etwas!
1510 2090 3148 2221 im Protokoll blätterd   Wissen Sie
1059 2150 1480 2275 Hochr:
2248 2215 2335 2286 J
1064 2223 3143 2378 vielleicht Schw ster ob eine Anzeige gemacht
1067 2335 3197 2523 worden ist, xxx megen der (Person die mit
1064 2512 2046 2686 Sepsis da drin (liegt)
1750 2574 2792 2732 servis Heudalr. es
1121 2640 3268 2808 Schwester: Naturlich ist eine Anzeige an die
1206 2659 1358 2724 "
1080 2773 3208 2958 Direktion gemacht worden, mede Vorschrift ist
1083 2934 3195 3102 Hochr: Na ja, das will nicht viel sagen, da
1091 3078 3241 3293 unser Chef selber der Direktor ist. Ich möcht
563 3148 737 3241 4ly
1108 3227 3168 3402 wiesen oh die Anzeige von der Direktion
710 3197 803 3312 by
1265 3236 1461 3336 Aber
1611 3366 1946 3456 an seine
1110 3393 2659 3551 auch weiter geleitet worden ist.
1208 3524 3040 3695 Schwester: Das weiss ich nicht. Ich
