3480 4152
2706 374 2904 526 250
949 536 2927 757 Sie im Rechte waren mich an der Erfül-
959 680 2947 931 lung meiner geistlichen Pflicht zu hin-
959 834 2906 1047 dern, so hätte all mein Bemühen nichts
972 1018 2983 1206 genützt die Frage auf den Einzelfall zu
967 1162 2857 1370 beschränken.Unsere Feinde, die Feindes
975 1311 2806 1493 der Kirche hätten den Fall in jeder
977 1480 2911 1654 Weise zu ihren Zwecken ausgenützt, als
988 1608 2919 1790 ein Abtrünniger, als ein Verräter wäre
985 1747 2883 1998 ich dagestanden und hätte vielleicht
988 1926 2937 2103 unserer heiligen Sache unermesslichen
982 2106 2998 2285 Schaden zugefügt, um der kleinlichen Ge
985 2250 3006 2439 nugtuung willen in einem geringen Fall
990 2416 2993 2570 meiner Ueberzeugung Ausdruck zu geben.
998 2514 3024 2714 Bernhardi: Ein Abtrünniger,wenn Sie die
1008 2686 2993 2868 Wahrheit gesagt hätten? Das können Sie
2165 2819 2414 2909 Mr J
1018 2873 3016 3029 selbst nicht glauben. Hätten Sie Ihrem
1008 2996 2963 3193 Botte nicht besser gedient,wenn Sie's
1023 3137 3014 3340 gesagt hätten, ja wenn Sie allelei Un-
1011 3296 3019 3514 annehmlichkeiten und selbst Verfolgun-
1034 3432 3096 3660 gen auf sich genommen hätten? Un
1234 3622 1416 3699 sent
1036 3591 3022 3789 Pfarrer: Ich bin Priester,Herr Profes-
