3464 4120
2756 395 2956 625 173
1089 537 3068 782 Prachtkerl ist er doch, ehrlich und gü-
1089 740 3051 932 tig und was er für dieses Institut ge¬
1097 892 2976 1072 leistet hat, das ist enorm.meine Her-
1079 1057 3043 1234 ren. Zehn Jahre seines Lebens, ich ver-
1072 1182 1772 1379 sichere sie,-
1072 1359 3016 1547 Ebenwald: Wie wollen Sie denn das be-
1059 1504 1509 1639 rechnen?
1067 1634 3051 1822 Pflugf.: Gut. Sehen wir von all dem ab
1057 1832 3061 1987 der Fall liegt doch sonnenklar.Sie wie
1052 1977 3066 2136 sen das geradeso gut wie ich. Bernhard
1042 2126 2844 2304 hat sich tadellos benommen. Er war
1037 2254 2891 2446 dem Pfarrer gegenüber vollkommen im
1034 2426 2949 2626 Recht. Die Hetze, die jetzt gegen ihn
1024 2576 2966 2736 anhebt, ist Heuch elei, klerikale Machi-
1027 2709 3001 2909 nationen. Und Sie sind doch nicht kla-
1027 2864 2991 3066 rikal,Ebenwald? Sie sind doch deutsch.
1022 3018 2874 3181 Ein alter deut cher Student. Na,und
1024 3191 2961 3366 was sind denn die deutschen wugenden,
1017 3338 2949 3508 Ebenwald? Ueberzeugungstreue,Mut,Ehr-
1017 3473 2906 3696 lichkeit. Habe ich noch eine verges-
