3496 4216
2687 473 2811 602 94
1223 803 2499 1000 versität sein, besser noch —
347 897 1101 1124 L. T. C. D.
1155 956 2916 1188 Bernhardi: Genug, genug. Das wird mich
403 1101 897 1274 put a are:-
1223 1148 2502 1305 wahrhaftig nicht bestimmen.
1206 1260 2879 1513 Löwenstein: Bravo,Bernhardt,und s te
1232 1464 2043 1591 bewegt sich doch!
1230 1577 2844 1733 Cyprin: Löwenstein,mir tut es nur
1242 1696 3029 1900 leid, dass Dir die Sache nicht passiert
1253 1883 2895 2061 ist, ich möchte wissen, ob Du Dich so
1237 2029 2930 2218 lange bitten liessest.- / Im Uebrigen.
1244 2171 3055 2387 hast Du schon je in Deinem Leben einem
1251 2331 2628 2528 Pfarrer den Eintritt versagt?
1256 2474 2945 2670 Läpenstein: Ach Gott, ich bin Hinder¬
1277 2699 1525 2811 arzt.
1272 2778 2956 2966 Bernhardt: Also was fl int anbelangt
1277 2933 3160 3139 nem, eigentlich ist es ja zum Totlachen.
2047 3078 2816 3308 Schon dass Fl int
1286 3113 2005 3279 Die ganze Welt.
1284 3275 1893 3448 Minister ist
