3448 4232
2539 462 2702 663 166
1228 661 2949 860 ich zur Tagesordnung schreif, erlaube
1247 819 2841 990 ich mir im Namen des Elisabet inums
1242 974 2869 1144 unser neues Mitglied, das heute zum
1244 1121 2768 1299 ersten Mal einer Sitzung unseres
1224 1276 2949 1434 Kollegiums betwohnt, und gleich einer
1244 1416 2921 1592 ausserordentlichen, aufs Herzlichste
1244 1585 2862 1738 zu begrüssen.Gestatten Sie mir zu¬
1265 1743 2859 1894 gleich die Hoffnung auszusprechen.
1265 1892 2885 2054 dass sich Herr Dozent Dr.Wenger in
1270 2040 3024 2205 unserer Mitte wohl filhlen xxx und in
1272 2155 3015 2358 setner neuen, verantwortlicheren Stel¬
1274 2326 3116 2500 lung wetterhin seine-Tælent-Gelegenheit
1283 2498 2894 2665 finden möge seine Pflichttreue und
1292 2654 2853 2814 sein Talent,dte er schon so lange
1286 2777 2983 2955 als Assistent unseres verehrten Kol¬
1288 2939 2965 3118 legen Prof. Altmann bewährt hat unse
1297 3095 3056 3248 rem Institute zur Verfügung zu stellen
1299 3248 2939 3418 Ja sie noch weiter auszubilden und
1308 3408 3029 3617 sich zu dem zu entwickeln,was natür-
1308 3539 3024 3719 lich jeder einzelne von uns ist, eine
1304 3667 2976 3912 Zierede unseres Institutes. (Eisiges)
