3464 4232
2600 470 2776 624 137
1102 665 2917 782 Fach,haben beim Militär keine Zeit ge¬
1107 831 2909 959 habt all das zu verfolgen. Aber jammer¬
1115 961 2965 1074 voll ist doch,wie sich Altmann benommen
1107 1092 2871 1258 hat, der Chef gegen seinen Schüler, der
1120 1227 3019 1393 ihm nebst bei (alle seine letzten Arbeiten
2390 1329 3034 1488 dais perder ht
1135 1414 2365 1570 gemacht hat - unglaublich.
2518 1426 3047 1603 doit n'ebe
872 1549 2664 1692 Ebenw.: Sie staunen?  Als doit aber
297 1516 831 1723 Sazen tiödt
327 1656 769 1861 Herrn Prof
877 1705 2929 1838 Pflugf.:Staunen? Aber keine Idee.Ich hab es
309 1823 718 1953 Allewor
1130 1833 3016 2007 dem Altmann übrigens ins Gestoht gesagt.
1120 2009 2784 2163 Wissen Sie was er mir erwidert hat?
1115 2173 2881 2326 Er finde Wenger menschlich nicht vor¬
355 2270 895 2482 Dr. Nichtse
1130 2285 2986 2538 nehm hiemit er ja vielleicht recht haben
391 2426 910 2635 unverkt:
1132 2449 2929 2643 könnte.Sei tes Gewächs, menschliche Vor¬
1130 2597 3037 2776 nehmhait.Aber Altmann als Richter,- M,d
2791 2674 3124 2804 gebt viel
1132 2758 2942 2906 Wenn man nur nach der menschlichen Vor¬
1130 2873 3039 3057 nehmheit Stellen besetzen wollte, da muss
1120 3091 2978 3246 man ja noch froh sein,venn einer venig-
1148 3223 2991 3382 stens was kann,was arbeitet.Und ein Ar¬
1143 3349 2914 3515 better ist er, der Wenger. Und schliess¬
475 3287 989 3561 Wollebens
1350 3471 2561 3579 in cherelisd in Fall der hba
1140 3517 2820 3663 lich kann einer ein Schuft sein und
452 3540 851 3730 un selb
1138 3617 3004 3865 seinen eigenen Vater umbringen und doch
