3496 4232
2547 572 2675 705 97
840 653 1194 818 Bernhardi
882 739 2636 965 Cyprian: Ich habe zwar allen Grund zu
892 926 2761 1093 bezweifel, dass diese Miss-erständen isse
892 1091 2675 1243 durch sachliche oder auch nur ehrliche
874 1226 1474 1439 Erwägungen -
872 1425 2380 1597 Cyprian: Na wenn Du so anfangst.
865 1545 2803 1724 Lü enste in: Er kann nicht anders, ich
882 1714 2790 1845 hab's ja gewusst Und wenn er seine Stel¬
867 1864 2702 2071 le niederlegt, so geh ich auch.Ich blei¬
874 2021 2766 2191 be keinen Augenblick länger am Elisabeth
862 2198 1073 2311 num.
870 2326 2650 2496 Cyprian’ Du hast leichtl reden.Du bist
882 2515 2655 2640 später dazu gekommen. Bernhardt und ich
543 2616 766 2731 ouvert avec les
860 2660 2665 2771 haben das Institut vor fünfzehn Jahren
540 2712 673 2776 le dernier avec les
862 2810 2699 2987 gegründet als junge Dozenten.Unser Werk
865 2943 2685 3065 ist es.Gegen Anfeindungen und Intriguen
852 3083 1994 3215 haben wir es verteidigt.
860 3250 2589 3360 Bernhardi: Ich wundere mich nur - wer
867 3397 2554 3562 spricht denn von Stelle niederlegen?
855 3576 2771 3751 Cyprian: Nun, wenn das Elisabet inum wetter
855 3726 2825 3896 bestehen soll kann das im weiteren Verlauf
855 3874 2692 4070 der Angelegenheit nicht ausbleiben. Wenn
