3608 4104
2961 379 3101 578 82
1187 450 3235 692 Er hat das Ganze denunziert,er hat sich
1182 669 3004 846 hinter Ebenwald gesteckt. Oh, diesen
1182 809 3189 994 Menschen kenne ich..Wie er ein junger
1170 968 3149 1136 Student war vor zehn Jahren vielleicht
1182 1111 3192 1310 und ich Assistent bei Herterich, da lag
1182 1279 3215 1449 er auf der Studentenabteilung mit Schar
1187 1427 3078 1632 lach. Ich war sein behandelnder Arzt.
1176 1592 3087 1768 Vier Wochen lang lag er dort, täglich
1170 1737 3198 1916 zwei oder dreimal habe ich ihn besucht.
928 1896 3212 2087 Und Wissen Sie, was passiert ist, als ich ihn
2321 2039 2759 2141 Genesung
1165 2064 3033 2238 am Morgen nach seiner Entlassung im
1159 2218 3078 2392 Garten des Krankenhauses begegönete?
1162 2372 3112 2520 Er grüsste mich nicht, kr sah mich an,
2241 2497 2551 2605 conleur.
1785 2494 2027 2611 mit
1165 2546 2873 2708 er lächelte,hob seine Kappe, sein
1162 2699 3201 2924 schwarzrotgoldnes Band und grüsste mich
1150 2876 1503 2987 nicht,
1119 3055 2813 3269 das simple anderom ileter
1418 3229 2702 3423 ohne in 3. eks der 4. -
1543 3386 2825 3568 Iil hebe haben will davon
1583 3525 2309 3653 certainly.
