3336 4088
2636 417 2811 573 121
1020 720 2815 892 Recht behalten in einem Fall oder nur
1043 876 2895 1041 das Recht behalten wollen um jeden Poets
1043 999 2855 1204 es Dir unmöglich machen kann in hundert
1043 1197 2806 1316 anderen wichtigeren Recht zu behalten.
1046 1339 2028 1504 Ja Recht zu schaffen.
1649 1423 2166 1539 trou avec
1041 1488 2904 1670 Bernhardt: Du denkst an einen bestimmten
1041 1665 1299 1779 Fall?
1050 1781 2848 1940 Flint: Ja, das tu ich IDie Sache, die neu¬
510 1858 836 2026 Aar que
1046 1933 2850 2066 lich auf Deiner Abteilung rasstert ist.
1053 2082 2860 2268 Oh, ich weiss, dass Du von den besten Ab¬
1055 2226 2378 2396 sichten besselt warst,aber -
1053 2371 2923 2555 Bernhardt: Nun, was sollte ich tun Detner
1057 2557 1679 2708 ans loht nach?
2480 2611 2895 2746 dit tal u
1067 2669 2464 2834 Flint: Eine Erklärung abgeben.
1809 2729 2687 2876 ni leur cespeche
1062 2853 2781 2981 Bernhardt: Dazu war ich entschlossen.
1726 2911 2941 3013 mich. das er alle gut!
1060 2992 2275 3167 Nun bin ich es nicht mehr.
1069 3141 1700 3270 Flint: Warum?
1067 3284 2739 3421 Bernhardt: Ich könnte sagen, weil es
1076 3407 2944 3565 nichts mehr nützte. Aber das stimmt nicht
1090 3542 2911 3749 ganz. Ehewald war eben da.Es soll eine
