3432 4200
2475 505 2661 674 179
1133 632 2976 876 eine sehundäre Rücksicht auf alle mögli¬
1147 808 2983 1045 chen Folgen hätte uns davor abgehalten.
1116 991 2715 1172 Leider gibt es ja in unserm Beruf
1145 1116 2988 1321 sehr häufig solche sekundäre Rücks ich te
1145 1277 2895 1472 denen wir unterliegen.Bernhardts Feh-
1155 1438 2905 1604 ler also war es dem ersten Affekt ge¬
1162 1582 2783 1772 folgt zu haben, der der reinste und
1162 1728 2822 1943 une tgenniltzigs te var.Und es wird en
1162 1875 2793 2109 Ihnen sein heute diese Ansicht und
1167 2031 2917 2261 damit Ihr Vertrauen zu Ihrem Direktor
1174 2192 2969 2385 in etner Ihnen entsprechend schotnen-
1179 2353 2978 2561 den Wete e zum Ausdruck zu bringen. Dies
1174 2478 2878 2695 meine Herren, tat die einzige Antort,
1191 2673 3000 2822 die uns meiner Ansicht nach auf diesen
1182 2820 2095 3010 Brief übrig bleibt.
893 2954 2859 3191 Ebenw.: Metne Herren (Leider tat durch einen
1186 3105 2871 3337 Zwischenruf des Kollegen Löwenstein
1201 3254 2949 3452 die Debatte auf ein Gebiet hinüberge-
757 3262 879 3496 8
1226 3401 3008 3633 spielt worden, wo sie nichts zue suchen
1204 3567 3010 3760 hat und ich möchte vor allem honctatie¬
