3448 4184
2712 367 2847 485 81
1140 514 3079 691 Fielitz: Pardon, es ist eine Angelegenheit
1135 693 2401 860 zw is chen Bernhardt und mir.
1152 978 1905 1154 Cypriam (kommt).
1152 1130 2857 1285 Cyprian: Bitte um Entschuldigung, dass
1159 1287 2927 1502 ich so ohneuet ters — Aber ich kann mir
1152 1447 1642 1620 ja denken.
1816 1521 2437 1657 Krundon
1162 1558 2818 1741 Bernhardt: Du kommst also auch, weil
1176 1732 2915 1898 die Fürstin ihr Protektoriat über den
1162 1884 2968 2108 Ball niedergeb gt hat Meine Herren, sol.
1157 2024 2669 2241 len wir uns nicht alle schämen.-
1171 2251 2949 2415 Cyprien: Die Ballsache steht in meiter
1162 2415 1978 2538 Linie. Ich komme -
1174 2526 3028 2669 Fielitz: Ich habe nicht mehr lange Zeit
1186 2688 2833 2833 entschuldige Cyrrian.Ich wiederhole
1169 2838 3057 2973 meine Frage an Dich, Bernhardi, in welcher
1176 2980 2929 3132 Weise Du meiner ‘ rau Genugtuung geben
1200 3161 1538 3292 villst?
2268 3137 3048 3321 she - is hall in the
3024 3267 3251 3395 kleis
1186 3289 2992 3422 Bernhardi: say ihr, dass ich zu gut von
1889 3393 2444 3495 Auszunehm
1200 3437 2797 3601 ihr denke,um glaßben zu können,sie
1200 3610 2975 3748 kränkt sich auch nur eine Sekunde lang
