3432 4280
2869 566 3006 708 51
937 730 2585 943 Bernhardi aus dem Krankenzimmer
948 839 2855 1088 Pfarrer, Schwester, Hochr, Cypian, Adler,
945 1066 1467 1183 Oskar, Kurt
954 1148 2569 1385 Pfarrer: Guten Tag, Herr Professor
976 1249 3131 1476 Bernh: Guten Tag, Hochwürde. Was verschafft
973 1426 2243 1609 uns... ach so...  de tepé
910 1549 2932 1842 Pfarrer. Ich bin hierher beschieden ih um
1003 1664 3148 1885 einer Ihrer Kranken, bei der leider Ihre Kunst
1000 1779 3197 2055 versagt hat, die letzten Tröstungen zu spenden.
1014 1937 2711 2191 (Bernh: Hm, leicht muss das sein?
407 1981 760 2159 Ihr geb.
1019 2071 2910 2323 Pfarrer ebenso Ich wurde herberufen.
287 2137 700 2295 près si
1085 2202 3145 2443 Bern Ja dan zweifel ich nicht, ich weiss
265 2243 899 2424 be denke, he
1049 2314 3077 2588 dass Sie in Erfüllung Ihrer ernsten Pflicht
295 2347 839 2522 wech wird
1066 2440 3235 2741 hierher gekommen sind xxx Abe ich möchte Sie doch
290 2465 915 2697 daf sie dubl.
1063 2590 3202 2888 Hochwürden, als Arzt bitten—sie ahnt nämlich
1077 2730 3205 3014 nicht, dass sie stirbt.(Sie erlebt eben einen
1101 2855 3148 3142 wahrhaft glücklichen Augenblick.) Sie glaubt,
1145 3033 3080 3298 dass ich sie nur verlassen habe, um einen
1109 3159 3047 3432 I ihre Entlassung ins Werk zu setzen.
2391 3287 2552 3375 Sr.
1126 3268 3028 3585 Sie glaubt, dass ein ihr sehr teurer Mun
1137 3383 3287 3779 im Wagen auf sie wartet und mit ihr eine Reise
