3384 4136
2668 293 2878 468 292
824 487 2758 674 Du,was ich vorhatte und ich trane Dir
833 644 2824 844 bei all Deinem Hass Urteilskraft genug
835 802 2624 1016 zu zu wissen, dass ich der Mann bin
841 942 2824 1167 durchzuführen, was ich mir vorgenommen.
167 991 704 1180 lici liebe.
841 1109 2903 1290 Soll ich, derdas Unterrichtswesen in sei-
181 1153 720 1372 tée françois
838 1268 2739 1421 nen Grundfesten reformieren will, der
181 1328 425 1493 deu
852 1394 2928 1602 in sich die Fähigkeit fühlt meinem Vater
863 1553 2939 1734 land grosse Dienste zu erweisen mit ein
857 1684 2909 1901 einem Mal alles aus der Hand geben,weil
876 1835 2944 2051 ich mich einem rechthaberischen Menschen
882 2038 2722 2221 gegenüber in einer augenblicklichen
863 2169 2665 2350 Aufwallung dazu verpflichtet hatte
874 2317 2928 2514 seine Partei zu nehmen? Dazu müsste man
885 2454 2878 2654 aus kleinerem Formate sein als es Gott
898 2591 2788 2821 gefallen hat mich zu machen. Ich less
896 2788 2829 2977 Dich fallen, der ohnedies verloren war
898 2925 2933 3119 und ich brach das Wort, das Du mir abge-
901 3040 3106 3267 schmeidhelt hast und ich lebe.
1506 3226 1854 3330 Vorschl
901 3248 2848 3415 Bernhardi: Ich sehe nichts von Deinen
909 3402 2840 3607 Leistungen und kein Mensch sieht sie.
