3384 4024
2541 263 2725 453 249
1297 461 2985 622 dass Du jenen Vorfall bedauers t.dass
1314 644 2452 757 es Dir durchaus fern lag
972 803 2915 919 Bernhardt: Genug, es käme ungefähr auf das
1353 887 2915 1073 heraus, was mein Verteidiger heute
1314 1095 3009 1249 gesagt hat. Ich will Dich nur vorerst
1321 1276 2968 1374 fragen, was damit in meiner jetzigen
1312 1413 2869 1531 Situation für mich gewonnen wäre?
1326 1493 3067 1681 Ich sagte es Dir schon: alle weiteren
996 1553 1297 1739 Fl int:
1321 1657 2881 1825 Folgen Deiner Verurteilung würden
1331 1818 3050 2001 abzupenden sein, sogar Deiner Bestäti¬
1336 1963 3077 2139 gung als Direktor bei der bevorstehen
1333 2177 2903 2279 den Newpahl im Elisabet inum würde
1333 2252 2942 2426 nichts im Wege stehen. Und dass die
1288 2394 2992 2568 Wahl auf Dich fiele, dafür könnte ich
1338 2602 2913 2773 umso mehr eins tehen, als ich durch
1338 2701 3033 2886 Sektionsrat Wittman mit der Stimmung
1362 2862 2819 3038 im Kuratorium genügend vertraut
1360 3050 2997 3195 bin, um Dir mitteilen zu dürfeh, dass
1362 3139 2925 3335 da s Kuratorium sogar den Widerruf
1372 3352 2990 3494 seiner Demission von Deiner Wieder¬
1362 3470 2925 3651 wahl zum Direktor abhängig machen
