3368 4184
2501 486 2679 656 124
1131 535 1729 817 Dritter Akt.
2742 734 3082 932 1910
860 938 2250 1177 Sitzungssaal im Elisabetinum.
866 1114 2613 1275 Hochr. am Tisch über einem Protokoll.
863 1255 3036 1421 Frankl (tritt ein, gross, schwarz, Brille, Schmiss,
855 1378 3168 1609 Memehrung) in der Sprache ein überliebenes Braude
1770 1516 2017 1617 Culs et
869 1557 3013 1741 Hochrl springt auf; Habe die Ehre,Herr Regi —
869 1752 1459 1876 Herr Dozent.
883 1850 1114 1942 Frauke.
875 1865 2958 2006 Franck Biebas) Servus, Hochr., na, ausgeschlafen
1108 2011 1560 2184 vom Ball?
869 2129 2987 2368 Hochr.: Ich hab' mich gar nicht niedergelegt,
1105 2305 2947 2472 Herr Dozent, es var nimmer der Milh wert.
1105 2455 2903 2642 Bis sieben hab ich getanzt.um acht war
1116 2624 2967 2777 ich schon auf der internen Abteilung, um
1114 2754 2872 2964 zehn auf der chirurgischen, um mölf =
1692 2909 1813 3004 or
875 2926 2872 3090 Frankl: Hör'n S' auf, ich weiss ja,dass Sie
1948 3042 2964 3226 nur jetzt haben sie...da
1108 3076 1741 3266 ilberall s ind.
1991 3162 2397 3283 Trotoboll
863 3194 2886 3465 Hochr.: Und jetzt hab ich das Protokoll von
1116 3378 3096 3554 der letzten Sitzung ins Retne geschrieben.
1114 3545 2918 3698 Bin leider früher nicht dazu gekommen.
881 3666 3171 3827 Fankl: Ich dank Ihnen schön (haben S' alles lesen
1588 3795 2147 3971 qui de lui.
