3512 4248
2597 477 2782 575 176
1208 641 2757 765 begonnen wurde ihn einer gewissen
1206 819 2834 943 politischen Partei für ihre Zwecke
572 817 886 982 Œché
1206 964 2860 1069 zu überlassen und es hätte mir pas¬
1216 1136 2751 1224 sieren können, dass diese gewisse
1216 1249 2919 1373 Partei, nicht nur den Vorfall selbst,
1224 1414 3014 1530 sondern auch eine eventuelle Erklärung
1219 1574 3001 1677 von mir zu einem Objekt ihrer Machina¬
1237 1752 1623 1839 tionen -
948 1878 2422 2025 Pflugf.: Ihrer Fälscherkilnste -
953 2053 1584 2159 Frankl: Ruhe!
953 2164 3019 2290 Bernhardi: - gemacht hätte und nicht zufrie¬
1239 2324 2857 2435 den damit mich als einen Verletzer
1247 2491 2973 2589 religtösen Gefühls hinzustellen, mich
1255 2617 3027 2746 am Ende noch als den Feigling bezoich¬
1252 2793 3058 2906 net hätte, dem der Mut fehlte für seine
1347 2906 1466 3004 viter
1244 2873 2919 3122 Ans tehten e in zustehen. (Meine Hereen,
1265 3035 2981 3210 ich bin heute froh, dass ich es nicht
1270 3225 2991 3426 getan habe, denn ich war nah da ran in
1275 3408 2769 3547 einer öffentlichen Sitzung mein
1275 3535 2362 3797 Bedauern aus zusprechen
992 3699 1832 3826 Löpenstein: Hört!
