3400 4104
2603 292 2794 423 254
923 490 2943 654 schafft Menschen, die wieder Andere stra-
920 631 2165 795 fen, die gelästert haben.
928 797 2897 923 Pfarrer: Verzeihen Sie, Herr Professor,
928 923 2907 1099 hier scheint es sind Sie an der Grenze
931 1074 2922 1250 angelangt, wo selbst das Denken Lästern
933 1232 2759 1378 wird. Nun begreife ich, dass wir uns
938 1378 2774 1552 gegenüberstihen mussten. Es ist mög
943 1544 2870 1693 lich, dass Sie mich eher verstehen als
951 1680 2772 1869 ich Sie, aber ich verzeihe Ihnen bes
938 1879 1783 2030 ser als Sie mir.
953 1987 2779 2150 Bernhardi: Clauben Sie das nicht, es
963 2155 2955 2321 ist ein Wort, das sie berauscht,Sie ver-
961 2269 2943 2477 zeihen auch nicht. Sie möchten nur, aber
968 2462 2143 2636 es gelingt Ihnen nicht.
