3384 4120
2667 329 2880 549 218
926 509 2903 705 gesetzt hat und dass die Kranke,zu der
926 692 2933 828 sich Seine Hochwürden in Erfüllung sei-
928 823 2935 1016 ner geistlichen Pflicht begeben wollte,
926 971 2857 1162 ohne die Tröstungen der Religion ver-
926 1119 2948 1274 schieden ist. "Entsetzlich!" - Ah nein.
928 1295 2765 1488 das sagte ja nicht der Minister, das
926 1443 2235 1613 rief jetzt einer im Saal.
938 1601 2860 1774 Filitz: Wahrscheinlich ein Sozialist!
933 1756 2348 1934 Löwenstein: weiter! Weiter!
938 1894 2822 2085 Kurt: ( liest).Was nun die Person des
926 2040 2870 2228 Herrn Direktor Bernhardi anbelangt,so
938 2175 2948 2363 ist er ein Mann von hoher wissenschaft
941 2376 2905 2536 licher Bedeutung und hat das Institut.
941 2479 2915 2684 das er leitet gegenüber vielen Anfein-
938 2669 2238 2817 dungen in früherer Zeit -
941 2830 1626 3018 Cyprian: Aha!
943 2920 2933 3143 Kurt: - zu einer achtenswerten Höhe ge-
948 3088 2883 3274 bracht.Dass ein Mann von so hervorra-
948 3264 2950 3434 gender wissenschaftlicher und menschli-
953 3422 2785 3608 cher Bildung, der sich jederzeit vom
951 3585 2965 3771 politisch en Getriebe fern gehalten hat,
