3416 4168
800 246 2028 439 8d. Er hat hin: terreint..
431 484 941 653 2 - ci c à ders
2956 457 3089 653 26
389 570 1051 774 Inrer Feind.
1140 601 3027 716 Bern: Na das wollen wir abwarten. Vor
1132 755 3089 873 läufig möcht ich gern wissen, wie Du Dich
335 844 938 1009 Ihr Leitall
1127 878 3014 1038 seiner Anfrage gegenüber verhalten hast.
1803 998 2018 1106 und
321 970 797 1137 merkewa.
1087 1040 2930 1215 Altm: Ich habe gar nicht zu verhalten.
374 1111 842 1273 Mblechle
1166 1202 3246 1338 Herr Direktor haben hierüber zu entscheiden.
706 1202 1106 1323 Chisourritier
1158 1309 3066 1458 Erst wenn Du mir privat Deine Zustimmung
306 1302 831 1563 jedachhui
1124 1469 3063 1634 zu erkennen gibst werde ich der Direktion
1124 1581 3055 1785 ein schriftliches Gesuch um Enthebung von
1111 1767 2912 1869 meiner Stelle einbring. Auch was Ge
1116 1900 2755 2073 schriebenes forderst Du Pedant? i.
1134 2036 3042 2162 Ebenw: Sie sehen Herr Direktor, dass die
358 2065 998 2264 Came nie stellt
1124 2159 3053 2295 Frage doch akuter ist, als Sie angenommen
382 2232 949 2394 de chéré,
1479 2271 3063 2446 zu Altmann (ich habe nämlich
1106 2321 1409 2420 haben
1106 2389 3089 2538 soeben dem Herrn Direktor miteilen dürfen,
1108 2533 3076 2692 dass Hell mir in einem Brief seine Bereit
1113 2687 3053 2812 willigkeit erklärt eine Wahl zum Vorstand
1111 2794 2954 2964 ihrer bisherigen Abteiling anzunehmen.
1111 2954 3092 3121 Altm: Ja, das hat er mir auch geschrieben.
1108 3136 1602 3262 Bern: So?
1111 3272 3215 3432 Altm: Schon vor längerer Zeit. Im Sommer ein
1106 3398 3050 3565 mal. Ganz beiläufig. In einem Brief, der
1124 3531 3061 3759 sich eigentlich um andre Sachen handelte.
