3464 4216
2577 278 2759 443 158
1220 402 2934 620 darf, spr loht man Andern die Reinheit
1228 590 2944 767 der Motive ab, die wir Bernhardt ohno¬
1225 749 2949 949 weiters zuerkennen. Mit welchem Recht
1243 919 3083 1063 die Reinheit der Motive, die eins Anzahl
1605 1048 1764 1137 nun
1245 1028 3043 1233 freter, ihrem Gewissen verantwortlichen
1240 1215 2944 1380 Volksvertreter,denen die Stimmung, der
1245 1334 2949 1521 Seelenzustand ihres Wahlkreises doch
1245 1524 2949 1683 Jedesfalls bekannt sein, daes die die
1258 1638 2873 1820 se Männer frage ich veranlasst hat
1261 1807 3012 1984 Ihre Namen unter diese Interpellation
1253 1979 3065 2129 zu setzen. (zu Wenger) Kennen Sie diese
1243 2101 3106 2306 Männer? Wollen Ste, junger Herr Kollega,
1278 2278 1962 2407 etwa behaupten
1501 2379 2136 2506 Les heures relèveil
1030 2410 3065 2582 Ebenw.:Aber Filitz,unser junger Kollega ist
1273 2552 3027 2759 doch nicht angeklagt und hat nebstbei
1273 2714 2898 2886 nichts behauptet.Ich bin überhaupt
1283 2891 3070 3020 der Ansicht, dass wir jede weitere Dis-
1283 3022 3134 3184 kussion bis zu einem gelegeneren Moment
1286 3189 3081 3364 aufschieben wollen, es tst halb steben,
1296 3316 2946 3521 für sechs war die Sitzung angesagt,
