3512 4296
2795 457 2924 610 55
962 632 3050 941 gegönnt ist, Sehnsucht nach Absolution, nach
962 771 2610 1086 dem Sakrament der Busse empfin det.
1578 895 2964 1148 Ich versichre Sie, die Kranke
1427 919 2214 1078 Il était plaite il he tout :
1002 1035 3066 1349 bereut nicht. vielleicht in einer Tiefe, in
986 1054 1408 1196 Bernh-
1019 1204 2521 1454 die sie selbst nicht hineinsieht
1024 1298 2980 1645 Pfarrer : Umso s hlimmer. Umso notwendiger
1048 1416 2980 1712 ist meine Anwesenheit. Man hat mich herbe
1054 1532 3018 1846 schieden, (ich würde mich zum Mitschuldigen
1072 1666 2946 1983 machen wenn ich wieder ginge „6hne meine
1086 1895 2268 2091 Pflicht erfüllt zu haben.
1107 1956 2975 2201 Bernh: Von dieser Schuld wird Sie jeder
1102 2053 3026 2354 .freisprechen, Hochwürden. Nicht nur Gott
1131 2217 2886 2481 sondern auch Ihre vorgesetzte Behörde,
1145 2333 3072 2636 Pfarrer: Eine Frage, Herr Professor. Ist
1330 2432 1621 2545 he trer
1153 2456 3179 2808 die Kranke noch zu retten? Besteht eine Mög
1180 2610 3150 2897 lichkeit, dass durch mein Erscheinen ihr Zu
847 2596 1094 2816 bieten
341 2677 677 2927 den is
1185 2739 3144 3048 stand verschlimmert, ihr Ende beschleunigt
1193 2878 3359 3158 werde? Dass durch einen plötzlichen Schrecken,
344 2870 648 3026 verhelé
1220 2994 3230 3311 es ist ja leider nicht zu leugnen, dass bei
1223 3152 3217 3437 niederen Naturen, auch unser Erscheinen in
1250 3271 3177 3577 einem solchen Moment so wirken kann, ist
1252 3394 3225 3779 es möglich, dass ein plötzlicher Schrecken
