3496 4200
2593 380 2730 485 89
1124 661 2879 881 nicht nur unser Institut,sondern auch
1124 831 2891 996 Dich persönlich empfindlich schädigen
1460 934 2302 1067 dit de ce des ves
1147 982 2811 1158 kann. Ich weiss ja, auf D ich kommt's
1140 1115 2948 1355 Dir nicht an. Jedenfalls wirst Du Dich
1172 1293 2911 1458 verpflichtet fühlen an dieser Fiktion
1179 1442 2820 1614 festzuhalten. Aber das Institut, das
1181 1611 2792 1785 vor allem Du gegründet hast, gerade
1188 1719 2882 1955 jetzt — Du weisst, wie wir finanziell
1192 1872 2888 2110 stehen — wir haben heim ein Defizit.
1199 2048 3039 2241 das natürlich gedeckt werden wird, wenn:
1213 2172 2948 2405 das Kuratorium bleibt; (ja,wenn all &
1229 2362 2991 2534 gut geht, bekommen wir endlich die Sub¬
2222 2470 2387 2550 né.
1231 2481 2932 2689 vention von der Regierungen Im andern
618 2584 1158 2746 ne, überreicht
1229 2634 3019 2868 Fall können wir einfach zusperren. — x
462 2751 1078 2962 & at the
1236 2772 3081 3030 Bernhardt: Und alles das,weil ich meine
490 2875 1071 3021 so zu nel
1820 2884 2827 3037 in de siblige gelt
1224 2952 2941 3177 menschlich-ärztliche Pflicht erfüllt
430 2955 1135 3142 si ol venies
410 3085 1028 3277 bei uns acès.
1245 3106 3046 3346 habe und versucht habe eine glückliche
414 3186 1057 3364 in Terdeil.
1268 3236 3001 3449 Sterbende vor einem grauenhaften Ein-
446 3291 1126 3454 weil in Nieder
476 3387 1110 3589 in Cin. 21st
1282 3429 2147 3612 druck zu bewahren?
1270 3564 2943 3781 Löwenstein: Es ist ungeheuerlich.Da
