3368 4040
2564 330 2759 504 238
1242 480 2836 698 zu sehr (Wer er an metner Stelbe, so
1240 680 2834 834 wilsste er,wie dankbar er Ihnen für
1256 823 2564 968 Ihre Bemühungen sein müsste.
926 996 2803 1113 Pflugf.: Glaubst Du? Na,da irrst Du aber
1252 1137 2761 1275 sehr gewaltig. Sie verzeihen,Herr
1249 1310 1584 1423 Doktor.
928 1418 2752 1559 Goldenthal: Aber, verehrter Herr Doktor,
1261 1587 2761 1706 selbs tvers tändlich, glücklich der
1247 1737 2735 1894 Mann (auf Bernhardt), der solche
1263 1908 2156 2041 Freunde sein nennt.
940 2025 2824 2187 Pflugf.: Machen Sie mir keine Komplimente
1259 2189 2691 2299 Herr Doktor, das hat mit meiner
1275 2346 2693 2463 Freundschaft für Bernhardt gar
1277 2484 2796 2613 nichts zu tun, ich bin vollkommen
1277 2658 2962 2770 objektiv.Und wenn Bernhardi einstim¬
1287 2801 2859 2932 mig freigesprochen und im Trtümph
1298 2946 2977 3103 von den Geschvorenen nach Hause ge-
1287 3124 2848 3260 leitet worden väre, nichts auf der
1296 3241 3098 3370 Welt hielte mich ab Ihre Verteidigungs¬
443 3326 968 3565 precisit son
1303 3354 2941 3534 art höchst fragwürdig zu finden: Ja,
562 3518 1043 3689 Verleid i
1305 3527 2892 3701 bilden Sie sich überhaupt ein, dass
