3368 4040
2605 369 2786 481 236
1414 501 2031 670 bemerkt habe.
1083 662 2497 812 Golgenthal: Welche Auffassung?
1073 843 3084 985 Pflugf.: Nun das von der grinsenden Fratze.
1399 1003 3001 1153 Wenn man Ihnen zugehört hat,so var
1449 1138 2964 1264 einem, als handelte es sich nicht
1407 1259 2961 1399 um eine grinseude Frat ze, sondern
1409 1442 3057 1580 um ein ganz reizendes Gesicht,viel¬
1407 1595 2994 1745 leicht mit etas schielenden Augen.
1066 1763 3019 1868 Goldenthal: Es wäre auch das verkehrteste
1412 1901 3104 2046 gewesen für mich als Verteidiger, dem
890 1966 1209 2071 0:-:1
1407 2049 3147 2184 es doch vor allem auf das Loos seines
1397 2194 3084 2317 Klienten ankam, vor diesen Geschwore¬
1399 2370 2217 2523 nen,me tne Herren,
1073 2485 3022 2625 Cyrrian: Nun mehr als schuldig hätten sie
1407 2655 3069 2781 unseren ‘grund Bernhardt doch nicht
1412 2831 2171 2949 sprechen können.
1058 2939 3004 3107 Goldenthal: Das gewiss.Aber das ‘trafaus -
1399 3104 3067 3250 mass ist Sache des Gertchtshofs und
1417 3247 3022 3425 dass hier offenbar, ohne jemanden
1462 3395 2989 3561 nahezutreten, gewisse vorgefasste
1404 3531 2911 3696 Meinungen vorlagen und dass der
