3320 4072
1003 228 1310 421 citt
612 310 883 536 Yours
2691 363 2881 505 du dahin: 30e
977 510 3006 668 Der Hofrat wäre in anderm Ton zu halten
980 711 2914 848 gleich von Beginn an, etwa Burckhardt.
967 845 2996 1005 Es hat ihm sehr gut gefallen, dass Bern¬
977 990 2996 1155 hardi jede Aussicht auf Begnadigung ab
975 1163 2991 1282 gelehnt hat.Seither ist er sein Freund.
970 1310 3001 1427 Er sagt ihm etwa: Ich bin aus dem Kura¬
980 1470 2922 1627 torium ausgetreten, weil ich gegen Sie
962 1643 1183 1729 war,
967 1782 2714 1957 Bernhardi: Waren Sie nicht meiner
965 1924 1414 2059 Meinung?
967 2079 2927 2191 Herz: Natürlich, aber nicht nur in dem
977 2216 2818 2376 einen Fall. Ja, wenn Sie das Versehen
965 2331 2468 2521 überhaupt abgeschafft hätten
967 2516 2818 2648 Bernhardi: Da sind Sie ja radikaler
962 2706 2970 2866 als ich und das geht ja nicht, dass man
962 2836 2610 2970 solche Dinge einfach abschafft.
957 2968 2864 3102 Herz: Und weil es nicht geht,so soll
960 3146 2963 3270 man überhaupt nicht mit solchen Sachen
962 3285 2864 3427 anfangen. Dass Sie Einer das Sterben
962 3450 3003 3605 erleichtert haben, war das einen solchen
