3464 4152
2830 460 3023 600 166
1111 567 3076 760 Dich noch einmal darauf aufmerksam ma-
1121 750 3048 923 chen, ich bin Christ und Deutscher ge-
1114 905 2957 1055 radeso wie Du. Ich rede deutsch, ich
1111 1055 2906 1225 fühle deutsch, ich bekenne mich als
1098 1213 2987 1383 Deutscher und ich versichere Dich, es
1109 1381 2990 1541 gehört heutzutage ein grösserer Mut
1091 1541 2987 1691 dazu für einen von meiner Abstammung
1317 1627 1482 1734 als
1091 1688 2942 1833 sich xx Deutscher und als christ zu
1091 1846 2883 2016 bekennen, wie ich es tue, als das zu
1086 1988 2883 2164 bleiben, was man einmal gewesen ist
2700 2103 3056 2225 gehabt.
1081 2161 2888 2286 Als Zionist hätt ich's leichter im
1081 2311 1386 2459 Leben
1078 2471 2998 2578 Ebenwald: Schon möglich. Eine Profes
1073 2626 3010 2751 sur in Jerusalem wär nich Dir gewesen.
1075 2748 2380 2891 Szhreimann: Oede G'spass.
1073 2911 3043 3066 Ebenwald: Na Schreimann,Du weisst doch
1073 3076 2870 3232 wie ich zu Dir stehe,aber Du musst
1065 3188 2921 3402 doch andererseits begreifen,wir le-
1065 3348 2680 3547 ben in einer so konfusen Zeit -
1060 3514 3107 3712 Schreimann: Du, komm mir nicht vielleicht
