3368 4120
1140 298 2688 466 Nun. Dank ließ mit der
2669 364 2851 524 238
1002 483 2834 706 nen. Oder hätten Sie sich, Herr Dok-
1014 679 2895 861 tor,wenn Sie zufällig im alten Æthen
1004 847 2885 1012 zur Welt gekommen wären zu einer be-
1004 990 2926 1152 sonderen Hochachtung gegenüber irgend
1012 1126 2885 1322 einem Menschen verpflichtet gefühlt,
1014 1283 2928 1504 der von der Ueberzeugung durchdrungen
1014 1451 2882 1609 war, dass Minerva aus dem Haupt Jupi-
1019 1601 2936 1771 ters entsprungen sei? Ist es nicht
1019 1791 2795 1922 ein Unsinn ohnegleichen dass unbe-
1012 1917 2895 2074 wiesene,unbeweisbare Dinge, ja gerade
1009 2062 2909 2220 solche, die mit allen Gesetzen der Lo-
1012 2227 2902 2363 gik,mit allen Erfahrungen im ärgsten
1002 2395 2907 2545 Widerspruch stehen, einen staatlichen
1004 2545 2751 2730 Schutz geniessen, dessen sich alle
1012 2674 2924 2844 die herrlichen Errungenschaften nicht
1012 2863 2919 3045 erfreuen,die im Lauf der Jahrhunderte
1004 3016 2812 3186 mit ungeheuren Opfern und Mühen in
1004 3132 2797 3309 den Besitz der Menschheit gebracht
1004 3307 2955 3455 worden sind. Verdammter Staat,in das
1012 3453 2751 3639 sen Gesetzbüchern die grausamsten
