3336 4056
2712 341 2900 521 273
899 508 2932 665 Flint: Ob er in seinem Stolz oder viel
893 655 2858 841 mehr in seiner Rechthaberei verharren
899 815 2903 1001 wird? Die Strafe war ja am Ende leicht
896 967 2963 1098 zu überstehen.Es war vom Justizminis¬
2125 1066 2410 1195 den
899 1129 2801 1294 terium aus gesorgt, dass die Sache so
901 1279 2971 1404 leich t wie mich gemacht wird. Aber die
891 1420 2845 1588 Rechtsfolgen - wie wird er sich damit
891 1588 1381 1716 abfinden?
893 1698 2948 1879 Herz: Aber Exzellenz, die Folgen sind in
891 1884 2927 2049 diesem Falle doch auch eine Formalität.
883 2023 2945 2209 Fligt: Wieso? Sie bestehen. Er hat seine
899 2180 2966 2308 Professur verloren und auch sein Doktor-
893 2327 2942 2468 diplom und darf nicht praktizieren. Bis¬
886 2510 2887 2667 her liegt kein Gesuch um Nachsicht der
896 2644 1789 2790 Rechtsfolgen vor.
886 2785 2890 2963 Herz: Exzellenz, ich wundere mich eigent
899 2942 3008 3071 lich, dass Sie die Sache so sehr touchirt
893 3073 2806 3322 Flint: Lieber Herr Hofrat, Sie werden
896 3265 2853 3445 sich vielleicht wundern, aber ich will
891 3398 2963 3613 es Ihnen gestehen.So viele Unannehmlich-
886 3582 2971 3744 keiten mir dieser Mensch auch schon ver¬
