3368 4056
2530 377 2703 473 239
1176 489 2804 689 Sie Bernhardi verteidigt haben. Sie
1196 693 2879 820 haben etwas ganz anderes verteidigt.
1364 795 1865 905 him to us
1199 831 2912 1003 das wogegen Sie angeblich kämpfen.Re¬
581 850 1146 997 Ein Bücherl in
524 971 1109 1088 Ihren Eieulen
1199 1006 2668 1137 ligtöse Dogmen, die Sie in Kürze
450 1068 1045 1199 i reihidée
1180 1144 2850 1300 Religion genannt haben. Ja, Sie haben
413 1185 1107 1357 m thee feyven
1208 1270 2799 1410 getan, als wenn wirklich sämmt###che
1203 1431 2723 1587 religtöse Gefühle bis ins letzte
1208 1605 2811 1731 t troltsche Dorf durch das Vorgehen
1201 1738 2946 1878 Bernhardts verletzt gewesen wären und
1208 1901 2817 2037 seine Entschuldigung nur darin be¬
1210 2014 2868 2177 stände, dass er an diese Möglichkeit
1208 2195 3052 2324 nicht gedacht hatte. Sie haben gebuckelt
1210 2365 2893 2482 gerade vor der heuchlerischen Macht,
1206 2482 2905 2636 durch deren infames Wirken Bernhardt
1219 2643 2958 2788 in den Gerichtssaal geschleppt wurde.
1201 2806 2873 2955 Sie haben ferner vor diesen Idioton
1203 2962 2753 3088 auf der Geschworenenbank,die vom
1228 3111 2873 3238 ers toh Moment an entschlossen varen
1210 3242 2824 3421 Bernhardi zu verurteilen,getan, als
1219 3394 2919 3557 wären es die erlensten Köpfe und nur
1231 3543 2705 3695 von dem Bestreben gefüllt Recht
1210 3711 2834 3853 zu sprechen. Sie haben den Pfarrer
