3464 4168
2739 384 2907 526 182
1314 500 3008 731 gewiss nicht in böser Absicht - aber
1311 684 2459 925 unbedacht gehandelt hat.
1024 917 1863 1091 Löwens tein: Oho!
1034 933 2995 1226 Eben. :En tschuldigen Sie, meine Herren, ein
1334 1117 2894 1360 Oho ist kein Gegenbeweis Ich will
1345 1288 3008 1474 einen laut gewordenen Wunsch/respak.
1355 1438 2913 1664 tieren und von der Interpellation
1355 1575 2892 1853 abs ehen, obzwar mir im Augenblick
1371 1708 3159 1946 eine Vogel Strass-Politik unangebracht
1384 1876 2998 2148 e rscheint.Denn,wie sollen wir von
1384 2008 3169 2306 einem Symptom absehen, welches beweist,
1386 2174 2998 2438 dass nicht nur in höheren Kreisen,
1399 2340 2923 2594 sondern auch in den bürgerlichen
1394 2519 3050 2697 Schichten der Bevölkerung das unbe
1402 2687 2993 2915 dachte Vorgehen unseres verehrten
1399 2871 2169 2995 Herrn Direktors
1135 3021 2099 3203 Löwens tein: Schluss!
1148 3151 3011 3343 Bernhardi:Ich bitte den Redner nicht zu
1433 3291 2231 3490 unterbrechen. +
1156 3405 2589 3625 Lövenstein: Ich bitte ums Wort.
1161 3550 3249 3807 Ebenw. : Ich bin gleich zu Ende.Meine Herren,
