3384 4040
2594 385 2783 524 251
1320 557 2816 761 vollkommene Begnadigung erfolgt.
1305 715 2730 912 wenn Du eine Ehlärung abgibst.
985 882 3007 1063 Bernhardt: Ich werde diese Erklärung nicht
1317 1015 2977 1214 abgeben, denn sie würde unter d tesen
1310 1169 3060 1360 Umständen nichts anderes bedeuten als
1320 1353 3022 1494 eine Bitte um Gnade.Du weisst das so
1317 1486 2783 1675 gut wie ich.Du weisst auch, dass
1327 1652 2914 1826 es nicht so weit hätte kommen mis¬
1327 1786 3007 1947 sen.Du weisst, dass es in Deinen Hän¬
1327 1944 2846 2128 den lag die Sache auf e inen ganz
1320 2096 2982 2244 anderen Weg zu letten und dass nie¬
1325 2232 3028 2398 mals eine Anklage gegen mich erhoben
1332 2378 3055 2569 worden wäre,wenn Du nicht selbst Dei¬
1337 2546 2886 2698 ne Einwilligung dazu gegeben hät¬
1345 2725 1589 2899 test.
