3352 4056
2654 333 2954 529 23 qu
1121 483 2845 705 zu erinneren an das, was E/benwald
1118 659 2944 826 gesagt hat.Wort für Wort? Ein Miss-
1121 828 2828 1024 verständnis ist vollkommen ausge
1116 983 1662 1157 schlossen?
1104 1092 2956 1280 Bernhardi: Da gab es absolut nichts
1106 1258 3053 1461 miszuverstehen. Es n'en fais à après
1476 1381 1681 1490 Abi
1046 1444 2840 1630 Flint: Du, sag einmal, es wäre doch
1099 1616 2782 1792 aber auch möglich, dass die Sache
1111 1719 2980 1872 gar nicht akut wird, dass Du-gar Hell
1106 1889 2881 2065 glatt gewählt wird, ohne dass Deine
1106 2007 2408 2212 Stimme ins Gewicht fällt.
1096 2200 2932 2384 Bernhardi: wie die Dinge stehen ist
1111 2386 2867 2500 es so gut wie ausgeschlossen. Aber
1101 2497 2671 2664 wenn auch - den Handel hat mir
1104 2664 2871 2813 Ebenwald nun einmal vorgeschlagen.
1099 2787 2927 3002 Und wenn die Herren auch nicht dazu
1096 2949 2973 3159 kommen ihre Drohung wahrzumachen, sie
1094 3106 2789 3275 haben gedroht,sie haben gewisser.
1094 3253 2871 3463 massen etwas zu erpressen versucht
1094 3400 2922 3613 Flint: Etwas starke Worte,die Du da
