3464 4136
2762 417 2951 570 177
1102 540 3079 756 zu beweisen, dass wir keine swegs daran
1625 670 2460 778 mit dem Direktor
1100 732 3042 899 denken und solidarisch zu f端hlen. Wir
1097 874 2902 1061 d端rfen das Institut jetzt nicht im
1088 1026 3039 1205 Stiche lassen, gerade jetzt nicht. Wir
1073 1173 3037 1370 m端ssen das Kuratorium vielmehr zu be-
1088 1355 3032 1493 wegen suchen die Demission wieder zu-
1088 1493 1800 1664 r端ckzuziehen.
1085 1640 3037 1790 Filitz: Das wird niemals geschehen, so
1083 1795 2953 1949 lange Bernhardi an der Spitze steht.
1075 1947 2980 2146 Schreimann: So lang er an der Spitze
1090 2119 1444 2214 steht -
1092 2195 1409 2313 Filitz.
1078 2266 2278 2421 lits: So lang er -So -
1075 2413 2907 2585 Pflugf.: Ah,sind sie schon so weit,
1061 2573 1765 2723 meine Herren!
