3384 4040
2745 363 2929 539 295
938 504 2919 685 ist wirklich höchst seltsam - beschul-
943 693 2993 887 digt sich selbst der falschen Zeugenaus-
938 836 2975 999 sage an. Sie hat eine Eingabe an das Ce-
928 994 2927 1181 richt gemacht und es scheint, dass ihre
938 1143 2515 1329 Affaire eine ganz neue Wendung
933 1283 2965 1493 Flint: Wollen sie uns nicht, lieber Herr
938 1490 1293 1626 Hofrat
938 1623 2881 1754 Herz: Es wird sich sofort Herr Hofrat
938 1751 2725 1899 Bermann vom Justizministerium hier
1536 1871 1861 1994 quon
941 1917 2973 2073 einf inden, um Bericht zu erstatten. Was er
928 2081 2774 2219 mir telephonisch mit je teilt hat ist
943 2237 2981 2382 Folgendes:Die Schwester Ludmilla hat in
930 2388 2965 2520 der Beichte gestanden eine falsche Zeu¬
946 2518 2929 2694 genaussage abgelegt zu haben aus Grün¬
941 2671 2968 2853 den, über die Exzellenz bald Näheres hö-
938 2820 2965 3019 ren werden. Ihr Beichtvater,wahrschein
948 2991 2935 3162 lich ganz in Unkenntnis um was es sich
946 3157 2922 3308 gehandelt hat,hat ihr strengstens auf-
938 3303 2786 3461 getragen ihr schweres Vergehen nach
941 3466 2947 3663 Kräften gutzumachen und nu sie ist nun
