3496 4216
1631 151 1851 308 a lisant
2580 489 2719 642 93
1052 702 2351 920 Euch, habe ich ihnen gesagt.
1068 859 2900 1059 Bernhardt: Nur ein Glück ist ja bei der
1059 1026 2759 1188 Sache,dass seine Lehrkanzel aus der
1059 1167 2824 1334 Universität suppliert wird. Sein Assis
1070 1327 2812 1494 tent Meyer soll viel besser lesen als
1082 1515 2719 1645 er und stellt richtigere Diagnosen.
1086 1670 2770 1828 Cyprian: Also,Flint lässt Dich grüs-
1086 1804 2944 2043 sen.Er war geradezu gerührt,sag ich Dtr,
565 1784 862 1950 I have
579 1922 952 2066 subtwice.
1086 1978 2733 2119 wie er von Eurer geme inschaftlichen
1077 2159 2782 2286 Assis tentenzeit bei Skoda gesprochen
1079 2302 2742 2420 hat. Wenn Du kein Staarkopf bist,so
1093 2458 2891 2569 könnten gute Tage für das Elisabetinum
401 2527 947 2715 I. vergeht t
1093 2573 2733 2719 können. + Vor allen bekommen wir eine
1089 2749 2803 2893 Subvention und kenn’s gut geht haben
350 2807 896 3009 exper pall
1100 2893 2863 3044 wir nächstes Jahr hundert Betten mehr.
438 2942 887 3176 sutilie
1070 3051 2661 3196 Und ich denke noch an ganz andere
1093 3169 2865 3331 Sachen. Warum soll denn das Elisabeti¬
1096 3319 2858 3507 num nicht vollkommen gleichberechtigt
1096 3454 2824 3653 mit den Kliniken werden?) Wir könnten
1114 3627 2935 3840 ein integrierender Bestandteil der Unt-
