3304 4088
2641 364 2822 537 2 3t
1044 554 2813 708 wenn sie's glaubten. Melden xxx
1044 680 2912 920 Bernhardi: Lieber flint, ich glaube,
1072 837 2950 1037 ich werde davon absehen Dir/ den Brief
1051 999 1738 1153 zu sch reiben.
1046 1120 2941 1317 Flint: Ah, mein Lieber, das geht nicht.
1046 1298 2789 1469 Du darfst mich natürlich nicht im
1056 1450 1793 1631 Stiche lassen.
1051 1591 2822 1743 Bernhardi: Aber Flint, ich Dich? Es
1046 1738 2725 1919 handelt sibh ja einfach darum,ob
1051 1888 2820 2052 Du bereit bist auf die Interpella-
1063 2035 2765 2194 tion in meinem Sinn zu antworten.
1058 2221 2817 2380 Ich habe Dich nicht darum gebeten.
1048 2356 2898 2523 Es hängt ausschliesslich von Dir ab.
1056 2506 2839 2689 Was ich Dir hier erzählt habe, kann
1060 2627 2860 2867 ich alles beschwören.) Willst Du da
1056 2794 2791 3003 von Gebrauch machen,so tu's. Wenn
1051 2989 2625 3141 nicht, so lass es eben bleiben
2349 3038 3043 3179 meine truss et vous
1060 3124 2725 3305 Schliesslich könntest Du/zur Not
1048 3248 2960 3459 die Interpellanten in Grund und Boden
1058 3447 2832 3602 reden, ohne von dem Ebenwald-Handel
1058 3571 1945 3754 Erwähnung zu tun
