3320 4056
2736 329 2905 503 300
870 444 2777 697 Herz und Bernhardi sehen einander an
881 666 1465 812 und lachen.
881 773 2821 998 Herz: Der ist Ihnen über, Herr Profes¬
878 980 1103 1095 sor.
881 1115 2767 1233 Bernhardi: Es scheint, aber sagen Sie
891 1258 2810 1424 lieber Hofrat, ich verstehe noch nicht
881 1422 1248 1575 recht -
881 1529 2859 1748 Herz: Das besondere Clück für Sie ist,
893 1746 2680 1876 dass die Schwester von dem eigenen
881 1899 2826 1996 Beichtvater veranlasst worden ist die
2093 1968 2369 2060 bringt
886 2039 2902 2157 Wahrheit zu sagen. Das trifft natürlich
886 2170 2826 2346 auch die Klei kalen in eine Zwickmüh-
878 2364 1062 2476 le.
881 2496 2889 2624 Bernhardi: Auf Wiedersehen,Herr Hofrat,
896 2652 2882 2757 ich gehe zum Prinzen, er hat mich rufen
896 2798 2841 2915 lassen. Aber ich werde ihn doch bitten
883 2953 2935 3066 auf meinen ärztlichen Rat zu verzichten.
891 3089 2670 3244 Ich reise ab. Ich mache die Komödie
878 3254 2047 3402 nicht noch einmal mit.
883 3357 2787 3581 Herz: Da werden Sie lange ausbleiben
