3480 4184
2750 242 2886 444 53
1004 472 3004 648 Bernhardi: Ich bitte doch sehr, Hochwür¬
1022 598 3004 817 den, meine-Bedenken nicht in dieser Art
1017 815 2073 986 auffassen zu wollen.
1037 936 2840 1100 Pfarrer: Verzeihen Sie, Herr Profes
1037 1070 2893 1294 sor, ist eine Wahrscheinlichkeit vor.
1044 1208 2921 1415 handen, dass mein Anblick den Verlauf
1049 1400 2863 1599 der Krankheit in ungünstiger Weise
1052 1508 2820 1771 Bernhardi: Es ist nicht unmöglich,
1064 1680 3045 1910 dass das Ende beschleunigt wird, viel-
1077 1852 3042 2010 leicht nur um Minuten - aber immerhin-
2010 1937 2409 2046 verrechtet.
1082 2010 2903 2190 Pfarrer: (lebhafter) Ist Ihre Kranke
1077 2154 3095 2341 noch zu retten? Bedeutet mein Erscheinen
1090 2275 3088 2480 in diesem Sinne eine Gefahr? In diesem
1831 2422 2217 2520 nambus
1087 2472 3090 2649 Falle bin ich bereit mich zurückzuzie¬
1092 2679 1317 2792 hen
1115 2757 3143 2949 Bemhardi: Sie ist rettungslos verloren
1115 2936 2724 3098 darüber kann kein Zweifel sein.
1125 3077 3072 3246 Pfarrer: Dann Herr Professor,sehe ich
1125 3246 2248 3436 durchaus keinen Grund
1125 3383 3019 3562 Bernhardi: Verzeihen sie,Hochwürden,
1135 3521 3090 3726 vorläufig bin ich hier sozusagen noch
