3464 4264
2629 494 2817 630 131
1016 640 2948 791 Ebenwald: Aber wieso denn Misstrauen?
1021 818 2728 934 Frankl: Also, ich erkläre Dir und
1013 917 2731 1129 merk Dirs endlich einmal, ich bin
1023 1117 2938 1253 ein Deutscher geradeso wie Du.Ich re-
1023 1268 2933 1418 de deutsch, ich fühle deutsch und ich
1026 1416 2854 1564 gebe daher keinem ein Recht an mei-
1026 1572 2451 1730 nem Deutschtum zu zweifeln.
1011 1698 2854 1920 Ebenwald: Aber das fällt ja keinem
1038 1923 1263 2029 ein.
979 2021 2844 2187 Frankl: Ich hab mir meine Eltern so
974 2234 2884 2338 wenig ausgesucht wie Du. Waren übri¬
993 2350 2886 2496 gens famose Leute. Und ich nehme mir
993 2491 2916 2647 das Recht heraus mich dort hinzustel-
986 2681 2901 2825 len, wo ich meiner inneren Empfindung
991 2832 1777 2988 nach hingehöre.
984 2948 2916 3176 Ebenwald: Aber es zweifelt doch kein
993 3151 1411 3279 Mensch -
998 3265 2827 3433 Frankl: Und wenn das vielleicht ir-
1001 3457 2943 3581 gendwer als Opportunismus oder so et-
996 3554 2980 3724 was ähnliches ansehen wollte,so erklä-
1003 3739 2812 3890 re ich ihn für einen Esel. Ich sag
