3416 4184
2698 342 2880 537 210
990 554 2971 729 das Kuratorium nicht gesagt hat, können
983 737 2947 904 uns nicht offiziell wegen einer Sache
990 845 2942 1025 entschuldigen,wegen der wir offiziell
1015 1022 2747 1222 gar nicht angeklagt sind. Es wäre
1003 1195 2754 1333 eine Devotion, die selbst so hohen
1008 1313 2757 1488 Herren gegenüber über das übliche
1008 1495 2984 1651 Mass hinausginge. Und noch eines,meins
1013 1579 2917 1821 Herren. Was tun Sie, wenn das Kurato¬
1018 1759 2993 1937 rium trotz der Demütigung, der Sie sich
1027 1900 2969 2094 unterziehen wollen, einfa ch sagt,nein,
1030 2087 2981 2257 es bleibt dabei? Die Demission bleibte
1027 2220 2981 2449 aufrecht. Sie wissen ja nicht, was hin-
1040 2382 2979 2562 ter den Koulissen vorgeht. Vielleicht
1037 2533 2681 2725 nicht einmal Sie, Herr Professor
1050 2644 2944 2851 Ebenwald. Es bleibt uns somit nichts
1054 2826 2897 3030 übrig, auch den jenigen, meine Herren,
1064 2964 2920 3173 glaube ich, die xas sich mit dem Vor.
1062 3092 3006 3331 gehen des Herrn Direktors nicht soli-
1067 3279 3021 3481 darisch erklären können, als die Demis-
1069 3427 3016 3639 sion des Kuratoriums mit Bedauern zur
1072 3587 2136 3814 Kenntnis zu nehmen -
