3352 4072
2749 275 2900 457 23y.
1001 478 2841 644 muss man bereit sein ihn zu Ende zu
1458 597 2244 722 me und ein-
1011 649 2888 876 führen. Ich für meinen Teil, ich kann
1013 784 2836 1009 mir keinen schöneren mod denken für
1025 916 2701 1122 eine schöne Sache und zu Gunsten
1037 1065 2917 1290 von einem, der „gestehe es nur,noch var
1039 1264 2476 1444 einer Stunde mein Feind war.
1039 1383 2893 1584 Bernhardi: Ich habe keine Gewissens
1035 1553 2940 1757 bisse,Flint, das will ich Dir nur auch
1049 1683 2943 1896 gleich sagen. Selbst für den Fall, dass
1054 1842 2955 2083 die sache für Dich nicht ganz gut
1548 1972 1828 2102 wurf
1056 2008 2829 2207 augginge. Du weisst ja wo das Recht
1058 2135 2787 2327 ist in diesem Fall, Soll ich Dich
1070 2301 2921 2488 dafür bewundern, dass Du einfach Dei-
1080 2491 1922 2661 ne Pflicht tust?
1061 2559 2789 2770 Flint: (sieht ihn lange an) Nein,
1077 2739 2978 2940 das sollst Du nicht,Du sollt nur -m
1084 2905 2865 3101 ich will keine Phrasen machen - Du
1084 3040 2948 3248 sollst nur meine herzliche Sympathie
1094 3239 1617 3393 erwiedern.
1091 3345 2701 3594 Bernhardi: Ich danke Dir,Flint.
1103 3528 2855 3767 Flint: Auf Wiedersehen! (er geht).
1191 3693 2668 3913 B. (allei) jetzt glaubter!
