3384 4056
2499 364 2685 501 242
1200 625 2756 805 achtung für Menschen verpflichtet
1197 785 2668 954 gefühl t, dte daran glaubten, dass
1193 922 2632 1118 Minerva aus dem Haupt Jupiter
1217 1075 2872 1266 entsprungen sei? Es tst ein Unsinn
1217 1251 2940 1426 sage ich Ihnen, dass gerade unbewiese¬
1209 1379 2861 1546 ne und unbewetsbare Dinge,ja gerade
1226 1532 2821 1710 solche, die mit aller Erfahrung der
1217 1694 2861 1860 Wissenschaft im Widerspruch stehen,
1231 1832 2932 2011 dass gerade diese Dinge einen Schutz
1228 2029 2872 2140 gen lassen sollen, dessen s ich Erfün¬
1240 2142 2805 2297 genschafter nicht erfreuen,d is im
1220 2324 2936 2488 Lauf der Jahrhunderte mit ungeheuren
1248 2461 2849 2626 Opfern und Mühen in den Besitz der
1242 2606 2969 2759 M enschheit gebracht worden sind. Wie?
583 2606 1104 2807 Vervaculer
1244 2790 2798 2934 Paragraphe gegen Religtonsstörung
557 2776 1173 2925 and i den
1248 2925 2807 3067 haben wir und gegen Störungen der
395 2898 1115 3109 es Feuersept
1244 3053 2865 3244 Wissenschaft keine? Warum,wenn ich
1260 3224 2996 3384 fragen darf'Mindestens gleiches Recht
1255 3388 2858 3519 für alle dürfte wir verlangen.Mer¬
1220 3510 3002 3685 ken Sie nicht, dass die ganze sogenann-
