3352 4072
2646 262 2833 403 244
1281 442 2039 639 Flint tritt ein.
1285 573 2950 763 Bernhardt, Goldenthal, Pflugfelder, Cy¬
241 593 695 902 y. Ral.
1276 751 2590 953 prian, Löwens te in, Kurt, Oskar.
1302 909 2457 1064 Guten Abend, meine Herren.
197 860 763 1108 B. Cibe elle
962 887 1256 1057 Fl int:
938 1047 2892 1198 Bernhardt: Du kennst glaube ich alle hier
287 1118 778 1349 stuurde.
1285 1193 2943 1380 Anwesenden ausser den beiden jungen
1278 1341 2833 1531 Herren: Herr Dr Kurt Pflugfelder,
1298 1524 2459 1691 das hier mein Sohn Oskar.
972 1655 2809 1820 Fl in t( drückt Oskar mit besonderer Herz¬
1302 1803 2957 1995 lichkeit die Hand): Ich habe mir so¬
1310 1944 2945 2104 fort über das Resultat der Gerichts
1310 2124 2892 2277 verhandlung Bericht erstatten las¬
1310 2270 3074 2420 sen und beeile mich Dir zu versichern.
1302 2386 2957 2581 es freut mich dies vor so illustern
1310 2544 2904 2729 Zeugen tun zu dürfen. dass für mich
1319 2709 2831 2894 in diesem Fall,wie in so manchen
1315 2863 2882 3023 andern, der Verurteilte nicht auch
1315 3013 2921 3176 den Schuldigen bedeutet. (zu Golden
1319 3181 2950 3356 thal) Und Ihnen,verehrter Herr Doh¬
1334 3334 3062 3504 tor, möchte ich bei dieser Gelegenheit
1339 3489 3052 3609 auch gleich zu Ihrem Erfolg gratulte-
