3384 4024
2569 278 2751 388 250
1333 453 1586 565 wird.
1006 508 3019 723 Bernhardt: Du machst Dich listig über mich.
1008 678 2949 853 Fl int: Durchaus nicht. Das Kuratorium ist
1338 825 2904 1013 weit entfernt davon Deine grossen
1863 1003 2059 1078 une
1348 1008 2981 1153 Verdienste für das Institut zu ver¬
1351 1133 3027 1318 kennen und würde bedauern — Ich will
1338 1316 2996 1498 Dir noch mehr sagen, obwohl ich dazu
1341 1486 2956 1638 nicht befugt bin. Der Prinz hat in
1353 1598 2961 1801 einem Gespräch mit dem Sektionsrat
1356 1756 2961 1948 Wittman seinen Sympathien filr Dich
2674 1868 2924 1951 2/2 h. i
1353 1918 2906 2096 rückhaltlosen Ausdruck gegeben. Er
795 1991 1106 2104 sais
713 2046 1168 2224 sebalried
1353 2056 2809 2209 hatte seine guten Gründe vorher
1351 2211 2961 2399 nicht einzugreifen und war am Ende
1356 2371 3004 2526 nicht Dein einziger Freund, der Dich
1366 2506 2879 2689 fallen lassen muss te Aber gerade
1361 2669 1551 2769 seul
1356 2671 2989 2849 nun scheint ihm und anderen der Mo¬
1368 2846 2876 3012 ment des Umschungs gekommen und
1371 2976 2874 3162 es ist möglich, betrachte das als
1381 3089 2971 3309 vollkommen private Mitteilung, dass
1386 3282 2939 3432 durch persönliches Eingreifen des
1378 3449 3049 3609 Prinzen an allerhöchster Stelle die
