3464 4200
2661 472 2799 605 85
1133 642 2972 930 schlossene Sache. (Ich habe heute Mittag
1152 902 2979 1063 im Ministerium den Sektionsrat Wittmann
1152 1070 1659 1201 gesprochen.
1586 1149 1724 1236 The
1140 1184 2848 1334 Bernhardt: Ich habe vor einer Stunde
1152 1371 2930 1537 den Prinzen gesprochen, ich war bei ihn
1161 1514 1575 1670 in Baden.
1154 1656 2761 1806 Cyprtan: Und er hat D ir wohl seine
1131 1818 2378 1972 Anerkennung aus gesorchen?
1142 1913 3025 2086 Bernhardt: Das begreiflicherweise nicht.
1147 2100 2934 2294 Aber die Art und Weise,wie er mir ent¬
1152 2261 2871 2402 gejengekommen ist, er hätte mich doch
1163 2402 2525 2584 überhaupt nicht rufen lassen
1182 2518 2951 2740 Cypriani Was hat er Dir gesagt? Hat er
1168 2701 2670 2878 begonnen von der Sache zu reden?
1163 2855 2988 3004 Bernhardt: Ja, das hat er allerdings ge¬
1177 3009 2960 3159 tan. Und ich glaube sogar,hauptsächlich
1180 3177 2923 3353 deshalb hat er mich rufen lassen.Denn
1173 3299 2764 3465 gefehlt hat ihm so gut wie nichts.
1175 3486 2638 3656 Cyprian: Und was hat er gesagt?
2486 3570 2586 3656 re
1182 3628 3053 3789 Bernhardi: Er hat die Sache ganz scherz¬
1168 3768 3002 3927 haft behandelt. Sie sind ein Anarchist,
