3416 4120
2801 356 2997 476 230
1063 476 3035 687 lich achon im Laufe dieser ganzen son-
1063 664 3060 839 derbaren Sitzung erwartet. Aber er wird
1066 809 2989 982 es mir nicht übel nehmen, wenn ich bei
1063 939 3068 1119 dem eigentümlichen Ton, den der Herr Di-
1048 1104 2989 1300 rektor mir gegenüber anzuschlagen be-
1051 1285 2946 1458 liebt, darauf verzichte ihm direkt zu
1058 1427 2979 1590 antworten, sondern Ihnen Allen darüber
1045 1554 3068 1720 Aufschluss gebe, was es mit dieser etwas
1058 1737 3009 1862 insinuösen Anfrage des Herrn Direktor
191 1821 427 1992 ouvrage.
1045 1852 3052 2038 damit für eine Bewandtnis hat. (Unruhe,
1048 2038 2994 2205 Spannung) Also,meine Herren,bald nach
1066 2167 2897 2307 jenem Vorfall, der unser Institut in
1051 2282 2943 2478 eine so angenehme Situation gebracht
1043 2473 3037 2610 hat, habe ich mir erlaubt bei dem Herrn
1038 2628 2981 2783 Direktor vorzusprechen, um ihm die Be¬
1048 2796 3045 2930 fürchtung auszudrücken,dass das Parla -
1033 2925 3080 3124 ment vielleicht Gelegenheit nehmen dürf¬
1048 3103 3063 3284 te sich in einer für die Interessen un.
1038 3248 2994 3439 seres Institutes sehr unvorteilhaften
1045 3383 3027 3571 Weise mit diesem Vorfall zu beschäfti-
1048 3556 3030 3711 gen. Sie wissen, unser Institut hat im-
