3304 4008
2579 369 2744 539 134
1238 539 3030 729 geradezu als Treubruch angesehen haben
1002 716 2978 871 Frankl: Also jetzt muss ich Dich dezidiort
2525 800 2774 891 rechre
1228 881 3111 1016 bitten mir nicht mehr vorzuhalten, was Du
1250 1007 3069 1196 für mich getan hast.Es war doch em Ende
532 1053 1144 1223 hier sollte
1226 1174 3049 1304 Deine Ueberzeugung.Aber wir sind quitt,
394 1208 985 1346 met il quelt
2887 1260 3077 1351 ner to
1226 1295 3113 1479 längst quitt.Denn was ich für Dich (getan
1233 1469 3116 1629 ha be, das var pure Freundschaft und Dank¬
1250 1637 1634 1777 barkett.
999 1802 1767 1925 Ebenw. :Was denn?
1373 1856 2156 1984 2 dep. d p diex
1004 1947 2971 2090 Frankl:Für diesen Trottel Hell hab ich ge¬
1245 2107 1570 2267 stimt.
1007 2205 2907 2402 Ebenw. : Trottel? Du hast Ausdrücke. In dem
1240 2382 2890 2535 Fach muss man doch kein Gente sein.
1236 2547 2944 2646 Jodkalt verschretben,das trifft bald
1405 2624 1821 2722 où et de Hell
1250 2683 3131 2816 einer.Und davon, dass man den Affen Serum
1250 2843 2956 2951 eintimpft ist noch hetn Mensch gesund
1364 2978 3013 3165 Also de heure ist & auch nicht wein.. Aber
1253 2990 1647 3126 geworden
1014 3123 2926 3283 Frankl: No, es ist Gott sei Dank gut ausge¬
1570 3244 1777 3342 Hil
1270 3288 2892 3431 gangen.Er tat nicht gewählt worden,
1240 3453 2862 3633 7ber ich erkläre Dir feterlich, ein
