3368 4152
2677 382 2873 512 217
881 557 1268 736 sammen)
884 688 2730 871 Kurt: (liest) Auf die Interpellation
897 851 2722 1015 der Herren - und so weiter - beehre
897 1004 2835 1168 ich mich zu erwidern, dass ich bis zum
897 1130 2830 1336 heutigen Tage amtlich von dem in Rede
899 1281 2906 1492 stehenden Vorfall nicht in Kenntnis ge-
902 1474 2885 1647 setzt worden bin,nehme aber keinen An-
914 1607 2795 1788 stand zu erklären, dass die Sache wie
914 1765 2895 1931 so vielen andern witgliedern des hohen
917 1886 2855 2069 Hauses auch mir privatim zu Ohren ge-
924 2087 2900 2240 kommen ist. -Einer rief hier: Exzellenz
922 2225 2702 2383 hätten sofort einschreiten müssen!
944 2396 2908 2544 „Ob dieser Vorfall sich genau so abge-
944 2499 2900 2685 spielt hat,wie er den Herren Interpel-
939 2674 2870 2858 lanten geschildert wurde,die ja nicht
947 2823 2830 3006 selbst dabei waren, ist mir nicht be-
942 2951 2878 3137 kannt. Es kursieron verschiedene Ver-
954 3086 2971 3327 sionen,die allerdings alle in dem einen
959 3292 2931 3450 wesentlichen Punkt übereinstimmen,dass
954 3423 2898 3614 Herr Professor Bernhardi dem Eintritt
1720 3546 2368 3664 in Brankinsim M
962 3589 2951 3759 Seiner Hochwürden Widerstand entgegen-
460 3842 620 4036 G.
