3448 4184
2656 336 2831 475 153
1106 516 2772 685 stand auf seiner Wetgerung,wobet es
1094 660 2931 850 von seiner Seite Bemerkungen (gereizter)
2490 777 2748 865 Celen
1091 792 2777 953 und spätt is cher Natur (gekommen sein
1359 914 2151 1013 deux toutleurs faits.
2193 914 2563 1018 testiteur
1094 972 2858 1111 soll. Und als Seine Hochwürden weitere
1084 1138 2970 1313 Diskussionen ablehnend, stch in des Kran¬
1099 1225 2858 1445 benzimmer begeben wollte, tergriff Herr
1082 1423 2987 1576 Professor Bernhardt den Arm des Pfarrers
1968 1520 2529 1623 Bartiaglu al
1099 1537 2999 1722 und hielt ihn mit gelinder Gewalt zurück
1642 1671 2799 1764 me alles it en leid tot.
1096 1710 2875 1876 das Krankenzimmer zu betreten. Während
2190 1817 2631 1925 urde du
1096 1873 3055 2054 dieser Szene, die sich im Vorsaal absptel-
1060 2042 2853 2193 te, verschied die Kranke, ohne der Trös-
1094 2151 2885 2349 tungen dor Religion. (ohne der Absolu¬
1096 2314 2860 2483 tion teilhaftig geworden zu sein, nach
1089 2470 2899 2653 der sie, nach der Aussage der Schwester
1084 2617 2721 2819 Ludmilla, dringendst verlangte, kath
1152 2751 1330 2848 this
1091 2763 2870 2958 Wir bringen diesen Vorfall der Regte-
1087 2904 2831 3101 rung zur Kenntnis und richten an den
1084 3092 2975 3269 Herrn Seiner Exzellenz, den Herrn Minis-
1091 3211 2984 3413 ter für Kultus und Unterricht die Frage,
1959 3347 2733 3435 of the said H P.D.
1082 3357 2931 3564 was er zu tun gedenkt, um den durch die¬
1082 3537 2787 3696 sen Fall aufs Tiefste verletzten Ge-
1679 3645 1915 3788 stre
