3400 4184
2711 384 2900 549 206
1009 499 2950 672 druck zu geben über den bekannten Vor-
1006 659 2876 841 fall geziemenden Ausdruck zu verlei-
996 844 2900 964 hen, zu betonen, dass wir das Vorgehen
1006 1001 2942 1132 des Herrn Direktors Seiner Hochwürden
1014 1156 2969 1311 gegenüber missbilligen- (er überschreit
1001 1319 2839 1449 die wachsende Unruhe ) - Ich stelle
1009 1461 2959 1582 den weiteren Antrag, dass diese Resolu
1004 1629 2824 1729 tion dem Kuratorium in angemessener
996 1732 2977 1899 Weise zur Kenntnis gebracht und diesem
989 1924 2918 2037 zugleich die Bitte unterbreitet wird,
996 2071 2878 2253 die Demission zurückzuziehen. (Grosse
999 2248 1338 2381 Unruhe
994 2369 2873 2524 Bernhardi: (scheinbar ruhig) Es lie-
991 2534 2384 2672 gen also zwei Anträge vor.
994 2689 2795 2839 Löwenstein: Ich habe ums Wort gebe.
989 2859 1186 2977 ten.
972 2969 2647 3129 Schreimann: Schluss der Debatte.
1001 3124 2873 3319 Löwenstein: Ich habe vorher ums Wort
989 3296 1405 3437 gebeten.
979 3405 2927 3633 Bernhardi: Der Antrag auf Schluss der
977 3562 2721 3818 Debatte liegt vor.Ich xxxx lasse
