3448 4120
2750 367 2936 555 228
942 581 1436 744 tion hin.
950 718 1314 817 Filitz;
960 708 2938 912 Plitz: Das wird sich ja herausstellen.
960 894 2829 1072 Pflugf. Liebedienerei des Ministers.
950 1031 2528 1217 Er kriecht vor den Klerikalen!
957 1161 2849 1380 Cyprian: Lass über meinen Antrag ab-
965 1378 1390 1530 stimmen!
957 1482 2223 1696 Bernhardä: Mei ne Herren!
950 1647 2999 1833 Schreimann: Ist denn das überhaupt noch
968 1823 1650 1978 eine Sitzung!
973 1930 2956 2144 Filitz: Der Antrag des Professor Eben
970 2113 2824 2259 wald ist der weitergehende, über ihn
975 2259 2564 2409 muss zuerst abgestimmt werden.
970 2378 2964 2549 Bernhardi: Meine Herren! Ich werde we-
983 2556 2877 2696 der den einen noch den andern Antrag
980 2702 2951 2862 zur Abstimmung bringen. Was von Ihnen
983 2831 2890 3035 mir das Vertrauen entgegenbringt,das
1001 2971 2936 3213 weise ich ohnedies Ich habe eine An-
988 3155 2877 3341 frage an den Herrn Vizedirektor Pro-
998 3295 2378 3511 fessor Ebenwald zu richten.
998 3443 2707 3664 Schreimann: Was heisst denn das?
1008 3603 3002 3852 Filitz: Das ist nach der Geschäftsord-
