3432 4136
2592 291 2827 496 233
943 493 2776 713 dem peinlichen Vorfall, von dem ganz
948 654 2878 849 Wien schon spricht. Und es könnte Euch
956 798 2929 1028 passieren, dass das Parlament über Euch
943 959 2784 1122 herfällt. Ja, meine Herren, finden Sie
951 1097 2894 1268 es gar so tadelndwert,wenn man da zum
959 1276 2955 1421 Herrn Direktor geht, wie ich's getan ha
961 1426 2947 1559 be,und ihm sagt, nehmen wir doch lieber
961 1577 2955 1713 den Hell, der ja schliesslich auch kein
964 1723 2894 1879 Hund ist,um eventuellen Unannehmlich-
974 1894 1986 2035 keiten zu entgehen?
976 2027 2669 2209 Wenger: Sehr richtig! (Heiterkeit
979 2160 2965 2334 Ebew ald: Na. Sie hören! Vielleicht hätt
984 2347 2771 2477 ich lieber zum Doktor Wenger gehen
979 2457 2917 2605 sollen und ihn ersuchen, dass er seine
989 2597 2960 2774 Kandidatur zurückzieht? Aber ich will-
997 2756 2919 2904 liebe gerade Wege. Und so bin ich die
994 2899 2978 3103 geraden Wegs zum Herrn Direktor gegan-
1002 3055 3006 3277 gen.Also, darauf bezieht sich die Anfra-
1007 3170 3065 3400 ge des Herrn Professor Bernhardi an miht
1010 3364 2914 3566 die mich wahrscheinlich in Grund und
1007 3533 2756 3760 Boden hätte bohren sollen. Und es
