3368 4024
2617 336 2800 477 248
1527 431 1885 559 wende
1328 477 3023 681 abzuätzen.Aber ich vermag Dir nach-
1330 659 2855 824 zufühlen, dass Du damals zu stolz
1337 827 1635 981 wars t.
1017 975 1996 1127 Bernhardi: Du selbst
1353 1056 3025 1246 Verzeth, Du batest mich kurz zu sein,
1021 1098 1302 1233 Fl int :
1346 1193 3041 1408 so wollen wir vor allem Diskuss tonen
1350 1341 2780 1547 bermelden.Der Fall liegt so:Du
1350 1496 3003 1673 bist verurteilt, die Nichtigkeitsbe¬
1361 1629 2922 1823 schwerde wird verworfen werden, es
1673 1753 2325 1854 annuebmen
1370 1775 2961 1916 tst nicht unwahrsche inlich, dass Du
1346 1940 2999 2122 Deine Strafe wirs t abbüssen müss.
1346 2108 3123 2272 Aber Du hast es in der Hand,Bernhardt
1377 2217 3061 2413 alle wetteren Folgen abwenden, (ohne
1359 2400 2981 2570 Deinem Stolz etwas zu vergeben). Was
1361 2533 3065 2679 Du von Dir wiesest eh Du vor Gericht
1379 2714 2997 2888 standest, besorgend, dass man es Dir
1386 2851 2798 2984 als Charakterschwäche auslegen
2807 2851 2990 3017 ob
1386 3023 2999 3191 könnte, heute darfst Dures tun,Wenn
1383 3156 3136 3346 Du eine öffentliche Erklärung abgebot
1395 3293 3092 3505 abgäbest in einer Form, über die noch
1414 3414 3061 3677 zu sprechen sein würde, des Inhaltes,
