3512 4216
2399 415 2569 535 100
840 555 2629 747 ruhiger Ueberlegung.Es 1tägt mir wahr¬
837 682 2734 922 haftig fern den Helden um jeden Preis zu
855 847 2744 1052 spielen. Und um die Wahrheit zu sagen, ich
862 1029 2871 1217 finde, ich hab' genug gekämpft in meinem Le¬
872 1209 2786 1384 ben. Die ersten fünf Jahre - es war wahr¬
867 1349 2116 1547 haftig keine Kleinigkeit.
867 1504 2749 1674 Cyprian: Das will ich glauben. Und jetzt,
885 1669 1827 1827 wo wir so weit s ind¬
870 1792 2839 1964 Löwenstein: Ihr habt einen Fehler gemacht.
902 1957 2624 2114 it Ebenpald hat es begonnen.Der Kerl
890 2114 2644 2281 hätte nie herein dürfen. Du bist kein
887 2244 2721 2426 Menschenkenner, Bernhardt. Und Filtz gar.
912 2416 2734 2639 Cyprian: Lassen w ir das. Nun müssen wir
900 2554 2854 2729 mit den Verhältnissen rechnen. Die Partei¬
932 2686 2751 2866 an bei uns s'ind so ziemlich gleich ver¬
930 2914 1217 3028 teilt.
920 2966 2856 3233 Löwenstein: Wisst Ihr das so sicher? Wohin
935 3118 2671 3348 gehört Altmann? Wohin Adler? Die fallen
922 3316 2741 3493 Euch in den Rücken.Nicht vielleicht um
947 3446 2754 3638 ihres Vorteils willen, sondern schon um
957 3591 2861 3888 einen guten Blick von den Andern zu kr te¬
942 3793 1322 3933 tueren
