3320 4008
2688 274 2860 381 260
1343 391 2946 558 denn Mutlos igke it kann es ja nicht
1351 595 2946 787 gewesen sein, sonst wären Sie nicht
1353 743 1731 868 bet mir.
1012 876 3111 1017 Pfarrer: Mutlos igkeit war es nicht.Aber ande¬
1351 1035 3025 1176 re Erwägungen liessen mich erkennen,
1343 1218 3038 1372 dass ich ein Unrecht in höherem Sinn
1340 1338 2894 1486 beginge,wenn ich öffentlich etwas
1351 1502 3090 1645 ausspräche,was dem grossen Ganzen, dem
1361 1651 2905 1789 ich angehöre, zu Schaden gereichen
1345 1807 2986 1943 konnte.Denn bedenken Sie,Herr Pro¬
1353 1953 2996 2083 .fessor wie man ein solches Geständ¬
1340 2104 2894 2227 nis aus dem Munde eines Priester
1351 2245 2832 2391 ausgelegt hätte, insbesondere in
1351 2402 2834 2524 einer so bewegten Zeit. Wie man
1351 2555 2780 2699 mich, so könig ich es bin, für
1359 2662 3098 2834 einen Abtrünnigen angesehen hätte.ste
1351 2879 3168 2975 Kirche braucht uns ganz oder gar nicht.
1345 3017 2920 3145 Wir müssen ihr mit unserer ganzen
1356 3137 3053 3275 Seele angehören,mit unserem höchsten
1356 3306 3137 3478 Gehorsam auch dann, wenn unser Verstand
1374 3447 3048 3624 zubetlen leise oder stärkere Zweifel
1359 3570 2983 3737 vernehmen lässt. Wir müssen es um
