3448 4184
2984 623 3116 734 31
1015 729 3005 954 leichtfertig überstürzt worden ist.
3055 771 3175 930 3a
1036 885 3061 1065 Eb nw: Die Insinuation als wäre vielleicht
1044 1028 3021 1182 von meiner Seite zu Ueberstürzung oder gar
1044 1163 2952 1338 leichtfertiger Ueberstürzung aufgefordert
1047 1288 2981 1495 worden, gestatte ich mir als unzutreffend
1047 1468 1746 1624 zurückzuweisen
1373 1553 1680 1646 la selée
1089 1593 2650 1776 Bernh: Ich neh###i as zur renntnis.
2549 1643 3140 1762 de suis enfant ces
1049 1717 3177 1892 Ebenw: sieht auf die Uhr Mein Kurs. Obeig
1060 1882 2586 2033 Ich habe die Ehre, meine verren.
1079 1990 3058 2165 Bernh: Ich muss auch ins Bureau. lässt
1068 2133 3045 2274 Ebenwald der schon an der Türe ist den Vor
1084 2237 2676 2425 tritt. Bitte sehr, Herr Professor
1079 2385 2777 2578 Altm: Ich sei gewährt mir die Bite,
1081 2507 3021 2716 Ebenw: ab. trifft in der Türe mit Dozent
1065 2676 1768 2798 Adler zusammen
2170 2655 3037 2907 bemalt
2412 2910 2655 3111 el.
