3352 4056
2666 340 2840 519 287
931 444 2799 648 dass mein Gesuch bewilligt wird, den
939 654 3019 791 Prinzen nicht zu lange warten zu lasten.
942 796 2897 967 Flin : Ach so. Du kommst her Dich über
929 929 1938 1118 mich lustig machen.
929 1118 2783 1299 Bernhardi: Wieso denn? Ich gehe nur
926 1255 2921 1419 korrekt vor.Ich habe keine Lust wieder
929 1393 2954 1577 zu sitzen. Drei Monate waren eben genug.
1211 1497 1408 1618 Adr
926 1564 2780 1753 Flint: Du bist gar nicht so korrekt
916 1712 2861 1880 wie Du glaubst.Dieses Gesuch ist näm-
929 1868 2913 2026 lich an das Justizministerium zu rich-
929 2023 2768 2179 ten. Ich könnte ein fach Gleiches mit
916 2153 2825 2353 Gleichem vergelten und Dich ersuchen
916 2298 2871 2511 Bernhardi: Aber Du tust es nicht,denn
916 2477 2913 2651 der Justizminister würde ja das Gesuch
903 2638 2884 2835 zur Begutachtung an Dich zurücksenden
905 2788 2856 2996 und so ist es wohl im Interesse einer
903 2949 1865 3123 raschen Erledigung
892 3110 2804 3253 Flint: Genug,genug.Ich habe wirklich
903 3268 2799 3424 keine Zeit und keine Lust -) Es liegt
905 3408 2864 3572 kein Anlass vor,dass Du dem ehrenvol.
890 3559 2876 3735 len puf des Prinzen nicht sofort Folge
