<?xml version="1.0" encoding="UTF-8" standalone="yes"?>
<PcGts xmlns="http://schema.primaresearch.org/PAGE/gts/pagecontent/2013-07-15" xmlns:xsi="http://www.w3.org/2001/XMLSchema-instance" xsi:schemaLocation="http://schema.primaresearch.org/PAGE/gts/pagecontent/2013-07-15 http://schema.primaresearch.org/PAGE/gts/pagecontent/2013-07-15/pagecontent.xsd">
    <Metadata>
        <Creator>prov=READ-COOP:name=TrHtr:version=2.1.0:model_id=51170:date=30_07_2023_11:44</Creator>
        <Created>2023-05-10T13:39:08.514+02:00</Created>
        <LastChange>2023-07-30T11:44:38.520+02:00</LastChange>
        <TranskribusMetadata docId="1428586" pageId="55413556" pageNr="26" tsid="131501410" status="IN_PROGRESS" userId="64420" imgUrl="https://files.transkribus.eu/Get?id=MMGMWADPRHBULZDSAZLQLUHH&amp;fileType=view" xmlUrl="https://files.transkribus.eu/Get?id=XWGVDCVIWAPNTPGOHFVOOEYK" imageId="44687696"/>
    </Metadata>
    <Page imageFilename="1428586_0026.jpg" imageWidth="3432" imageHeight="4184">
        <ReadingOrder>
            <OrderedGroup id="ro_1711790753190" caption="Regions reading order">
                <RegionRefIndexed index="0" regionRef="tr_1"/>
            </OrderedGroup>
        </ReadingOrder>
        <TextRegion id="tr_1" custom="readingOrder {index:0;}">
            <Coords points="268,451 3270,451 3270,3501 268,3501"/>
            <TextLine id="tr_1_tl_1" custom="readingOrder {index:0;}">
                <Coords points="3013,586 3047,572 3067,580 3082,572 3090,580 3130,575 3139,566 3150,575 3167,572 3170,354 3122,372 3082,409 3073,400 3045,415 3013,412"/>
                <Baseline points="3029,504 3041,501 3085,501 3130,501 3175,501"/>
                <TextEquiv>
                    <Unicode>22.</Unicode>
                </TextEquiv>
            </TextLine>
            <TextLine id="tr_1_tl_2" custom="readingOrder {index:1;}">
                <Coords points="1043,712 2344,758 2959,652 3259,732 3262,566 2650,512 2153,606 1798,552 1046,615"/>
                <Baseline points="1059,698 1077,701 1122,698 1166,698 1211,695 1256,695 1301,695 1345,692 1390,689 1435,686 1480,686 1524,683 1569,683 1614,683 1659,683 1704,677 1748,674 1793,674 1838,674 1883,671 1927,671 1972,671 2017,671 2062,671 2106,665 2151,665 2196,662 2241,662 2285,662 2330,662 2375,662 2420,659 2465,659 2509,659 2554,656 2599,656 2644,653 2688,653 2733,653 2778,650 2823,647 2867,644 2912,641 2957,641 3002,638 3046,635 3091,635 3136,632 3181,632 3226,632 3270,635"/>
                <TextEquiv>
                    <Unicode>Altmann tritt einvon rechts. Mann in mittleren</Unicode>
                </TextEquiv>
            </TextLine>
            <TextLine id="tr_1_tl_3" custom="readingOrder {index:2;}">
                <Coords points="1049,846 1126,898 1598,838 2999,869 3002,729 2213,783 1670,732 1052,803"/>
                <Baseline points="1068,844 1083,847 1128,847 1172,847 1217,844 1262,841 1307,844 1351,841 1396,841 1441,841 1486,838 1530,838 1575,835 1620,835 1665,832 1710,832 1754,829 1799,826 1844,826 1889,823 1933,823 1978,820 2023,820 2068,817 2112,814 2157,814 2202,817 2247,817 2291,814 2336,814 2381,814 2426,814 2471,808 2515,805 2560,802 2605,802 2650,799 2694,796 2739,796 2784,793 2829,790 2873,790 2918,787 2963,784 3008,784"/>
                <TextEquiv>
                    <Unicode>Jahren, der ungefähr wie ein Börsianer aus</Unicode>
                </TextEquiv>
            </TextLine>
            <TextLine id="tr_1_tl_4" custom="readingOrder {index:3;}">
                <Coords points="1835,921 1892,935 1898,929 1913,932 1947,906 1953,912 1970,912 1973,855 1938,860 1915,852 1890,860 1872,849 1864,858 1838,860"/>
                <Baseline points="1850,907 1889,907 1933,904 1978,901"/>
                <TextEquiv>
                    <Unicode>on the</Unicode>
                </TextEquiv>
            </TextLine>
            <TextLine id="tr_1_tl_5" custom="readingOrder {index:4;}">
                <Coords points="1052,1049 3085,963 3130,858 1055,952"/>
                <Baseline points="1068,1002 1077,1002 1122,999 1166,996 1211,996 1256,993 1301,993 1345,990 1390,987 1435,987 1480,984 1524,981 1569,981 1614,981 1659,978 1704,975 1748,975 1793,975 1838,972 1883,972 1927,969 1972,966 2017,963 2062,963 2106,960 2151,957 2196,957 2241,954 2285,954 2330,954 2375,951 2420,951 2465,949 2509,946 2554,943 2599,943 2644,943 2688,940 2733,937 2778,937 2823,937 2867,937 2912,934 2957,934 3002,931 3046,928 3091,925 3136,922"/>
                <TextEquiv>
                    <Unicode>sieht. Er behält den Hut auf dem Kopf, legt</Unicode>
                </TextEquiv>
            </TextLine>
            <TextLine id="tr_1_tl_6" custom="readingOrder {index:5;}">
                <Coords points="1066,1161 2996,1095 3136,1081 3142,969 1226,1018 1069,1086"/>
                <Baseline points="1083,1145 1128,1142 1172,1140 1217,1137 1262,1134 1307,1134 1351,1131 1396,1131 1441,1128 1486,1128 1530,1128 1575,1125 1620,1122 1665,1122 1710,1119 1754,1119 1799,1116 1844,1116 1889,1113 1933,1110 1978,1110 2023,1107 2068,1104 2112,1104 2157,1101 2202,1098 2247,1098 2291,1098 2336,1095 2381,1095 2426,1092 2471,1089 2515,1086 2560,1083 2605,1083 2650,1080 2694,1077 2739,1077 2784,1074 2829,1071 2873,1068 2918,1065 2963,1062 3008,1062 3052,1056 3097,1056 3142,1056"/>
                <TextEquiv>
                    <Unicode>ihn erst nach einiger Zeit ab. Sein Benehmen</Unicode>
                </TextEquiv>
            </TextLine>
            <TextLine id="tr_1_tl_7" custom="readingOrder {index:6;}">
                <Coords points="2967,1149 2999,1141 3013,1146 3047,1126 3067,1146 3093,1141 3110,1129 3142,1135 3145,1078 3119,1081 3110,1072 3096,1083 3085,1072 3067,1083 3042,1075 3019,1089 3005,1083 2996,1092 2970,1092"/>
                <Baseline points="2984,1119 3017,1116 3061,1113 3106,1110 3151,1110"/>
                <TextEquiv>
                    <Unicode>G.H.F.P.P</Unicode>
                </TextEquiv>
            </TextLine>
            <TextLine id="tr_1_tl_8" custom="readingOrder {index:7;}">
                <Coords points="1063,1346 2965,1304 3116,1284 3122,1132 1072,1204"/>
                <Baseline points="1083,1289 1116,1286 1160,1280 1205,1280 1250,1280 1295,1277 1339,1274 1384,1271 1429,1274 1474,1268 1519,1268 1563,1265 1608,1265 1653,1262 1698,1259 1742,1256 1787,1253 1832,1253 1877,1250 1921,1250 1966,1247 2011,1244 2056,1241 2100,1241 2145,1238 2190,1235 2235,1235 2280,1235 2324,1229 2369,1232 2414,1226 2459,1223 2503,1223 2548,1220 2593,1220 2638,1217 2682,1214 2727,1214 2772,1211 2817,1208 2861,1205 2906,1205 2951,1202 2996,1202 3041,1199 3085,1202 3130,1193"/>
                <TextEquiv>
                    <Unicode>ist jovial, dabei unsicher, beifallsuchend,</Unicode>
                </TextEquiv>
            </TextLine>
            <TextLine id="tr_1_tl_9" custom="readingOrder {index:8;}">
                <Coords points="1098,1449 2987,1447 3188,1395 3193,1269 1103,1344"/>
                <Baseline points="1116,1435 1137,1432 1181,1429 1226,1429 1271,1429 1316,1426 1360,1426 1405,1423 1450,1420 1495,1420 1539,1417 1584,1417 1629,1414 1674,1411 1718,1408 1763,1405 1808,1405 1853,1402 1898,1399 1942,1399 1987,1396 2032,1393 2077,1390 2121,1387 2166,1387 2211,1387 2256,1381 2300,1378 2345,1375 2390,1375 2435,1375 2479,1372 2524,1369 2569,1369 2614,1366 2659,1363 2703,1360 2748,1357 2793,1354 2838,1351 2882,1351 2927,1351 2972,1348 3017,1345 3061,1345 3106,1342 3151,1342 3196,1342"/>
                <TextEquiv>
                    <Unicode>Da bist Du ja Bernhardi: Guten Morgen Eben</Unicode>
                </TextEquiv>
            </TextLine>
            <TextLine id="tr_1_tl_10" custom="readingOrder {index:9;}">
                <Coords points="1081,1652 2733,1555 2967,1607 2979,1424 1086,1518"/>
                <Baseline points="1098,1581 1101,1578 1145,1581 1190,1581 1235,1581 1280,1581 1325,1581 1369,1578 1414,1566 1459,1569 1504,1569 1548,1566 1593,1563 1638,1560 1683,1560 1727,1557 1772,1554 1817,1551 1862,1548 1906,1545 1951,1542 1996,1542 2041,1539 2086,1536 2130,1536 2175,1533 2220,1530 2265,1527 2309,1527 2354,1524 2399,1521 2444,1519 2488,1516 2533,1513 2578,1510 2623,1510 2667,1507 2712,1507 2757,1501 2802,1501 2847,1498 2891,1495 2936,1492 2981,1489"/>
                <TextEquiv>
                    <Unicode>wald. begrüsst die andern mit leichtem</Unicode>
                </TextEquiv>
            </TextLine>
            <TextLine id="tr_1_tl_11" custom="readingOrder {index:10;}">
                <Coords points="543,1644 572,1647 649,1598 772,1609 806,1584 860,1604 906,1578 949,1581 958,1472 921,1472 898,1452 826,1472 806,1458 783,1467 766,1447 703,1444 655,1464 617,1455 557,1487"/>
                <Baseline points="561,1605 599,1599 644,1593 689,1590 734,1587 778,1584 823,1581 868,1575 913,1569 957,1557"/>
                <TextEquiv>
                    <Unicode>she is</Unicode>
                </TextEquiv>
            </TextLine>
            <TextLine id="tr_1_tl_12" custom="readingOrder {index:11;}">
                <Coords points="1066,1758 2253,1684 2376,1732 2650,1658 2767,1712 3105,1641 3107,1567 1072,1658"/>
                <Baseline points="1086,1736 1098,1736 1142,1736 1187,1736 1232,1733 1277,1733 1322,1733 1366,1730 1411,1730 1456,1724 1501,1724 1545,1721 1590,1718 1635,1715 1680,1710 1724,1710 1769,1707 1814,1707 1859,1701 1903,1698 1948,1698 1993,1695 2038,1689 2083,1689 2127,1686 2172,1686 2217,1680 2262,1680 2306,1674 2351,1674 2396,1671 2441,1668 2485,1665 2530,1662 2575,1659 2620,1653 2664,1653 2709,1650 2754,1650 2799,1644 2844,1641 2888,1641 2933,1638 2978,1635 3023,1632 3067,1629 3112,1629"/>
                <TextEquiv>
                    <Unicode>Kopfnicken na ir gehts Oskar? Väter und</Unicode>
                </TextEquiv>
            </TextLine>
            <TextLine id="tr_1_tl_13" custom="readingOrder {index:12;}">
                <Coords points="520,1758 552,1770 615,1747 698,1750 763,1707 800,1727 838,1718 886,1772 938,1747 972,1755 989,1615 935,1572 838,1615 800,1604 666,1670 620,1649 532,1672"/>
                <Baseline points="543,1727 584,1727 629,1724 674,1718 719,1710 763,1707 808,1704 853,1695 898,1689 943,1686 987,1683"/>
                <TextEquiv>
                    <Unicode>will de</Unicode>
                </TextEquiv>
            </TextLine>
            <TextLine id="tr_1_tl_14" custom="readingOrder {index:13;}">
                <Coords points="1089,1924 3050,1801 3113,1790 3122,1672 1933,1792 1101,1750"/>
                <Baseline points="1107,1880 1151,1880 1196,1880 1241,1877 1286,1874 1331,1874 1375,1871 1420,1868 1465,1865 1510,1862 1554,1856 1599,1853 1644,1853 1689,1853 1733,1853 1778,1850 1823,1847 1868,1841 1912,1841 1957,1835 2002,1832 2047,1832 2092,1829 2136,1823 2181,1820 2226,1817 2271,1814 2315,1814 2360,1811 2405,1808 2450,1808 2494,1805 2539,1799 2584,1799 2629,1793 2673,1790 2718,1787 2763,1784 2808,1781 2852,1778 2897,1775 2942,1772 2987,1769 3032,1766 3076,1763 3121,1757"/>
                <TextEquiv>
                    <Unicode>Söhne. i: (er hat die gewohnheit am Schluss</Unicode>
                </TextEquiv>
            </TextLine>
            <TextLine id="tr_1_tl_15" custom="readingOrder {index:14;}">
                <Coords points="703,1810 746,1821 772,1812 789,1824 803,1810 809,1815 823,1804 843,1804 846,1715 829,1715 820,1724 818,1718 806,1724 792,1718 758,1741 732,1724 706,1730"/>
                <Baseline points="722,1778 760,1775 805,1775 850,1775"/>
                <TextEquiv>
                    <Unicode>me</Unicode>
                </TextEquiv>
            </TextLine>
            <TextLine id="tr_1_tl_16" custom="readingOrder {index:15;}">
                <Coords points="420,1921 460,1927 500,1950 540,1924 563,1921 572,1935 609,1930 666,1895 703,1918 718,1798 672,1790 652,1772 626,1784 566,1775 532,1792 506,1775 477,1792 435,1778"/>
                <Baseline points="435,1912 447,1909 492,1906 537,1901 581,1895 626,1892 671,1886 716,1877"/>
                <TextEquiv>
                    <Unicode>Klxx</Unicode>
                </TextEquiv>
            </TextLine>
            <TextLine id="tr_1_tl_17" custom="readingOrder {index:16;}">
                <Coords points="1098,2035 2181,2053 2564,1941 3150,1933 3153,1867 1103,1941"/>
                <Baseline points="1116,2017 1142,2017 1187,2017 1232,2014 1277,2014 1322,2011 1366,2008 1411,2005 1456,2002 1501,2002 1545,2002 1590,1999 1635,1996 1680,1996 1724,1990 1769,1987 1814,1984 1859,1981 1903,1978 1948,1975 1993,1969 2038,1966 2083,1966 2127,1963 2172,1960 2217,1957 2262,1954 2306,1951 2351,1948 2396,1948 2441,1945 2485,1942 2530,1939 2575,1936 2620,1933 2664,1930 2709,1927 2754,1924 2799,1921 2844,1918 2888,1915 2933,1912 2978,1906 3023,1906 3067,1903 3112,1903 3157,1903"/>
                <TextEquiv>
                    <Unicode>seiner Fragen, insbesondre nach Zitaten ein</Unicode>
                </TextEquiv>
            </TextLine>
            <TextLine id="tr_1_tl_18" custom="readingOrder {index:17;}">
                <Coords points="412,2018 543,2044 743,1995 932,2013 943,1881 863,1861 720,1924 663,1895 589,1941 546,1921 497,1950 417,1941"/>
                <Baseline points="426,2011 453,2008 498,2008 543,2005 587,2002 632,1999 677,1996 722,1987 766,1981 811,1975 856,1972 901,1966 946,1960"/>
                <TextEquiv>
                    <Unicode>Saloreterium? -</Unicode>
                </TextEquiv>
            </TextLine>
            <TextLine id="tr_1_tl_19" custom="readingOrder {index:18;}">
                <Coords points="1092,2190 2461,2167 2807,2061 3142,2133 3202,1947 1098,2084"/>
                <Baseline points="1110,2163 1142,2163 1187,2163 1232,2160 1277,2157 1322,2151 1366,2151 1411,2148 1456,2145 1501,2142 1545,2139 1590,2136 1635,2133 1680,2130 1724,2127 1769,2124 1814,2121 1859,2118 1903,2115 1948,2115 1993,2109 2038,2109 2083,2106 2127,2103 2172,2100 2217,2097 2262,2094 2306,2092 2351,2089 2396,2086 2441,2080 2485,2080 2530,2077 2575,2074 2620,2071 2664,2068 2709,2065 2754,2062 2799,2059 2844,2053 2888,2050 2933,2047 2978,2047 3023,2044 3067,2041 3112,2041 3157,2038 3202,2032"/>
                <TextEquiv>
                    <Unicode>unartikuliertes wie fragendes i auszustossen.</Unicode>
                </TextEquiv>
            </TextLine>
            <TextLine id="tr_1_tl_20" custom="readingOrder {index:19;}">
                <Coords points="392,2178 549,2144 586,2158 606,2141 663,2181 698,2153 723,2164 812,2133 880,2135 886,2041 840,2024 623,2073 535,2053 500,2078 460,2055 400,2078"/>
                <Baseline points="411,2145 438,2145 483,2142 528,2139 572,2136 617,2133 662,2127 707,2124 752,2118 796,2115 841,2118 886,2112"/>
                <TextEquiv>
                    <Unicode>Oste uu 4bre</Unicode>
                </TextEquiv>
            </TextLine>
            <TextLine id="tr_1_tl_21" custom="readingOrder {index:20;}">
                <Coords points="246,2187 277,2193 283,2201 294,2204 323,2181 340,2181 352,2090 340,2087 326,2070 314,2081 297,2075 292,2081 263,2078"/>
                <Baseline points="268,2157 307,2151 352,2145"/>
                <TextEquiv>
                    <Unicode>1</Unicode>
                </TextEquiv>
            </TextLine>
            <TextLine id="tr_1_tl_22" custom="readingOrder {index:21;}">
                <Coords points="1246,2316 1418,2381 1938,2278 2641,2281 2744,2210 3096,2190 3099,2113 2733,2167 2619,2093 2450,2167 1252,2241"/>
                <Baseline points="1265,2300 1268,2300 1313,2297 1357,2297 1402,2294 1447,2288 1492,2285 1536,2285 1581,2282 1626,2280 1671,2277 1715,2274 1760,2271 1805,2268 1850,2265 1895,2262 1939,2262 1984,2256 2029,2253 2074,2250 2118,2247 2163,2241 2208,2241 2253,2238 2297,2235 2342,2232 2387,2232 2432,2229 2476,2226 2521,2223 2566,2220 2611,2220 2656,2214 2700,2211 2745,2202 2790,2202 2835,2196 2879,2193 2924,2190 2969,2190 3014,2184 3058,2178 3103,2175"/>
                <TextEquiv>
                    <Unicode>zu Bernhardi Ich hab Dich hier oben ge</Unicode>
                </TextEquiv>
            </TextLine>
            <TextLine id="tr_1_tl_23" custom="readingOrder {index:22;}">
                <Coords points="383,2250 517,2247 566,2276 612,2244 638,2264 686,2230 758,2258 809,2250 815,2150 758,2147 726,2164 698,2153 660,2181 638,2155 555,2196 463,2176 386,2198"/>
                <Baseline points="399,2232 417,2232 462,2232 507,2235 552,2232 596,2229 641,2226 686,2220 731,2217 775,2217 820,2217"/>
                <TextEquiv>
                    <Unicode>mays em</Unicode>
                </TextEquiv>
            </TextLine>
            <TextLine id="tr_1_tl_24" custom="readingOrder {index:23;}">
                <Coords points="2736,2284 2784,2293 2827,2261 2847,2273 2930,2250 2962,2267 3139,2236 3228,2250 3236,2173 3196,2187 3130,2173 3022,2213 2936,2198 2884,2221 2850,2204 2770,2221 2744,2207"/>
                <Baseline points="2754,2262 2790,2262 2835,2259 2879,2250 2924,2244 2969,2244 3014,2241 3058,2235 3103,2229 3148,2226 3193,2223 3237,2223"/>
                <TextEquiv>
                    <Unicode>reçu huit</Unicode>
                </TextEquiv>
            </TextLine>
            <TextLine id="tr_1_tl_25" custom="readingOrder {index:24;}">
                <Coords points="435,2324 552,2367 575,2350 672,2364 772,2324 878,2318 878,2264 823,2253 775,2264 723,2230 649,2278 606,2250 572,2276 497,2261 437,2284"/>
                <Baseline points="453,2315 483,2321 528,2321 572,2321 617,2321 662,2318 707,2315 752,2312 796,2312 841,2312 886,2306"/>
                <TextEquiv>
                    <Unicode>Iph Kare</Unicode>
                </TextEquiv>
            </TextLine>
            <TextLine id="tr_1_tl_26" custom="readingOrder {index:25;}">
                <Coords points="1123,2464 3182,2376 3190,2238 1126,2384"/>
                <Baseline points="1140,2447 1181,2444 1226,2441 1271,2438 1316,2438 1360,2435 1405,2432 1450,2426 1495,2423 1539,2420 1584,2417 1629,2414 1674,2414 1718,2408 1763,2408 1808,2405 1853,2402 1898,2399 1942,2396 1987,2393 2032,2390 2077,2384 2121,2384 2166,2378 2211,2378 2256,2375 2300,2372 2345,2366 2390,2363 2435,2360 2479,2357 2524,2351 2569,2348 2614,2348 2659,2345 2703,2342 2748,2339 2793,2336 2838,2336 2882,2333 2927,2327 2972,2324 3017,2321 3061,2318 3106,2312 3151,2312 3196,2309"/>
                <TextEquiv>
                    <Unicode>sucht. Es ist heut früh nämlich vom Kranken</Unicode>
                </TextEquiv>
            </TextLine>
            <TextLine id="tr_1_tl_27" custom="readingOrder {index:26;}">
                <Coords points="443,2441 546,2444 569,2464 723,2413 866,2413 878,2321 826,2341 795,2327 772,2347 758,2336 692,2350 638,2381 626,2364 580,2390 537,2364 452,2373"/>
                <Baseline points="462,2426 477,2423 522,2423 567,2423 611,2420 656,2414 701,2408 746,2402 790,2393 835,2387 880,2381"/>
                <TextEquiv>
                    <Unicode>I he was in als</Unicode>
                </TextEquiv>
            </TextLine>
            <TextLine id="tr_1_tl_28" custom="readingOrder {index:27;}">
                <Coords points="532,2507 609,2513 632,2496 649,2516 755,2479 812,2499 929,2436 1026,2447 1046,2353 995,2361 963,2338 812,2424 543,2453"/>
                <Baseline points="549,2500 552,2500 596,2497 641,2497 686,2488 731,2479 775,2471 820,2459 865,2447 910,2438 954,2426 999,2414 1044,2405"/>
                <TextEquiv>
                    <Unicode>empornt prie R.O.</Unicode>
                </TextEquiv>
            </TextLine>
            <TextLine id="tr_1_tl_29" custom="readingOrder {index:28;}">
                <Coords points="1106,2650 2579,2559 3082,2476 3087,2378 1118,2501"/>
                <Baseline points="1128,2575 1163,2578 1208,2575 1253,2575 1298,2572 1342,2569 1387,2566 1432,2563 1477,2563 1521,2560 1566,2554 1611,2551 1656,2548 1701,2545 1745,2542 1790,2539 1835,2536 1880,2533 1924,2533 1969,2530 2014,2527 2059,2524 2103,2521 2148,2518 2193,2515 2238,2512 2282,2509 2327,2503 2372,2500 2417,2497 2462,2494 2506,2491 2551,2488 2596,2485 2641,2482 2685,2479 2730,2473 2775,2473 2820,2473 2864,2468 2909,2468 2954,2465 2999,2462 3043,2459 3088,2459"/>
                <TextEquiv>
                    <Unicode>haus die Anfrage an mich gekommen, ob ich</Unicode>
                </TextEquiv>
            </TextLine>
            <TextLine id="tr_1_tl_30" custom="readingOrder {index:29;}">
                <Coords points="397,2584 435,2610 540,2587 620,2636 829,2530 1023,2490 1032,2450 929,2436 809,2501 755,2496 609,2544 463,2533 415,2499"/>
                <Baseline points="414,2584 450,2584 495,2581 540,2578 584,2575 629,2566 674,2560 719,2554 763,2548 808,2530 853,2518 898,2506 943,2491 987,2482 1032,2473"/>
                <TextEquiv>
                    <Unicode>bien verdrede serviteur</Unicode>
                </TextEquiv>
            </TextLine>
            <TextLine id="tr_1_tl_31" custom="readingOrder {index:30;}">
                <Coords points="780,2584 832,2599 901,2567 983,2559 1009,2567 1029,2487 1006,2487 943,2524 926,2504 901,2524 886,2510 809,2541 792,2536"/>
                <Baseline points="799,2578 802,2578 847,2572 892,2560 937,2548 981,2539 1026,2533"/>
                <TextEquiv>
                    <Unicode>büchsel</Unicode>
                </TextEquiv>
            </TextLine>
            <TextLine id="tr_1_tl_32" custom="readingOrder {index:31;}">
                <Coords points="1123,2750 3167,2659 3219,2530 1132,2633"/>
                <Baseline points="1142,2721 1160,2721 1205,2718 1250,2715 1295,2712 1339,2709 1384,2706 1429,2703 1474,2700 1519,2700 1563,2697 1608,2694 1653,2691 1698,2685 1742,2682 1787,2682 1832,2679 1877,2676 1921,2673 1966,2670 2011,2664 2056,2664 2100,2659 2145,2656 2190,2653 2235,2650 2280,2650 2324,2647 2369,2644 2414,2641 2459,2638 2503,2635 2548,2632 2593,2629 2638,2623 2682,2623 2727,2620 2772,2620 2817,2614 2861,2611 2906,2608 2951,2605 2996,2599 3041,2599 3085,2593 3130,2590 3175,2587 3220,2587"/>
                <TextEquiv>
                    <Unicode>in der Lage wäre meine Stellung schon in den</Unicode>
                </TextEquiv>
            </TextLine>
            <TextLine id="tr_1_tl_33" custom="readingOrder {index:32;}">
                <Coords points="489,2696 537,2713 575,2679 660,2661 683,2676 726,2670 778,2704 846,2676 880,2687 935,2664 941,2576 869,2579 835,2599 786,2581 735,2607 695,2596 623,2636 572,2607 552,2619 526,2596 495,2599"/>
                <Baseline points="504,2673 540,2667 584,2664 629,2662 674,2659 719,2656 763,2659 808,2656 853,2653 898,2647 943,2638"/>
                <TextEquiv>
                    <Unicode>Unterricht</Unicode>
                </TextEquiv>
            </TextLine>
            <TextLine id="tr_1_tl_34" custom="readingOrder {index:33;}">
                <Coords points="1129,2873 1535,2930 1830,2842 2719,2830 2922,2747 3099,2793 3222,2744 3228,2656 2481,2653 2327,2742 1135,2793"/>
                <Baseline points="1145,2867 1172,2870 1217,2864 1262,2864 1307,2861 1351,2858 1396,2855 1441,2852 1486,2850 1530,2844 1575,2844 1620,2838 1665,2838 1710,2835 1754,2832 1799,2829 1844,2829 1889,2823 1933,2820 1978,2817 2023,2811 2068,2808 2112,2805 2157,2802 2202,2802 2247,2799 2291,2796 2336,2793 2381,2790 2426,2784 2471,2781 2515,2781 2560,2775 2605,2772 2650,2769 2694,2766 2739,2760 2784,2757 2829,2754 2873,2754 2918,2748 2963,2745 3008,2742 3052,2736 3097,2730 3142,2730 3187,2727 3232,2724"/>
                <TextEquiv>
                    <Unicode>nächsten Tagen anzutreen, Brunnleiter hat den</Unicode>
                </TextEquiv>
            </TextLine>
            <TextLine id="tr_1_tl_35" custom="readingOrder {index:34;}">
                <Coords points="509,2802 529,2802 535,2813 583,2802 617,2810 635,2804 643,2816 718,2802 749,2813 758,2710 712,2696 695,2710 683,2696 629,2713 603,2704 515,2739"/>
                <Baseline points="528,2763 537,2760 581,2754 626,2748 671,2745 716,2739 760,2742"/>
                <TextEquiv>
                    <Unicode>men</Unicode>
                </TextEquiv>
            </TextLine>
            <TextLine id="tr_1_tl_36" custom="readingOrder {index:35;}">
                <Coords points="1149,3019 2950,2970 3162,2919 3170,2784 1155,2927"/>
                <Baseline points="1166,3008 1202,3005 1247,3005 1292,3002 1336,2999 1381,2993 1426,2993 1471,2990 1516,2987 1560,2984 1605,2984 1650,2981 1695,2975 1739,2972 1784,2972 1829,2966 1874,2966 1918,2960 1963,2957 2008,2954 2053,2951 2097,2948 2142,2942 2187,2942 2232,2939 2277,2933 2321,2933 2366,2930 2411,2927 2456,2924 2500,2921 2545,2915 2590,2912 2635,2912 2679,2909 2724,2903 2769,2900 2814,2900 2858,2894 2903,2891 2948,2888 2993,2885 3038,2882 3082,2879 3127,2876 3172,2873"/>
                <TextEquiv>
                    <Unicode>um Urlaub angesucht, sieben Perzent Zucker.</Unicode>
                </TextEquiv>
            </TextLine>
            <TextLine id="tr_1_tl_37" custom="readingOrder {index:36;}">
                <Coords points="798,3047 829,3053 855,3042 901,3053 978,3016 992,3025 1035,3022 1063,3002 1078,3005 1086,2939 992,2922 966,2936 932,2933 869,2973 829,2947 809,2947"/>
                <Baseline points="817,3029 820,3026 865,3023 910,3020 954,3014 999,3008 1044,2999 1089,2990"/>
                <TextEquiv>
                    <Unicode>seem of</Unicode>
                </TextEquiv>
            </TextLine>
            <TextLine id="tr_1_tl_38" custom="readingOrder {index:37;}">
                <Coords points="1152,3182 1770,3139 1838,3185 2241,3102 2384,3147 2393,3010 2253,3045 2090,2996 1975,3045 1601,2990 1444,3076 1361,3039 1161,3065"/>
                <Baseline points="1171,3160 1181,3160 1226,3157 1271,3151 1316,3148 1360,3148 1405,3145 1450,3145 1495,3142 1539,3133 1584,3133 1629,3130 1674,3127 1718,3124 1763,3121 1808,3115 1853,3109 1898,3106 1942,3103 1987,3100 2032,3097 2077,3097 2121,3097 2166,3091 2211,3091 2256,3085 2300,3082 2345,3082 2390,3079"/>
                <TextEquiv>
                    <Unicode>Letzte Tage von Pompeji i</Unicode>
                </TextEquiv>
            </TextLine>
            <TextLine id="tr_1_tl_39" custom="readingOrder {index:38;}">
                <Coords points="823,3445 1730,3413 2644,3239 3093,3279 3127,3185 2956,3127 2030,3216 1807,3153 1481,3319 832,3345"/>
                <Baseline points="841,3405 886,3408 931,3408 975,3405 1020,3405 1065,3399 1110,3396 1154,3393 1199,3393 1244,3387 1289,3381 1333,3378 1378,3372 1423,3369 1468,3366 1513,3363 1557,3360 1602,3354 1647,3348 1692,3342 1736,3336 1781,3327 1826,3321 1871,3312 1915,3309 1960,3306 2005,3303 2050,3300 2094,3297 2139,3294 2184,3288 2229,3285 2274,3282 2318,3279 2363,3273 2408,3267 2453,3261 2497,3258 2542,3252 2587,3246 2632,3243 2676,3240 2721,3234 2766,3232 2811,3232 2855,3232 2900,3232 2945,3232 2990,3232 3035,3229 3079,3229 3127,3228"/>
                <TextEquiv>
                    <Unicode>Flint all in it long here. In thest of the</Unicode>
                </TextEquiv>
            </TextLine>
            <TextLine id="tr_1_tl_40" custom="readingOrder {index:39;}">
                <Coords points="566,3342 738,3385 961,3310 1132,3336 1272,3290 1452,3319 1561,3282 1638,3345 1652,3182 1558,3213 1472,3179 1329,3242 1146,3202 869,3273 572,3276"/>
                <Baseline points="581,3333 620,3336 665,3333 710,3330 755,3327 799,3324 844,3321 889,3312 934,3303 978,3300 1023,3300 1068,3297 1113,3294 1157,3288 1202,3285 1247,3282 1292,3282 1336,3279 1381,3273 1426,3273 1471,3270 1516,3264 1560,3258 1605,3255 1650,3252"/>
                <TextEquiv>
                    <Unicode>F. L. T. C. D. de Caire</Unicode>
                </TextEquiv>
            </TextLine>
            <TextLine id="tr_1_tl_41" custom="readingOrder {index:40;}">
                <Coords points="843,3539 1035,3553 1132,3499 1332,3473 1469,3508 1730,3451 1758,3471 1792,3388 1727,3416 1575,3362 1521,3393 1341,3376 1224,3445 852,3433"/>
                <Baseline points="865,3485 901,3488 946,3491 990,3491 1035,3491 1080,3491 1125,3491 1169,3485 1214,3479 1259,3476 1304,3470 1348,3467 1393,3464 1438,3458 1483,3455 1527,3452 1572,3449 1617,3443 1662,3443 1707,3440 1751,3437 1796,3434"/>
                <TextEquiv>
                    <Unicode>see a letter hei ches.</Unicode>
                </TextEquiv>
            </TextLine>
        </TextRegion>
    </Page>
</PcGts>
