3352 3992
2543 323 2716 446 259
1347 474 2941 634 hätten vielleicht ein Recht gehabt
1364 649 2199 782 daran zu apeifeln.
1013 795 1750 935 Bernhardi: Wie?
1021 950 2864 1058 Pfarrer: Ich muss es Ihnen gestehen, ich
1367 1093 3084 1234 fühlte mich innerlich schwankend wor¬
1379 1234 3097 1372 d en, als ich Ihnen gegenübers tand, ich
1362 1379 2991 1537 ohnte, dass das Recht in diesem Fall
1372 1557 3047 1683 auf Ihrer Seite sein könnte. Und dio¬
1367 1690 3084 1810 se Ahnung hat sich im Laufe der letz¬
1379 1830 3014 1973 ten Wochen im Anblick der gegen Sie
1377 2026 2818 2134 eingeleiteten Machtnationen zur
1374 2166 2347 2292 Gewissheit verstärkt.
1033 2337 3014 2437 Bernhardt: Ich danke Ihnen für diese etwas
1379 2467 2575 2603 verspätete Aufrichtigkeit.
1083 2590 3029 2751 farrer: Und möchten mich fragen,warum ich
1374 2766 2831 2901 vor Gericht dieser Ueberzeugung
1374 2866 3024 3054 nicht Ausdruck gegeben; sondern mich
1384 3059 2929 3207 begnügt habe jede feindselige Ab-
1384 3230 3034 3355 sicht Ihrerseits als ausgeschlossen
1384 3380 1963 3495 zuZerklären.
1058 3425 3074 3643 Bernhardi: Die Frage liegt nahe Hochwürden,
