3400 4184
3007 591 3152 827 22
1071 804 2261 964 Bern: Selbstverständlich.
1061 919 2954 1127 Ebenw: Ich finde das s nicht so selbst
1066 1073 2905 1276 verständlich. Wenn Prf. Altmann am Tage
1048 1228 3042 1396 der Wahl nicht mehr Mitglied des Vorstands
1071 1345 3075 1533 sein sollte, was ja durch seinen Uebertritt
1058 1490 2378 1644 ins allgemeine krankenhas...
1063 1594 2908 1807 bernh: Prof, (Almann ist natürlich bei
1109 1771 2918 1949 uns stimmberechtigt, solang seine Lehr
1058 1860 3096 2063 kanzel nicht definitiv besetzt ist. Darüber
1063 2040 2449 2233 kann doch kein Zweifel sein.
1119 2162 2875 2365 Ebenw: Ich behalte mir vor eventuelle
1066 2340 2903 2543 Zweifel in geeigneter Stunde und am ge
1086 2497 2329 2662 eigneten Orte vorzubringen
1094 2631 3042 2824 Bernh: Ntürlich kann ich Dich nicht hin
1096 2746 3070 2938 dern Dich von der Abstimmung zu enthalten,
1096 2847 2997 3053 aber von diesem Recht wirst Du doch wohl
1101 3030 2210 3215 keinen Gebrauch machen.
284 3050 985 3284 fà là. sièmes
1155 3139 3065 3350 Alt: Keineswegs. Du kannst Dir denken
180 3098 259 3306 +
322 3152 982 3342 dore, un hab
325 3261 995 3431 né ce qui vdt
1122 3301 3078 3514 dass mir das Schicksal meiner Abteilng am
322 3372 992 3552 de -1 stône feiler
1116 3431 3162 3624 Herzen liegt. Wie werde ich vergessen, dass
540 3509 875 3662 Corères
1124 3535 3020 3788 ich mit Dir und Cyprian Begründer dieser
414 3611 952 3794 drei seule
1132 3705 3004 3953 Anstalt gewesen bin (Sch muss auch noch
