3448 4216
2905 421 3036 618 36
1002 611 1654 815 Adler: Wieso?
1008 687 2960 936 Kurt : Na weil Herr Doent äussern, da kann
1015 860 2128 1071 man sagen was man will.
1900 988 2079 1084 in h
1019 1012 3095 1202 Adler: Redensart. Seien Sie nicht so streng
1022 1102 3019 1357 mit mir, Dr. Pflugfelder. Ich hab halt ge
1029 1271 2912 1499 meint, dass in der Diagnose seine Haupt
1775 1285 1924 1385 she
1046 1368 3133 1637 stärke liegt, nicht zum Beispiel in den thera
1685 1426 1827 1533 Mai
2877 1495 3057 1603 Tha
1071 1520 2987 1789 peutischen Erfolgen. Da experimentiert er
394 1706 729 1875 meme
1060 1727 2587 1969 doch verdammt heru.
2563 1786 2725 1896 in
297 1792 995 2041 universtellert
1060 1789 3063 2072 Kurt: W as sollen wir denn tun, auf der in
421 1955 870 2145 barrit
1084 1941 3164 2207 ternen.? Man muss doch die neuen Mittel ver
1095 2114 2839 2359 suchen, wenn die alten nichts helfen.
1095 2252 3126 2507 Adler: Und morgen ist das neue schon wieder
1112 2404 3095 2649 das alte. Ihr könnts ja nichts dafür, dass
1129 2507 2963 2770 es so ist. Ich habs ja auch einmal mit
1140 2649 3222 2936 gemacht. (Aber sehen Sie, diese (notgedrungene)
452 2760 3236 3126 in versinnend Herumtapp rei.) das war ja der grund dass ich
566 2798 895 3019 Aber is
1143 2908 3229 3212 mich in die patologische Anatomie geflüchtet
1157 3050 3288 3319 hab. Da ist man halt doch der Oberkontrollor
1167 3177 3133 3454 Kurt: Verzeihen, Herr Dozent, es ist doch
1185 3392 2245 3637 noch einer über Ihnen.
1195 3519 3146 3730 Adler: Ah, der hat keine Zeit sich um uns
