3480 4280
2799 502 2959 652 132
974 635 2947 824 Dir, ich hätte-leichter Es bedarf heut-
974 809 2920 969 zutage ein grösserer.Mut dazu für un¬
1323 922 2064 1041 mein Alsdor
984 984 2834 1122 sereinen sich als Deutscher und als
986 1137 2772 1269 Christ zu bekennen als zu bleiben,
982 1287 2925 1437 was man einmal schuldlos gewesen ist.
994 1464 2844 1587 Ich hätts leichter, sag ich Dir,wenn
1557 1547 1941 1678 guerre.
991 1624 1833 1752 ich Zionist wär.
986 1737 2932 1929 Ebenwald: Schon möglich. Eine Profes-
991 1919 2679 2034 sur in Jerusalem wär Dir sicher.
991 2084 2020 2224 Frankl: Oede Gspass
903 2226 2780 2403 Ebenwald: Also, mein lieber Frankl,
994 2379 2866 2499 wenn Du wieder zu Dir gekommen bist,
2150 2448 2672 2556 vernünftig
994 2522 2802 2701 so kann man vielleicht ruhiger mit
999 2706 1530 2856 Dir reden.
1016 2802 1916 3038 Frankl: Probier's.
1006 2986 2807 3117 Ebenwald: Schau,Du musst doch auch
482 3006 898 3200 Febelon
1009 3139 2952 3291 andereseits ein Einsehen haben.Es ist
1006 3282 2859 3412 halt eine so konfuse Zeit.Du weisst
1006 3459 2937 3601 doch wie ich zu Dir steh. Du weisst,
1014 3604 2873 3749 was ich von Dir halte. Aber es gibt
