3496 4120
2672 319 2847 454 232
988 477 2185 662 Pflugf.: Hm, salbungsvoll.
986 642 2835 778 Löwenstein: Sagen Sie lieber schmalzig.
986 788 2985 951 Pflugf.: Feig.Aber ich will es ihm ins Ge¬
1330 936 3066 1119 sicht sagen wo immer ich ihm begegne.
943 1079 2958 1277 Cuprian: Dazu wirst Du bald Gelegenheit ha¬
1320 1252 2845 1417 ben, er steigt eben mit Bernhardt
1327 1422 1992 1573 aus dem Wagen.
988 1553 2878 1739 Pflugf.: Na wenn es noch heut sein kann,
1322 1701 1909 1872 umso besser.
