3464 4232
2499 388 2680 538 170
1248 380 2896 687 steht es gewissermassen nur bei uns
1251 694 2952 908 die Angelegenheit als so klein anzu-
1253 798 2914 1034 sehen wie sie ist. Meine Herren, ich
1253 986 2969 1165 glaube den Vorzurf nicht fürchten zu
1246 1132 2821 1319 müssen, dass ich etwa Ihre Neugier
1268 1266 3062 1457 a uf die Folter szanne, denn Sie wissen
1258 1467 3014 1608 ja alle, um was es sich handelt. Immer¬
1253 1593 2876 1751 hin ist es meine Pflicht den Brief
1268 1751 2780 1897 zur Verlesung zu bringen, der mir
1263 1882 2841 2063 heute Morgens mit der ersten Post
1263 2048 3007 2224 und Retourrezepisse zugestellt wurde.
994 2239 1610 2416 Filitz: Hört.
991 2340 3017 2564 Bernhardt (liest): „Hochverehrter Herr Direk¬
199 2461 325 2599 omme
357 2476 757 2629 Au Ha
1288 2473 3020 2650 tor!Ich habe die Ehre Ihnen mitzutei¬
1623 2609 2146 2725 du lutte
345 2619 888 2778 wenn Tiles
1241 2627 3143 2823 len, dass das Kura tortum des Elisabetinum
367 2730 1069 2919 Ihver unileres
1291 2793 2906 2967 bestehend aus Seiner Hohet t und so
398 2841 1092 3055 uspan hi
1291 2954 2957 3158 weiter, die Namen kennen Sie ja — in
1293 3130 3047 3296 einer heute Nachmittag vier Uhr abge¬
1293 3279 2871 3435 haltenen Sitzung den einstimigen
1288 3384 3160 3593 Beschluss gefasst hat seine Ehrenstelle
1303 3555 2962 3774 zurückzulegen,was der ergebenst Un-
