3448 4120
2751 410 2933 569 227
1006 539 2986 759 vorgreifen würde. Wenn ich also dem An¬
1004 723 2989 877 trag des Herrn Vizedirektors,Professor
996 898 2895 1095 Ebenwald, auf Suspendierung des Herrn
1001 1067 2051 1219 Direktors zustimme,-
1004 1214 1740 1396 Filitz: Bravo!
1012 1317 3012 1527 Adler: -varanlasst mioh dazu von allem
1004 1494 2855 1674 sp bitte ich Sie alle und vor allem
1014 1654 3019 1790 den verehrten Herrn Professor Bernhardi
1014 1778 2895 1962 darin einen Beweis meines Vertmauens
1004 1904 2976 2091 für ihn und die Ueberzeugung zu erbli.
1014 2091 2951 2248 cken, dass xx Herr Professor Bernhardi
1014 2246 2974 2397 aus der gegen ihn eingeleiteten Unter.
1019 2428 2592 2559 suchung rein hervorgehen wird.
1022 2516 3055 2729 Cyprian: Aber Dr.Adler, dass eine oolela
1019 2693 3047 2852 Untersuchung überhaupt eingeleitet wird
1024 2855 3037 2997 damit geben sie ja die Berechtigung zu,
1024 2989 3042 3169 dass eine solche Untersuchung überhaupt
1029 3158 1907 3318 eingeleitet wird.
1032 3255 2615 3472 Filitz: Wer gibt das nicht zu?
1029 3434 2954 3684 Löwenstein: Auf eine solche Denunzia-
