3432 4216
2617 459 2753 556 65
1083 634 2884 796 her? Machot Du etwa ein Sanatorium auf
1095 774 2966 944 oder gehst Du trgend wohin als Badearzt?
1080 932 2923 1126 Oder wollt Ihr aus berhollabrunn einen
1078 1088 1954 1265 Luftkurort machen?
1088 1214 2796 1376 Feuermann: -ichts von alle dem.Es ist
1102 1384 2942 1558 eine (fürchterliche) Geschichte. Du weiss t
1085 1556 1716 1660 noch nichts?
1083 1709 1665 1818 Oskar: Nein.
1095 1830 2835 1991 Feuermann: Ich habe Deinem Herrn Papa
1109 2008 2940 2129 schon geschrieben,habe ihn gebeten sich
1085 2143 2915 2292 meiner anzunehmen. Und wie mir der Die¬
473 2163 908 2323 Er bekend
415 2287 1005 2444 I will briefe
1097 2304 2712 2454 ner draussen sagte, dass Du zugegen
1088 2471 2702 2580 bist, so wollte ich die Gelegenheit
1095 2617 2942 2782 nicht versäumen.) Vielleicht,wenn Du ein
1097 2738 2847 2877 Wort für mich einlegst.Du kunst mich
354 2770 942 2903 1: - i in c as
1092 2903 2964 3073 ja, wir haben zusammenstudiert,Du weisst,
320 2906 949 3085 handelt uit
1097 3088 2884 3253 dass ich es an Fleiss und Gewissenhaf¬
1090 3224 2850 3386 tigkeit nie habe fehlen lassen.Es ist
1090 3333 3042 3573 wirklich nur ein Unglück,was mir passiert
1102 3564 2804 3692 tst,das aber jedem passteren kann.Es
1097 3687 2920 3869 hat's ja nicht jeder so gut wie Du zum
