3432 4168
2662 470 2852 585 198
1040 531 2987 722 Bernhardi: Da Sie einen Vorfall,mei-
1037 788 2833 888 ne Herren, von dem Zeugen auch hier
1040 895 2889 1035 anwesend sind und für den ich volle
1037 1093 2940 1199 Verantwortung trage in einer faktiö-
1040 1228 3006 1370 sen, den Zwecken einer gewissen Partei-
1030 1363 2263 1509 Filitz: Welcher Partei?
1037 1526 2994 1688 Pflugf.: Der antisemitisch-klerikalen
1032 1683 1451 1810 Partei -
1020 1820 1827 1967 Filitz: Unsinn!
1027 2008 2972 2116 Bernhardi: riner gewissen Partei, über
1025 2128 2823 2319 deren Wesen wir Alle hier nicht im
1015 2319 2953 2427 Zweifel sind, mit so verschiedenen Ge-
1018 2456 2904 2647 fühlen wir ihr auch gegenüberstehen.
1008 2603 2334 2772 Löwenstein: Sehr richtig!
1008 2737 2960 2933 Bernhardi:- in einer faktiösen Weise
1010 2918 2750 3092 entstellt. Es wird mir auch nicht
1013 3048 2737 3254 einfallen vor Ihnen,meine Herren,
998 3239 2943 3368 diesen Vorfall in seiner Gänze zu re-
996 3373 2879 3603 kapitulieren, denn ich bin nicht hier,
