3400 4088
2819 363 3009 493 289
973 516 2355 713 vier Augen vernehmen - )
965 654 2959 846 Flint: Ah,Drohungen.Wahrhaftig,Du sün¬
975 846 2692 1001 digst ein wenig auf unsere alte —
973 967 1494 1084 Bernhardi:
970 1001 2962 1154 Felndschaft. Ja, das tu ich, mein lieber
967 1108 3022 1294 Flint. Aber ich bin weit entfernt Dir zu
970 1263 2972 1458 drohen. Es ist gar nicht meine Absicht
973 1458 2765 1595 unsere Privatangelegenheit vor der
975 1598 2985 1751 Oeffentlichkeit weiter zu führen.Du er
975 1725 2975 1896 siehst das schon daraus, dass ich sogar
980 1935 3050 2065 vor Gericht geschwiegen habe und es wäre
983 2080 2944 2210 mir ein Leichtes gewesen Dich vor den
988 2223 2884 2368 Geschworenen, vor der ganzen Oeffent¬
996 2371 2864 2524 lichkeit des Wortbruches zu zeihen -
986 2524 2965 2672 Flint: Kein Mensch hätte Dir geglaubt.
999 2635 3011 2845 Uebri gens,wie kannst Du es wagen? Wort.
2013 2835 3190 2996 Trenst die wie anbe Bep:
999 2856 1320 3027 bruch.
996 2998 2944 3190 Bernhardi: Wortbruch, ja. Gemeinsam mit
988 3125 3048 3317 mir wolltest nu siegen oder sterben.rch
999 3284 2840 3473 war es, der Dich warnte allzu grosse
996 3450 3079 3662 Worte zu brauchen. Dich auf die möglichen
