3416 4184
2544 453 2711 556 150
2366 523 2925 646 aufzeusten
860 618 2930 793 Adler: Sch Ja, Sie kommen zu einer aufregenden
1105 752 2189 876 zeit in unser Institut.
1123 894 2614 1079 (Die Andern über dem Abendblatt)
873 1056 2791 1239 Wenger:Aufregend? Wieso? Ist darum Sitzung.
1097 1215 2578 1406 Wie soll man sich da verhalten?
847 1362 2019 1548 Adler: Ueberzeugungs treu.
868 1488 2863 1705 Wenger: So — Was haben Sie für eine Ueber¬
1100 1666 1491 1784 zeugung?
860 1772 2912 2014 Adler: Ich tue das.was ich für das Richtige
1089 1985 2619 2163 halte auf die Gefahr hin, dass es
1105 2130 1633 2261 falsch ist.
857 2253 2863 2433 Wenger: Ich hab so gar keinen Einblick.
1089 2431 2858 2634 wird doch die Sache vortragen. Es wird
1092 2583 2191 2727 doch diskutiert werden.
850 2735 2065 2923 Adler: Es tst anzunehmen.
855 2884 2570 3093 Wenger: Wird auch abgestimt worden?
842 3049 2037 3219 Adler: Es kommt drauf an.
2588 3044 3072 3206 N. verboten ist
1182 3123 1705 3232 his use is it
2990 3160 3103 3275 at
850 3154 2724 3389 Wenger: Man kann s ich doch enthalten Ich
1082 3355 2086 3479 werd' mich enthalten.
850 3517 1712 3646 Frankl: Lites laut.
845 3590 2902 3844 Ebenn.:Also, meine Herren, die Interpellation
