3448 4136
2728 333 2924 482 237
975 503 2991 730 glücklich, sie ahnt nicht den nahen Tod.
964 640 3009 879 Sie glaubt sich genesen,sie bildet sich
985 799 3009 1011 einihr Geliebter wird kommen sie zu ei-
1003 918 3017 1140 ner Spazierfahrt abholen, aus den Räumen
983 1119 3004 1313 des Elends und des Leid### sie hinausfüh-
985 1251 2899 1439 ren ins Lebenins Glück. Es war viel-
1008 1395 3025 1591 leicht der schönste Moment ihres Lebens
1003 1578 3040 1741 ihr letzter Traum. Und aus diesem Traum
1006 1733 2847 1937 wollte Bernhardi sie nicht mehr zur
1011 1880 3082 2037 entsetzlichen Wirklichkeit erwachen las -
1006 2035 2893 2218 sen. Das ist der Casus, meine Herren.
1021 2182 2999 2344 Was für eine niederträchtige Verlogen
1011 2342 2901 2527 heit gehört dazu,um das anders anzu¬
1024 2476 2955 2643 sehen als rein menschlich. Wo sind die
1021 2635 2917 2798 religiösen Gefühle, die hier verletzt
1029 2777 2976 3004 worden sin? Meinen Sie wirklich, dass
1044 2935 3053 3128 irgend etwas Nennenswertes in der Seele
1044 3115 2997 3262 des Prinzen Konstantin oder des Herrn
1037 3226 3030 3432 Vetter be Ebenwald vorgegangen ist,als
1050 3386 2891 3584 sie erfuhren,dass der Herr Direktor
1042 3533 2948 3760 Bernhardi eine arme Sterbende weiter
