3416 4120
2707 336 2908 513 255
956 570 2734 749 Pfarrer: Wir können nichts ändern.
966 754 2864 896 Bernhardi: Ihr könnt schon, Ihr wäret
969 889 2973 1093 erst, was ihr sein sollt, wenn ihr nicht
971 1038 2659 1220 zusammenhieltet. Hätten Sie Ihre
974 1255 2811 1382 Ueberzeugung vor Gericht ausgespro¬
984 1394 2824 1521 chen, dass wären Sie ein Priester ge
976 1534 2724 1713 wesen, nicht der Priester Ihres Bi,
991 1663 2903 1840 schofs,aber der Ihres Gottes. Wein wa¬
984 1808 2826 1985 ren Sie gehorsam als Sie schwiegen?
984 1977 2936 2149 Und das Furchtbare ist,es gibt Hunder
1001 2136 2990 2288 te, die sich beugen ohne zu glauben und
1001 2256 2993 2475 die bereit sind immer wieder abzuschwö¬
1003 2453 2861 2597 ren, was sie für wahr gehalten, um im
1003 2570 2898 2751 schützenden Rahmen einer grossen Ge¬
1006 2769 2161 2936 meinschaft zu bleiben.
