3480 4248
2780 462 2950 612 1 34
965 627 2821 787 daraus, Philosemit bin ich auch heut
952 817 1584 995 noch keiner.
962 967 2262 1145 Frankl: Ich auch nicht.
965 1087 2907 1272 Ebenwald: Aber ich weiss,es gibt Aus-
965 1264 2876 1429 nahmen und aus dieser Erfahrung habe
975 1409 2831 1569 ich meine Konsequenzen gezogen. Ja
957 1577 2996 1739 Sonst könnt'st Du heut noch als Regiment
970 1744 2234 1884 arzt in Premiszl sitzen.
967 1863 2887 2079 Frankl: Also, ich muss bitten, mir das
965 2041 2793 2171 nicht mehr vorzuhalten. Es war doch
965 2196 2876 2338 Deine Ueberzeugung, dass ich eine an-
967 2356 2206 2526 dere Carriere wert bin.
980 2498 2567 2699 Ebenwäd: Gewiss, das sag ich ja
977 2638 2889 2795 Frankl: Und geradeso wie bei Dir ist
1797 2742 2491 2843 was éthred in the
985 2808 2854 2993 auch bei mir alles Ueberzeugung, und
982 2986 2879 3110 keinerlei andere Motive spielen mit.
995 3095 2785 3265 Wenn ich neulich für den Hell war,
998 3242 2968 3422 ist es keineswegs geschehen,um Dir ei-
2067 3346 2894 3468 wee die der einbilder
982 3430 2856 3572 ne Gefälligkeit zu erweisen,sondern
993 3600 2973 3719 weil ich finde, dass der Hell hereinge-
990 3747 2973 3927 hört und nicht der Wenger. Dass er be-
