3432 4152
2700 351 2900 515 248
1010 558 2731 709 leicht, mehr kann ich nicht sagen,
1012 646 3034 893 Aber das muss ich Ihnen sagen, darum bin
1017 878 1479 1025 ich hier.
1017 962 3046 1176 Bernhardi: Sie hätten sich den Weg viel
1030 1146 3026 1320 leicht sparen können. Hochwürden. Vor we-
1025 1315 3036 1489 nigen Stunden gab es eine bessere Gele
1030 1469 2970 1610 genheit dieses Wort auszusprechen und
1032 1615 3036 1804 nicht nur ich hätte Ihnen dafür zu dan¬
1032 1799 1613 1931 ken gehabt.
1032 1900 3013 2080 Pfarrer: Diesen Vorwurf konnte ich vo¬
1895 2016 2271 2133 a off
1032 2112 2963 2221 raussehen, aber ich vermag ihn zu tra-
1040 2213 2902 2428 gen. (Glauben sie mir,Herr Professor,
1042 2395 3013 2529 ich hätte nicht das Geringste geändert
1037 2544 2938 2690 weder an Ihrem Schicksal noch an dem
1037 2695 2885 2832 allgemeinen Lauf der Dinge,wenn ich
1042 2847 2703 3008 vor Gericht so gesprochen hätte.
1052 2991 3036 3152 Bem hardi: Wer weiss. Ein solches Wort
1971 3124 2130 3205 do-
1047 3124 2940 3283 aus Priestersmund,es hätte(sich man-
1055 3299 2900 3468 ches ändern können, freilich auch in
1068 3460 2476 3644 Ihrem Schicksal,Hochwürden.
1057 3609 2900 3803 Pfarrer: Wahrscheinlich nur in dem,
