3336 4056
2691 420 2890 565 284
935 534 2916 749 Ehgel Wacht gehalten, das schlechte Ge¬
935 717 3010 943 wissen derer, die mich hineingebracht ha-
932 883 1171 1046 ben.
932 995 2779 1186 Herz: Herr Professor wünschen Seine
927 1178 2922 1331 Exzellenz zu sprechen. Direktor Ebenwald
932 1321 3012 1536 ist eben drin bei ihm,aber es wird wohl
940 1494 1891 1668 nicht lang währen.
935 1582 2986 1823 Altmann: Sag mir, lieber Bernhardi,warum
932 1808 2880 1963 hast nu mich nicht wissen lassen, dass
925 1953 2831 2103 Du gestern — (heute) herauskommst? Ich
930 2121 2872 2258 hätte mich gern an dem Empfang betei-
932 2284 1217 2406 ligt.
966 2385 2989 2559 (Zuerst also Ebenwald, der Nachricht von
940 2600 2802 2709 den Ovationen bringt, dann kommt Alt-
925 2730 2867 2857 mann dazu, der es erst auf diese Weise
935 2883 2877 3023 erfährt.Der Akt spielt also kaum zwei
927 3048 2934 3191 Stunden nach Entlassung Bernhardis aus
940 3212 1707 3414 dem Gefängnis)
