3432 4184
2923 399 3039 618 27
1057 563 3031 777 Bernk: Na die Angelegenheit scheint ja mit
2443 722 2847 813 nicht heissig
1057 800 2867 911 Dampf betrieben zu werden. Obzwar ich
1078 893 3089 1128 eigentlich den Grund nicht einsehe. Es sähe
1115 1078 2981 1249 wirklich beinahe aus, als wollten wir
308 987 909 1252 At d.M.
1073 1221 2996 1380 Deinen (vortefflichen Assistenten Wenger
315 1214 808 1391 ouit wel
1128 1310 3150 1529 gerade jetzt, wo sene Röntgenarbeit so viel
305 1333 762 1560 Jas Keld
318 1464 896 1671 per -st for
1073 1509 2037 1683 D diskutiert wird.
1075 1638 2991 1852 Altm: Eine famose Arbeit. Ueberhaupt ein
303 1663 732 1850 trencée
1088 1688 3044 1951 fleisaiger Mensch, des Weages. - / u. bevoueure /
278 1714 914 2064 & it
1108 1936 3011 2115 Bern: Als ob wir ihm eine Art von Miss
230 1986 813 2234 w. til vah,
1105 2069 2493 2244 trauensvotum erteilen wollten
1105 2256 1698 2403 Altm: Wieso?
1166 2314 3150 2521 Bern: Als wollte man ihn direkt verhindenn
1121 2453 3061 2700 auch nur ein paar Wochen als Supplen seine
1131 2607 3026 2814 Lehrfähigkeit zu erproben. Und das kann
1189 2753 3036 2996 doch unmöglich in Beinem Sinn sein, Alt
1199 2875 3170 3160 mann. (Wenger bewirbt sich doch auch direkt
1156 3021 3193 3266 um Deine Nachflgerschaft und es wurde seine
1176 3170 2779 3399 Chancen beträchtlich herabsetzen.
1168 3291 3200 3538 Altm: Du findest? Das liegt natürlich nicht
1186 3452 3039 3659 in meiner Absicht. Selbstverständlich
