<?xml version="1.0" encoding="UTF-8" standalone="yes"?>
<PcGts xmlns="http://schema.primaresearch.org/PAGE/gts/pagecontent/2013-07-15" xmlns:xsi="http://www.w3.org/2001/XMLSchema-instance" xsi:schemaLocation="http://schema.primaresearch.org/PAGE/gts/pagecontent/2013-07-15 http://schema.primaresearch.org/PAGE/gts/pagecontent/2013-07-15/pagecontent.xsd">
    <Metadata>
        <Creator>prov=READ-COOP:name=TrHtr:version=2.1.0:model_id=51170:date=30_07_2023_11:44</Creator>
        <Created>2023-05-10T13:39:12.564+02:00</Created>
        <LastChange>2023-07-30T11:44:46.557+02:00</LastChange>
        <TranskribusMetadata docId="1428586" pageId="55413691" pageNr="51" tsid="131501444" status="IN_PROGRESS" userId="64420" imgUrl="https://files.transkribus.eu/Get?id=LKQWWPBUTXKAKOESHCJCJZSZ&amp;fileType=view" xmlUrl="https://files.transkribus.eu/Get?id=QZTCNUUDRTKCHITYZSJVRMAL" imageId="44687825"/>
    </Metadata>
    <Page imageFilename="1428586_0051.jpg" imageWidth="3432" imageHeight="4200">
        <ReadingOrder>
            <OrderedGroup id="ro_1711790774365" caption="Regions reading order">
                <RegionRefIndexed index="0" regionRef="tr_1"/>
                <RegionRefIndexed index="1" regionRef="tr_2"/>
            </OrderedGroup>
        </ReadingOrder>
        <TextRegion id="tr_1" custom="readingOrder {index:0;}">
            <Coords points="259,517 3202,517 3202,2508 259,2508"/>
            <TextLine id="tr_1_tl_1" custom="readingOrder {index:0;}">
                <Coords points="2691,573 2715,571 2740,589 2756,579 2777,592 2791,589 2804,576 2826,581 2826,482 2812,482 2794,498 2775,501 2769,495 2756,498 2705,468 2691,468"/>
                <Baseline points="2707,567 2752,567 2797,567 2832,567"/>
                <TextEquiv>
                    <Unicode>43</Unicode>
                </TextEquiv>
            </TextLine>
            <TextLine id="tr_1_tl_2" custom="readingOrder {index:1;}">
                <Coords points="275,737 353,772 522,705 619,708 673,737 740,700 807,708 824,546 552,584 490,565 412,584 361,554 318,581 291,571"/>
                <Baseline points="292,722 325,722 370,725 414,722 459,713 504,710 549,704 594,698 638,695 683,686 728,683 773,680 817,677"/>
                <TextEquiv>
                    <Unicode>Hertr. Herr</Unicode>
                </TextEquiv>
            </TextLine>
            <TextLine id="tr_1_tl_3" custom="readingOrder {index:2;}">
                <Coords points="1033,767 3103,767 3138,654 2829,597 1757,676 1510,619 1033,694"/>
                <Baseline points="1047,761 1083,761 1128,761 1173,758 1217,755 1262,755 1307,755 1352,752 1397,749 1441,749 1486,749 1531,746 1576,743 1620,743 1665,743 1710,743 1755,743 1800,743 1844,743 1889,740 1934,737 1979,737 2023,734 2068,734 2113,734 2158,734 2202,731 2247,728 2292,728 2337,725 2382,722 2426,722 2471,719 2516,719 2561,716 2605,716 2650,713 2695,713 2740,713 2785,713 2829,713 2874,710 2919,710 2964,710 3008,710 3053,713 3098,710 3143,713"/>
                <TextEquiv>
                    <Unicode>Cypr: Da komm ich vielleicht erst um zehn.</Unicode>
                </TextEquiv>
            </TextLine>
            <TextLine id="tr_1_tl_4" custom="readingOrder {index:3;}">
                <Coords points="326,880 420,907 468,875 509,893 622,856 651,869 821,850 840,740 786,754 708,729 638,764 533,705 417,754 347,756"/>
                <Baseline points="343,868 346,868 391,868 435,865 480,862 525,856 570,847 614,838 659,826 704,814 749,802 794,797 838,788"/>
                <TextEquiv>
                    <Unicode>Trol puev</Unicode>
                </TextEquiv>
            </TextLine>
            <TextLine id="tr_1_tl_5" custom="readingOrder {index:4;}">
                <Coords points="1612,824 1655,840 1682,824 1806,821 1833,837 1913,815 1930,829 1957,813 2029,824 2032,759 1997,745 1983,759 1935,737 1862,751 1822,778 1784,754 1760,772 1709,754 1685,770 1615,767"/>
                <Baseline points="1626,820 1635,820 1680,817 1725,817 1770,817 1814,817 1859,817 1904,811 1949,808 1994,802 2038,802"/>
                <TextEquiv>
                    <Unicode>notishit</Unicode>
                </TextEquiv>
            </TextLine>
            <TextLine id="tr_1_tl_6" custom="readingOrder {index:5;}">
                <Coords points="1036,920 3178,869 3197,764 1039,829"/>
                <Baseline points="1050,901 1053,898 1098,901 1143,901 1188,898 1232,898 1277,895 1322,895 1367,892 1411,892 1456,889 1501,892 1546,892 1591,886 1635,886 1680,886 1725,886 1770,886 1814,886 1859,883 1904,883 1949,880 1994,877 2038,877 2083,874 2128,871 2173,871 2217,868 2262,865 2307,862 2352,862 2397,862 2441,859 2486,859 2531,856 2576,856 2620,856 2665,850 2710,850 2755,847 2800,847 2844,844 2889,841 2934,838 2979,835 3023,835 3068,835 3113,835 3158,832 3202,829"/>
                <TextEquiv>
                    <Unicode>Um sieben muss ich demokratischen Bürgerverein</Unicode>
                </TextEquiv>
            </TextLine>
            <TextLine id="tr_1_tl_7" custom="readingOrder {index:6;}">
                <Coords points="441,982 519,982 568,961 611,961 643,942 770,920 783,864 673,856 527,915 460,896"/>
                <Baseline points="459,970 468,973 513,961 558,952 602,943 647,934 692,922 737,910 782,904"/>
                <TextEquiv>
                    <Unicode>veut.</Unicode>
                </TextEquiv>
            </TextLine>
            <TextLine id="tr_1_tl_8" custom="readingOrder {index:7;}">
                <Coords points="398,1085 428,1101 509,1085 573,1047 657,1047 713,1017 818,1004 834,934 759,920 646,961 627,950 565,963 506,996 420,990"/>
                <Baseline points="420,1059 429,1059 474,1053 519,1050 564,1041 608,1029 653,1014 698,1005 743,997 788,985 832,973"/>
                <TextEquiv>
                    <Unicode>versant.</Unicode>
                </TextEquiv>
            </TextLine>
            <TextLine id="tr_1_tl_9" custom="readingOrder {index:8;}">
                <Coords points="1036,1079 2522,1031 2524,883 1981,950 1383,934 1284,993 1039,1001"/>
                <Baseline points="1050,1044 1095,1041 1140,1041 1185,1038 1229,1038 1274,1035 1319,1032 1364,1032 1408,1029 1453,1029 1498,1026 1543,1026 1588,1020 1632,1020 1677,1020 1722,1017 1767,1014 1811,1014 1856,1011 1901,1011 1946,1008 1991,1008 2035,1005 2080,1005 2125,1002 2170,1002 2214,1002 2259,1002 2304,1000 2349,1002 2394,1000 2438,1005 2483,1008 2528,1005"/>
                <TextEquiv>
                    <Unicode>des siebten Bezirks sein.</Unicode>
                </TextEquiv>
            </TextLine>
            <TextLine id="tr_1_tl_10" custom="readingOrder {index:9;}">
                <Coords points="309,1192 385,1219 592,1114 748,1068 885,1090 899,1036 805,1001 667,1047 571,1050 433,1106 342,1071"/>
                <Baseline points="328,1188 367,1182 411,1167 456,1152 501,1137 546,1128 591,1113 635,1101 680,1083 725,1071 770,1062 814,1059 859,1053 904,1050"/>
                <TextEquiv>
                    <Unicode>deux tribées</Unicode>
                </TextEquiv>
            </TextLine>
            <TextLine id="tr_1_tl_11" custom="readingOrder {index:10;}">
                <Coords points="1042,1222 2968,1125 2974,1001 1047,1095"/>
                <Baseline points="1059,1176 1098,1176 1143,1173 1188,1170 1232,1167 1277,1167 1322,1164 1367,1164 1411,1164 1456,1161 1501,1158 1546,1158 1591,1155 1635,1152 1680,1149 1725,1149 1770,1146 1814,1143 1859,1143 1904,1140 1949,1140 1994,1137 2038,1134 2083,1134 2128,1131 2173,1128 2217,1128 2262,1125 2307,1125 2352,1122 2397,1122 2441,1119 2486,1119 2531,1116 2576,1116 2620,1113 2665,1110 2710,1107 2755,1104 2800,1101 2844,1098 2889,1095 2934,1092 2979,1092"/>
                <TextEquiv>
                    <Unicode>Hochr: (Es ist wirklich erstaunlich, Herr</Unicode>
                </TextEquiv>
            </TextLine>
            <TextLine id="tr_1_tl_12" custom="readingOrder {index:11;}">
                <Coords points="1044,1343 1954,1335 2309,1246 3100,1270 3106,1152 1050,1225"/>
                <Baseline points="1062,1298 1095,1298 1140,1295 1185,1295 1229,1292 1274,1289 1319,1286 1364,1286 1408,1283 1453,1283 1498,1283 1543,1280 1588,1280 1632,1280 1677,1274 1722,1277 1767,1274 1811,1274 1856,1271 1901,1268 1946,1265 1991,1262 2035,1262 2080,1256 2125,1253 2170,1253 2214,1253 2259,1250 2304,1247 2349,1247 2394,1244 2438,1241 2483,1238 2528,1238 2573,1232 2617,1232 2662,1229 2707,1229 2752,1226 2797,1223 2841,1220 2886,1217 2931,1217 2976,1214 3020,1211 3065,1205 3110,1205"/>
                <TextEquiv>
                    <Unicode>Professor) dass Ihnen auch zur Politik immer</Unicode>
                </TextEquiv>
            </TextLine>
            <TextLine id="tr_1_tl_13" custom="readingOrder {index:12;}">
                <Coords points="651,1292 673,1300 700,1292 721,1305 754,1281 770,1286 789,1276 807,1292 829,1276 845,1289 877,1278 883,1136 832,1130 813,1109 789,1117 745,1090 727,1101 716,1087 689,1098 659,1090"/>
                <Baseline points="668,1217 704,1217 749,1214 794,1211 838,1211 883,1208"/>
                <TextEquiv>
                    <Unicode>Edle</Unicode>
                </TextEquiv>
            </TextLine>
            <TextLine id="tr_1_tl_14" custom="readingOrder {index:13;}">
                <Coords points="266,1354 452,1340 533,1294 565,1303 641,1265 670,1268 673,1246 624,1233 589,1179 565,1171 506,1200 487,1192 436,1225 398,1233 393,1222 288,1251"/>
                <Baseline points="286,1337 319,1331 364,1328 408,1319 453,1307 498,1298 543,1286 588,1274 632,1265 677,1256"/>
                <TextEquiv>
                    <Unicode>that</Unicode>
                </TextEquiv>
            </TextLine>
            <TextLine id="tr_1_tl_15" custom="readingOrder {index:14;}">
                <Coords points="229,1582 307,1604 562,1507 710,1507 770,1311 651,1289 460,1386 433,1346 296,1356"/>
                <Baseline points="259,1528 301,1522 346,1501 391,1492 435,1477 480,1462 525,1450 570,1435 614,1423 659,1408 704,1402 749,1394"/>
                <TextEquiv>
                    <Unicode>Alwsh.</Unicode>
                </TextEquiv>
            </TextLine>
            <TextLine id="tr_1_tl_16" custom="readingOrder {index:15;}">
                <Coords points="1050,1477 1203,1467 1246,1494 1278,1477 1321,1494 1418,1453 1510,1477 1553,1456 1631,1464 1634,1367 1564,1348 1542,1364 1483,1335 1443,1362 1343,1316 1289,1351 1101,1332 1052,1346"/>
                <Baseline points="1065,1420 1101,1417 1146,1417 1191,1417 1235,1417 1280,1414 1325,1411 1370,1408 1414,1408 1459,1405 1504,1405 1549,1405 1594,1405 1638,1411"/>
                <TextEquiv>
                    <Unicode>Zeit bleibt</Unicode>
                </TextEquiv>
            </TextLine>
            <TextLine id="tr_1_tl_17" custom="readingOrder {index:16;}">
                <Coords points="1706,1469 1757,1491 1846,1456 2016,1475 2086,1445 2148,1469 2285,1453 2290,1332 2261,1321 2234,1343 2091,1346 1989,1319 1841,1373 1714,1346"/>
                <Baseline points="1725,1450 1752,1453 1797,1450 1841,1447 1886,1447 1931,1441 1976,1441 2020,1438 2065,1438 2110,1435 2155,1432 2200,1429 2244,1429 2289,1429"/>
                <TextEquiv>
                    <Unicode>tren teil -!</Unicode>
                </TextEquiv>
            </TextLine>
            <TextLine id="tr_1_tl_18" custom="readingOrder {index:17;}">
                <Coords points="1052,1612 2880,1539 3063,1453 2882,1402 1058,1488"/>
                <Baseline points="1071,1555 1095,1555 1140,1558 1185,1558 1229,1555 1274,1552 1319,1552 1364,1549 1408,1546 1453,1543 1498,1540 1543,1540 1588,1540 1632,1537 1677,1537 1722,1537 1767,1534 1811,1534 1856,1534 1901,1531 1946,1531 1991,1528 2035,1528 2080,1525 2125,1525 2170,1525 2214,1522 2259,1519 2304,1516 2349,1516 2394,1516 2438,1513 2483,1513 2528,1510 2573,1513 2617,1510 2662,1510 2707,1507 2752,1504 2797,1504 2841,1501 2886,1501 2931,1498 2976,1498 3020,1495 3065,1498"/>
                <TextEquiv>
                    <Unicode>Cypr Zeit zur Politik. Das ist ja das Un</Unicode>
                </TextEquiv>
            </TextLine>
            <TextLine id="tr_1_tl_19" custom="readingOrder {index:18;}">
                <Coords points="1068,1768 2995,1658 3001,1547 2557,1521 2091,1623 1690,1585 1346,1650 1074,1612"/>
                <Baseline points="1086,1695 1125,1692 1170,1689 1214,1689 1259,1689 1304,1686 1349,1683 1394,1683 1438,1680 1483,1677 1528,1677 1573,1677 1617,1674 1662,1674 1707,1671 1752,1671 1797,1668 1841,1668 1886,1668 1931,1668 1976,1668 2020,1668 2065,1665 2110,1665 2155,1662 2200,1662 2244,1659 2289,1656 2334,1656 2379,1656 2423,1653 2468,1653 2513,1650 2558,1650 2602,1650 2647,1644 2692,1644 2737,1644 2782,1641 2826,1638 2871,1638 2916,1635 2961,1635 3005,1635"/>
                <TextEquiv>
                    <Unicode>flück in Oesterreich, dass man glabt Poli</Unicode>
                </TextEquiv>
            </TextLine>
            <TextLine id="tr_1_tl_20" custom="readingOrder {index:19;}">
                <Coords points="336,1792 388,1795 444,1765 597,1733 670,1749 684,1652 597,1639 557,1615 530,1623 495,1591 366,1596"/>
                <Baseline points="358,1752 370,1752 414,1755 459,1752 504,1740 549,1731 594,1725 638,1722 683,1710"/>
                <TextEquiv>
                    <Unicode>Fach.</Unicode>
                </TextEquiv>
            </TextLine>
            <TextLine id="tr_1_tl_21" custom="readingOrder {index:20;}">
                <Coords points="2048,1744 2075,1749 2088,1744 2107,1749 2115,1757 2134,1757 2137,1752 2169,1755 2164,1677 2140,1671 2129,1685 2113,1690 2102,1679 2094,1679 2070,1706 2045,1709"/>
                <Baseline points="2059,1737 2104,1740 2149,1743 2176,1746"/>
                <TextEquiv>
                    <Unicode>for</Unicode>
                </TextEquiv>
            </TextLine>
            <TextLine id="tr_1_tl_22" custom="readingOrder {index:21;}">
                <Coords points="1076,1865 2995,1809 2998,1714 2541,1730 2452,1674 2166,1768 1701,1725 1079,1779"/>
                <Baseline points="1092,1832 1122,1832 1167,1829 1211,1826 1256,1826 1301,1826 1346,1823 1391,1820 1435,1820 1480,1820 1525,1817 1570,1814 1614,1814 1659,1814 1704,1811 1749,1811 1794,1808 1838,1808 1883,1805 1928,1805 1973,1805 2017,1802 2062,1802 2107,1802 2152,1800 2197,1800 2241,1797 2286,1794 2331,1791 2376,1791 2420,1788 2465,1788 2510,1788 2555,1785 2600,1785 2644,1782 2689,1779 2734,1779 2779,1776 2823,1773 2868,1773 2913,1770 2958,1767 3002,1767"/>
                <TextEquiv>
                    <Unicode>til ist eine Sache wen sich. Politik ist</Unicode>
                </TextEquiv>
            </TextLine>
            <TextLine id="tr_1_tl_23" custom="readingOrder {index:22;}">
                <Coords points="1071,2016 2863,1946 2958,1919 2960,1838 1074,1895"/>
                <Baseline points="1086,1961 1128,1958 1173,1955 1217,1955 1262,1952 1307,1952 1352,1952 1397,1949 1441,1946 1486,1943 1531,1943 1576,1943 1620,1943 1665,1940 1710,1937 1755,1937 1800,1937 1844,1934 1889,1931 1934,1928 1979,1928 2023,1928 2068,1925 2113,1925 2158,1925 2202,1922 2247,1922 2292,1919 2337,1919 2382,1919 2426,1916 2471,1916 2516,1913 2561,1913 2605,1910 2650,1907 2695,1907 2740,1904 2785,1904 2829,1904 2874,1901 2919,1901 2964,1904"/>
                <TextEquiv>
                    <Unicode>Atmosphäre geradeso wie die Philosophie</Unicode>
                </TextEquiv>
            </TextLine>
            <TextLine id="tr_1_tl_24" custom="readingOrder {index:23;}">
                <Coords points="1125,2140 2802,2086 3006,2056 3009,1983 2845,2008 2686,1940 1701,2043 1373,2002 1128,2070"/>
                <Baseline points="1143,2104 1179,2104 1223,2104 1268,2104 1313,2104 1358,2104 1402,2101 1447,2098 1492,2095 1537,2095 1582,2095 1626,2092 1671,2092 1716,2089 1761,2092 1805,2089 1850,2089 1895,2086 1940,2083 1985,2080 2029,2080 2074,2077 2119,2074 2164,2071 2208,2071 2253,2068 2298,2065 2343,2065 2388,2065 2432,2062 2477,2059 2522,2059 2567,2059 2611,2056 2656,2056 2701,2053 2746,2053 2791,2050 2835,2050 2880,2047 2925,2044 2970,2041 3014,2035"/>
                <TextEquiv>
                    <Unicode>Jeder Mensch, der mit Bewusstsein in der</Unicode>
                </TextEquiv>
            </TextLine>
            <TextLine id="tr_1_tl_25" custom="readingOrder {index:24;}">
                <Coords points="1093,2263 2901,2210 3020,2199 3022,2115 2683,2148 2524,2072 2269,2145 2150,2102 1095,2193"/>
                <Baseline points="1107,2259 1143,2259 1188,2259 1232,2259 1277,2259 1322,2256 1367,2256 1411,2253 1456,2250 1501,2247 1546,2244 1591,2241 1635,2241 1680,2241 1725,2238 1770,2235 1814,2232 1859,2229 1904,2226 1949,2226 1994,2223 2038,2220 2083,2220 2128,2217 2173,2217 2217,2214 2262,2211 2307,2208 2352,2208 2397,2202 2441,2202 2486,2200 2531,2197 2576,2194 2620,2191 2665,2188 2710,2188 2755,2185 2800,2185 2844,2182 2889,2182 2934,2176 2979,2176 3023,2173"/>
                <TextEquiv>
                    <Unicode>Welt lebt ist Philosoph und jeder der mit</Unicode>
                </TextEquiv>
            </TextLine>
            <TextLine id="tr_1_tl_26" custom="readingOrder {index:25;}">
                <Coords points="1098,2428 3020,2331 3157,2301 3162,2220 1103,2298"/>
                <Baseline points="1116,2385 1149,2382 1194,2379 1238,2376 1283,2373 1328,2373 1373,2373 1417,2370 1462,2370 1507,2367 1552,2364 1597,2364 1641,2361 1686,2358 1731,2358 1776,2352 1820,2352 1865,2349 1910,2346 1955,2346 2000,2343 2044,2340 2089,2337 2134,2337 2179,2334 2223,2334 2268,2331 2313,2328 2358,2325 2402,2322 2447,2319 2492,2319 2537,2316 2582,2313 2626,2313 2671,2310 2716,2307 2761,2304 2805,2301 2850,2301 2895,2301 2940,2298 2985,2295 3029,2292 3074,2289 3119,2286 3164,2286"/>
                <TextEquiv>
                    <Unicode>Bewusstsein als Staa sburger lebt ist Politi</Unicode>
                </TextEquiv>
            </TextLine>
            <TextLine id="tr_1_tl_27" custom="readingOrder {index:26;}">
                <Coords points="1095,2511 3028,2449 3079,2336 1098,2425"/>
                <Baseline points="1110,2498 1155,2495 1200,2495 1244,2492 1289,2492 1334,2492 1379,2489 1423,2483 1468,2480 1513,2477 1558,2477 1602,2477 1647,2477 1692,2474 1737,2471 1782,2471 1826,2465 1871,2465 1916,2462 1961,2459 2005,2459 2050,2456 2095,2456 2140,2453 2185,2450 2229,2450 2274,2444 2319,2441 2364,2441 2408,2441 2453,2438 2498,2438 2543,2435 2588,2435 2632,2432 2677,2432 2722,2429 2767,2426 2811,2426 2856,2426 2901,2423 2946,2423 2991,2420 3035,2417 3080,2420"/>
                <TextEquiv>
                    <Unicode>ker. Sein Land muss man verstehen und die</Unicode>
                </TextEquiv>
            </TextLine>
        </TextRegion>
        <TextRegion id="tr_2" custom="readingOrder {index:1;}">
            <Coords points="1122,2511 3310,2511 3310,3735 1122,3735"/>
            <TextLine id="tr_2_tl_1" custom="readingOrder {index:0;}">
                <Coords points="1106,2678 1303,2726 1924,2619 2253,2662 2366,2602 3168,2581 3170,2503 1109,2578"/>
                <Baseline points="1122,2644 1158,2647 1202,2647 1247,2644 1292,2644 1337,2644 1382,2641 1426,2641 1471,2635 1516,2635 1561,2635 1605,2635 1650,2632 1695,2629 1740,2623 1785,2623 1829,2620 1874,2620 1919,2617 1964,2614 2008,2614 2053,2611 2098,2611 2143,2611 2188,2608 2232,2611 2277,2608 2322,2608 2367,2602 2411,2600 2456,2597 2501,2594 2546,2594 2591,2591 2635,2588 2680,2585 2725,2582 2770,2582 2814,2579 2859,2576 2904,2576 2949,2576 2994,2576 3038,2570 3083,2567 3128,2564 3173,2561"/>
                <TextEquiv>
                    <Unicode>Welt muss man verstehen.)</Unicode>
                </TextEquiv>
            </TextLine>
            <TextLine id="tr_2_tl_2" custom="readingOrder {index:1;}">
                <Coords points="1111,2812 2802,2759 2993,2734 2995,2683 2710,2624 1114,2742"/>
                <Baseline points="1125,2802 1164,2802 1208,2800 1253,2797 1298,2797 1343,2800 1388,2791 1432,2788 1477,2785 1522,2785 1567,2782 1611,2779 1656,2776 1701,2773 1746,2773 1791,2767 1835,2767 1880,2764 1925,2761 1970,2761 2014,2758 2059,2758 2104,2755 2149,2755 2194,2752 2238,2749 2283,2746 2328,2743 2373,2737 2417,2737 2462,2734 2507,2731 2552,2731 2597,2728 2641,2728 2686,2722 2731,2719 2776,2719 2820,2719 2865,2716 2910,2716 2955,2716 3000,2719"/>
                <TextEquiv>
                    <Unicode>ter Einmal fahr ich auf der Eisenbahn,</Unicode>
                </TextEquiv>
            </TextLine>
            <TextLine id="tr_2_tl_3" custom="readingOrder {index:2;}">
                <Coords points="1114,2979 3127,2880 3154,2756 1120,2912"/>
                <Baseline points="1131,2958 1140,2958 1185,2955 1229,2952 1274,2949 1319,2949 1364,2946 1408,2946 1453,2943 1498,2940 1543,2934 1588,2934 1632,2931 1677,2928 1722,2925 1767,2925 1811,2922 1856,2919 1901,2919 1946,2916 1991,2913 2035,2913 2080,2907 2125,2904 2170,2901 2214,2901 2259,2898 2304,2895 2349,2895 2394,2892 2438,2889 2483,2886 2528,2883 2573,2880 2617,2877 2662,2874 2707,2871 2752,2868 2797,2865 2841,2862 2886,2862 2931,2859 2976,2856 3020,2853 3065,2853 3110,2850 3155,2847"/>
                <TextEquiv>
                    <Unicode>zwischen Siena und Padua. Du sitzt mir ein</Unicode>
                </TextEquiv>
            </TextLine>
            <TextLine id="tr_2_tl_4" custom="readingOrder {index:3;}">
                <Coords points="1125,3127 3098,3025 3122,2904 2371,2909 1566,3030 1133,3003"/>
                <Baseline points="1143,3098 1152,3098 1197,3095 1241,3092 1286,3089 1331,3089 1376,3089 1420,3086 1465,3083 1510,3080 1555,3077 1600,3071 1644,3071 1689,3068 1734,3065 1779,3065 1823,3062 1868,3062 1913,3059 1958,3056 2002,3053 2047,3047 2092,3041 2137,3041 2182,3038 2226,3032 2271,3029 2316,3029 2361,3026 2405,3020 2450,3020 2495,3017 2540,3014 2585,3008 2629,3005 2674,3002 2719,3002 2764,3000 2808,2997 2853,2994 2898,2994 2943,2991 2988,2988 3032,2985 3077,2982 3122,2979"/>
                <TextEquiv>
                    <Unicode>Herr gegenüber, mit drei Kindern von neun</Unicode>
                </TextEquiv>
            </TextLine>
            <TextLine id="tr_2_tl_5" custom="readingOrder {index:4;}">
                <Coords points="1136,3281 2982,3170 2993,3017 1144,3181"/>
                <Baseline points="1152,3247 1158,3247 1202,3241 1247,3238 1292,3235 1337,3232 1382,3229 1426,3226 1471,3223 1516,3220 1561,3217 1605,3214 1650,3211 1695,3208 1740,3205 1785,3205 1829,3202 1874,3200 1919,3197 1964,3194 2008,3191 2053,3188 2098,3185 2143,3179 2188,3176 2232,3173 2277,3170 2322,3167 2367,3164 2411,3161 2456,3158 2501,3155 2546,3152 2591,3146 2635,3143 2680,3140 2725,3137 2770,3137 2814,3131 2859,3131 2904,3128 2949,3125 2994,3125"/>
                <TextEquiv>
                    <Unicode>bis zwölf Jahren. Sie unterhalten sich</Unicode>
                </TextEquiv>
            </TextLine>
            <TextLine id="tr_2_tl_6" custom="readingOrder {index:5;}">
                <Coords points="1141,3421 2896,3332 3157,3281 3165,3200 2543,3181 1800,3302 1149,3310"/>
                <Baseline points="1155,3405 1194,3402 1238,3397 1283,3394 1328,3391 1373,3388 1417,3385 1462,3379 1507,3379 1552,3376 1597,3370 1641,3367 1686,3364 1731,3358 1776,3355 1820,3352 1865,3349 1910,3346 1955,3343 2000,3340 2044,3337 2089,3334 2134,3331 2179,3328 2223,3325 2268,3322 2313,3319 2358,3316 2402,3313 2447,3307 2492,3304 2537,3301 2582,3298 2626,3295 2671,3292 2716,3289 2761,3286 2805,3283 2850,3283 2895,3280 2940,3277 2985,3271 3029,3268 3074,3265 3119,3262 3164,3256"/>
                <TextEquiv>
                    <Unicode>lebhaft. Ich denk mir natürlich es handelt</Unicode>
                </TextEquiv>
            </TextLine>
            <TextLine id="tr_2_tl_7" custom="readingOrder {index:6;}">
                <Coords points="1155,3569 1416,3542 1604,3630 1986,3528 3178,3445 3186,3345 2471,3340 2169,3429 1160,3493"/>
                <Baseline points="1170,3558 1176,3555 1220,3552 1265,3549 1310,3546 1355,3543 1400,3540 1444,3534 1489,3531 1534,3528 1579,3528 1623,3525 1668,3522 1713,3516 1758,3510 1802,3507 1847,3504 1892,3501 1937,3498 1982,3495 2026,3489 2071,3486 2116,3483 2161,3480 2205,3474 2250,3471 2295,3468 2340,3468 2385,3465 2429,3459 2474,3456 2519,3450 2564,3447 2608,3444 2653,3441 2698,3438 2743,3435 2788,3435 2832,3429 2877,3426 2922,3423 2967,3420 3011,3420 3056,3414 3101,3408 3146,3402 3191,3397"/>
                <TextEquiv>
                    <Unicode>sich um Spielzeug oder dergleichen. Wie ich</Unicode>
                </TextEquiv>
            </TextLine>
            <TextLine id="tr_2_tl_8" custom="readingOrder {index:7;}">
                <Coords points="1512,3466 1844,3450 1887,3426 1959,3450 2032,3426 2059,3439 2080,3434 2086,3345 2027,3372 1908,3356 1835,3388 1795,3367 1755,3396 1706,3375 1644,3391 1617,3369 1518,3394"/>
                <Baseline points="1528,3450 1552,3447 1597,3444 1641,3441 1686,3438 1731,3435 1776,3429 1820,3423 1865,3417 1910,3414 1955,3414 2000,3411 2044,3408 2089,3405"/>
                <TextEquiv>
                    <Unicode>Ble: solvates in</Unicode>
                </TextEquiv>
            </TextLine>
            <TextLine id="tr_2_tl_9" custom="readingOrder {index:8;}">
                <Coords points="1152,3776 2016,3692 2977,3722 3079,3663 3278,3746 3308,3566 2524,3609 2121,3550 1155,3660"/>
                <Baseline points="1167,3725 1205,3719 1250,3716 1295,3710 1340,3707 1385,3704 1429,3701 1474,3698 1519,3695 1564,3692 1608,3689 1653,3689 1698,3686 1743,3683 1788,3680 1832,3677 1877,3677 1922,3674 1967,3674 2011,3671 2056,3668 2101,3665 2146,3662 2191,3659 2235,3659 2280,3659 2325,3662 2370,3662 2414,3662 2459,3665 2504,3662 2549,3662 2594,3662 2638,3662 2683,3662 2728,3659 2773,3659 2817,3659 2862,3659 2907,3659 2952,3659 2997,3656 3041,3656 3086,3653 3131,3650 3176,3650 3220,3650 3265,3653 3310,3656"/>
                <TextEquiv>
                    <Unicode>näher zuhör, was glauben Sie worüber die reder</Unicode>
                </TextEquiv>
            </TextLine>
        </TextRegion>
    </Page>
</PcGts>
