3432 4184
2797 398 2932 557 21
945 478 3021 697 und da mir das Wahls unseres Institue am Her
343 610 689 776 tout
947 723 1499 887 zen liegt.,
319 765 617 934 will.
1021 823 3006 1042 Bernh: Ich bin davon über zeugt. Aber fin
963 958 3085 1143 den Sie nicht, dass die unterhaltung über die
2378 1063 2855 1174 Wirck College
1021 1111 3037 1282 sen Gegenstand verfrüht ist? Altmann tritt
385 1264 802 1409 amillent
971 1275 2966 1462 seine neue Stellung am Krankenhaus erst zu
364 1354 836 1509 verhilten l
979 1393 3035 1575 Beginn des Somersemesters an. Und wir brau
1021 1546 3000 1749 chen uns umsoweniger zu beeilen, als Dok -
984 1676 2934 1892 t###r Wenger schon im vorigenJahr seine Eig
982 1776 3061 2005 nug die Stelle zu supplieren in vorzüglicher
1399 1979 3064 2190 Ich verwehte schon bei dieser Gelegenheit Ausdrück geben -
990 2013 1815 2153 Weise dargetanhat
995 2103 3116 2322 Eben: Ich bin prinzipiell gegen überflüssige
1005 2269 2288 2470 Ausdehnung von Provisorien.
1063 2356 3098 2626 Bernh: Nicht immer meines Wissens. Sie ha
1019 2536 3021 2713 ben Ihre eigene Abteilung anderthalb Jahre
1029 2644 2884 2868 lang supp in Vertretung geführt, der
1029 2816 2370 3032 Sie zum Chef ernannt wurden.
1037 2958 2892 3188 Ebenw: Ich hätt nichts dagegen gehoat,
1042 3108 2570 3312 wenn man das früher getan hätte.
