3448 4136
2688 319 2880 490 220
997 500 3002 686 zur Universität steht, dass aber die Un-
1005 686 2880 857 terrichtsbehörden keinerlei Ingerenz
995 831 2875 989 auf die Wahl der Abteilungsvorstände
1013 956 2968 1166 oder gar auf die des Direktoriums aus-
1002 1096 3015 1282 zuüben in der Lage sind. Das Ministerium
1002 1274 2877 1471 hat daher keinerlei Anlass und Recht
1013 1437 2932 1590 sich mit den Personalfragendes Insti¬
1002 1582 3012 1772 tutes näher zu beschäftigen. Insbesonde
1005 1746 2833 1886 re dürfte der hier erwähnte Vorfall
1013 1883 3069 2072 keine Handhabe bieten die bisher geübta
1013 2054 2989 2212 Modalitäten bei Besetzung der Lehrkan-
1013 2214 2989 2370 zeln zu ändern. Was aber die Klarstel-
1018 2354 3098 2510 bung des von dem Interpel lanten gerügtan
1023 2450 3015 2668 Einzelfalles anlangt,so wird das Minis
1026 2663 2909 2844 terium nicht zögern die Konsequenzen
1023 2776 2802 3007 zu ziehen, die ihm innerhalb seiner
1026 2947 2911 3139 Machtbefugnis eventuell gegeben sein
1023 3082 2859 3269 könnten,und um die Klarstellung der
1044 3227 3004 3427 ganzen Angelegenheit in einer vollkom-
1031 3424 2859 3585 men einwandfreien,alle Parteien des
1031 3546 2929 3727 hohen Hauses und die Bevölkerung in
