3432 4184
2923 384 3066 540 28
1066 519 2775 690 muss Wenger in den Vorschlag kommen.
1133 680 3084 846 Bernh: In den Vorschlag. Aber pu selbst,
1069 838 2918 980 (so hat mir früher Professor Ebenwald an
1082 980 3055 1115 gedeutet, stehst eigentlich der Kanditatur
1069 1087 2734 1258 Helés mit mehr Sympathie gegenüber.
1074 1211 2970 1362 Ebenw: Herr Direktor scheinen es ja auf
1100 1351 2879 1541 eine Konfrontation abgesehen zu haben.
1510 1491 2280 1582 on thilu ses seriers et
1087 1512 2980 1655 Bernh: Pardon Herr Kollega, davon könnte
1131 1621 3068 1816 doch nur die Rede sein, wenn ich vermuten
1087 1753 2983 1932 dürfte, dass sie eine Äusserung Altmanns
1087 1906 2978 2083 missverstanden haben, was mir nicht ein
1089 2106 1403 2259 fällt.
1105 2179 3190 2386 Alm : Ich finde diese Angelegenheit ist noch
1139 2337 3141 2526 nicht spruchreif.) Ich kann Hell keineswegs
1097 2498 3061 2648 hindern seine Kanditatur anzumelden. Und
1115 2604 2638 2817 werde auch Wenger nicht hindern.
1120 2731 2928 2915 Bernh: Aber Du wirst Dich für einenvon
1110 2895 2306 3076 ihnen entscheiden missen,
1105 3055 2965 3242 Altm: Wiese? Werdé ich denn noch an der
1126 3164 2962 3349 Abstimmung üher die Neubesetzung an der
1123 3315 2166 3504 Abteilung teilnehmen?
