3464 4184
2661 345 2841 522 101
982 517 3044 697 Ebewn.:Ganz richtig, davon will ich sprechen,
1265 684 3021 787 Es darf wohl behauptet werden - diese
1262 856 2957 957 Demission ist das schlimmste was un¬
537 828 1085 1113 Sos nicht
1265 990 2895 1154 serm Institut passieren konnte. Ich
1273 1108 3024 1332 stehe nicht an sie als eine Katastro-
373 1116 1085 1478 or beginnen
1273 1275 3008 1437 phe zu bezeichnen. Jacobl,meine Her¬
1273 1437 2978 1607 ren, ich lasse es ununtersucht, ob die
1257 1576 3060 1692 Kuratoen recht getan haben oder nicht.
1273 1756 2906 1905 wir sind hier nicht versammelt um
1257 1892 2978 2065 Kritik zu üben an Seiner Hoheit oder
1316 2021 3021 2193 an dem Herrn Bankdirektor,wir müssen
1280 2180 2931 2366 uns einfach gegenwärtig halten, dass
1278 2368 2942 2492 dte Förderer unsees Instituts,denen
1280 2494 2942 2674 wir materiell so viel verdanken, und
1278 2664 2751 2844 auf deren weitere Unterstützung
859 2718 1016 2903 r :
1275 2800 3121 2926 wir angewiesen sind, soch von uns abgewe
360 2798 810 2983 mit on
357 2944 1103 3114 materiell wt
1283 2918 2885 3093 wendet haben, und wir stehen ferner
391 3065 1052 3240 austideell
1283 3109 2882 3296 vor der unbeweifelbaren Tatsache,
463 3217 831 3384 Herrn
1288 3255 2846 3389 dass für dieses Missgeschick Herr
1280 3407 3093 3582 Prof. Bernhardt die ganze Verantwortung
1314 3571 2913 3731 zu tragen hat, weil er es ist, der -
