3448 4248
2394 586 2572 712 48.
966 694 2388 907 Cyprian, Oskar, Adler. Kurt
588 793 885 920 Hochr
882 826 3060 1085 Cyprian: Wie ich Assistent war be, X. war ein
926 993 2823 1201 Primarius im Spital, nomina sunt odiosa,
947 1088 3006 1328 der sich zu jedem Sterbefall rufen liess. Er
953 1212 2893 1468 wollte eine Psychologie der Sterbestunden
1223 1279 1498 1379 aigill
974 1384 2877 1587 schreiben. Es ist nichts daraus geworden.
977 1495 2947 1743 Ich sagte damals gleich zu meinem Freund Y
993 1627 2915 1900 die Sache steht anders. Es geht ihm nicht
999 1800 2985 2038 um Psychologie. Na hören Sie nur zu. Ein
1020 1922 3079 2197 paar Jahre drauf verschand er plötzlich, zur
1908 1946 2089 2035 us er
1023 2056 3047 2340 selben Zeit ungefähr, wurde ein zer
1026 2191 2969 2504 lumpter Kerl in einer abgelegenen Strasse
1055 2310 3077 2610 erstochen aufgefunden. Ein paar Tage darauf
1071 2456 3136 2720 stellte sich heras, dass mein Primarius und
1080 2599 3133 2871 der angebliche Stroe ein und dieselbe Perso
1085 2726 3238 3047 waren, es stellte sich weiter heraus, dass der
1104 2882 3163 3168 Mann schon jahrelang ein Doppelleben führte,
1120 3020 3187 3303 bei Tag war er der beschäftigte Arzt, nachts
1125 3095 3295 3460 besuchte er unkenntlich die ärgsten Spelunken.
1268 3368 2974 3681 Jetzt etwa noch.. der Amkobl über
1398 3552 2920 3824 der Custos (ren, noch
2488 3692 2880 3808 mit
