3384 4104
2715 381 2883 519 291
902 445 2848 695 zu hätt ich allerdings keine Lust ge¬
907 672 2832 846 habt. Die Antipathie teil ich mit Dir.
897 810 2858 1010 Flint: Ich fürchte Dich nicht,wenn Du
902 956 2904 1158 nun auch eine Partei hinter Dir stehen
1138 1127 1293 1235 6th
913 1115 2896 1316 hast. Ich sage Dir alles, auf die Gefahr
920 1288 2748 1462 hin mich in Deine Hände zu liefern.
933 1416 2983 1608 Bernhardi: Auf die Gefahr hin alles wie-
928 1654 1777 1779 der abzuleugnen.
918 1738 2909 1915 Flint: Meinetwe en. In dem Augenblick,
928 1935 2868 2065 als ich aufstand war ich entschlossen
923 2065 2906 2224 man uhaft für Dich einzustehen. Dein Vor
941 2216 2909 2393 gehen nicht nur zu entschuldigen, nein,
1991 2334 2178 2436 in.
951 2380 2919 2531 es zu rechtfertigen gegen meine eigene
1495 2492 1976 2602 Jauvk on
933 2531 2986 2694 Ueberzeugung.Aber währ end ich sprach, er¬
936 2674 2878 2814 kannte ich, hier ist ein Widerstand,ge
938 2814 2912 3001 gen den ich ohnmächtig bin, es wird mir
941 2950 2929 3131 neht gelingen Bernhardi zu retten und
953 3098 2919 3295 ich falle mit ihm, ich, und mit mir alle
938 3257 2876 3461 meine Pläne,d le Möglichke iten meiner
1181 3418 1797 3533 — die to hauss
943 3474 2940 3663 hohen Stellung.Keiner weiss besser als
