3432 4136
2562 491 2735 614 227
1358 623 2823 763 geblieben. Adler hat sich sogar
1320 796 3100 936 glänzend gehalten. Ich muss ihm manches
1313 917 3012 1074 abbitten (Er var nahe daren eine Lot
1294 1121 3064 1261 Rede zu halten. Er pries Bernhardt als
1306 1268 2984 1408 Forscher, als Arzt' und der Präsident
1318 1396 3083 1548 musste ihn ersuchen bei der Sache uzu
1320 1571 2837 1690 bleiben.Oskar als Sohn wurde auf
1301 1695 3067 1844 Antrag des Staatsanwalts nicht verei-
1325 1858 1571 2026 digt.
986 1969 2894 2188 Löwenstein: Und die Schwester Ludmilla!
1311 2169 2936 2301 Ja die, die muss tüchtig bearbeitet
976 2180 1237 2313 Kurt:
1311 2311 3112 2458 worden sein.Es handelte sich natürlich
1322 2470 3128 2605 vor allem darum, ob Bernhardt den Pfer¬
2346 2583 2458 2683 at
2031 2586 2166 2680 at
1325 2638 2939 2752 rer (am Arm ergriffen), ob er ihn mit
1330 2799 3031 2903 Gewalt zurückgehalten habe? Ludmilla
1330 2929 3038 3095 erinnerte sich natürlich zuerst ganz
1334 3081 2993 3256 genau, dass Bernhardt den Pfarrenfest
1322 3266 2941 3425 am Arm gerackt.Doch konnte ich ihr
1330 3375 2996 3574 nachweisen, dass sie ja anfangs sich
1344 3560 2861 3674 im Krankenzimmer aufgehalten und
1339 3652 2884 3828 erst später dazugekommen sei; dass
