3304 4040
2709 352 2911 514 278
905 450 2836 662 wider nichts meine Praxis aufgegeben.
902 657 2880 845 Reden Sie ganz ehrlich. Vergessen Sie
905 807 2828 998 nicht, dass sie einem Menschen gegen-
907 954 2675 1109 überstehen, keinem höheren Beamten.
889 1112 2906 1285 Herz: Also, wenn ich die Wahrheit sagen
902 1249 2882 1437 darf,Exzellenz,trotz der Affaire Bern
1603 1362 1861 1463 nicht
897 1442 2893 1579 hradi bin ich überzeugt, dass Ihnen die
897 1579 2825 1740 Kleri kalen schon so völlig vertrauen.
907 1740 2802 1890 Flint: Wie? Nun, ich finde, die Herren
892 1887 2960 2063 können sich w irklich nicht beklagen. Ich,
887 2024 2942 2192 der ihnen seinen alten Freund Bernhardi
910 2195 2973 2329 gewissermassen als Opfer vorgeworfen hat
897 2352 2825 2510 War der Bissen noch nicht fett genug?
892 2502 2748 2663 In den liberalen Blättern werde ich
887 2647 2965 2794 doch schon behandelt wie ein Römling. Ha-
887 2763 2937 2965 ben Sie geb sen, den Minister für Kultus
889 2949 2451 3092 und Konkordat nennen sie mich,
881 3076 2831 3267 Herz: Exzellenz,warten wir vielleicht
884 3265 2893 3386 noch die Beratung über die Schulgesetz.
879 3386 2831 3583 novelle ab.Die vereinigte Rechte will
