3336 4040
2602 351 2793 493 267
906 496 2945 718 Herz: Was ist denn? Na ja,also,ich las-
901 679 1427 831 se bitten.
888 816 1683 968 Herz, Feuermann
898 963 2413 1084 Feuermann (verbeugt sich tief
891 1131 2772 1239 Herz: Guten Tag, Herr Doktor, was ver-
893 1291 2277 1425 schafft mit das Vergnügen?
893 1451 2886 1567 Feuermann:Herr Hofrat,es ist eine sehr
898 1587 2199 1722 peinliche Angelegenheit -
891 1758 2855 1848 Herz: Oho, ich will nicht hoffen. Schon
898 1892 2793 2029 wieder ein kleines Malheur passiert?
901 2075 2950 2197 Wär schade nachdem Sie vorkaum 14 Tagen
891 2225 2940 2336 freige sprochen worden sind zur aufrich¬
898 2375 2963 2491 tigen Befriedigung aller gerecht denken
896 2504 2896 2630 den Menschen und Dank der Einsicht der
893 2669 2610 2821 braven Bürger von Oberhollabrunn.
893 2821 2852 2966 Feuermann: Herr Hofrat, allerdings bin
891 2956 2837 3082 ich freigesprochen, aber es ist leider
888 3098 2961 3247 völlig vergeblich,ich bin ein verlorener
878 3281 2824 3405 Mensch.Kein Patent lässt sich sehen.
888 3438 2878 3567 Ich kann in Oberhollabrunn nicht blei-
888 3609 2803 3751 ben.Daher war ich so frei ein Gesuch
