<?xml version="1.0" encoding="UTF-8" standalone="yes"?>
<PcGts xmlns="http://schema.primaresearch.org/PAGE/gts/pagecontent/2013-07-15" xmlns:xsi="http://www.w3.org/2001/XMLSchema-instance" xsi:schemaLocation="http://schema.primaresearch.org/PAGE/gts/pagecontent/2013-07-15 http://schema.primaresearch.org/PAGE/gts/pagecontent/2013-07-15/pagecontent.xsd">
    <Metadata>
        <Creator>prov=READ-COOP:name=TrHtr:version=2.1.0:model_id=51170:date=30_07_2023_11:46</Creator>
        <Created>2023-05-10T13:40:20.321+02:00</Created>
        <LastChange>2023-07-30T11:46:59.506+02:00</LastChange>
        <TranskribusMetadata docId="1428586" pageId="55416188" pageNr="473" tsid="131502060" status="IN_PROGRESS" userId="64420" imgUrl="https://files.transkribus.eu/Get?id=MELYWQGIAAIBKSSSMLGBAIKI&amp;fileType=view" xmlUrl="https://files.transkribus.eu/Get?id=BMEESBIUROWMCQIUHNUDQXGE" imageId="44690294"/>
    </Metadata>
    <Page imageFilename="1428586_0473.jpg" imageWidth="3368" imageHeight="4072">
        <ReadingOrder>
            <OrderedGroup id="ro_1711791144510" caption="Regions reading order">
                <RegionRefIndexed index="0" regionRef="tr_1"/>
                <RegionRefIndexed index="1" regionRef="tr_2"/>
            </OrderedGroup>
        </ReadingOrder>
        <TextRegion id="tr_1" custom="readingOrder {index:0;}">
            <Coords points="504,397 3042,397 3042,1807 504,1807"/>
            <TextLine id="tr_1_tl_1" custom="readingOrder {index:0;}">
                <Coords points="2646,504 2659,504 2679,486 2710,494 2734,481 2788,489 2798,499 2829,497 2832,336 2816,334 2793,347 2780,341 2752,359 2716,339 2700,339 2685,352 2648,349"/>
                <Baseline points="2662,450 2707,450 2752,447 2797,447 2839,450"/>
                <TextEquiv>
                    <Unicode>252</Unicode>
                </TextEquiv>
            </TextLine>
            <TextLine id="tr_1_tl_2" custom="readingOrder {index:1;}">
                <Coords points="913,809 1228,734 2842,703 2845,572 2020,587 1818,662 1381,566 1249,644 918,603"/>
                <Baseline points="931,746 964,737 1009,737 1053,737 1098,734 1143,734 1188,731 1232,731 1277,731 1322,728 1367,728 1412,725 1456,725 1501,725 1546,719 1591,719 1635,719 1680,716 1725,713 1770,713 1815,713 1859,710 1904,710 1949,707 1994,707 2038,704 2083,704 2128,701 2173,701 2218,698 2262,698 2307,698 2352,692 2397,689 2442,689 2486,689 2531,689 2576,689 2621,686 2665,683 2710,683 2755,677 2800,674 2845,680"/>
                <TextEquiv>
                    <Unicode>Plut Das ist ein Irrtum. Es hätte nicht</Unicode>
                </TextEquiv>
            </TextLine>
            <TextLine id="tr_1_tl_3" custom="readingOrder {index:2;}">
                <Coords points="1291,916 2090,864 2335,910 2819,838 2917,882 2972,869 2977,753 2785,696 2511,755 2333,714 1945,828 1816,763 1699,822 1298,740"/>
                <Baseline points="1307,880 1322,880 1367,880 1412,877 1456,877 1501,877 1546,874 1591,871 1635,871 1680,868 1725,868 1770,868 1815,865 1859,865 1904,865 1949,865 1994,859 2038,859 2083,856 2128,856 2173,853 2218,850 2262,847 2307,847 2352,844 2397,841 2442,841 2486,841 2531,841 2576,838 2621,838 2665,835 2710,832 2755,832 2800,829 2845,829 2889,832 2934,832 2979,835"/>
                <TextEquiv>
                    <Unicode>das Geringste genützt. Die Einleitung</Unicode>
                </TextEquiv>
            </TextLine>
            <TextLine id="tr_1_tl_4" custom="readingOrder {index:3;}">
                <Coords points="520,988 603,991 778,941 869,954 980,918 1099,916 1179,944 1213,936 1218,877 1063,828 830,869 729,833 659,859 623,828 533,820"/>
                <Baseline points="537,967 549,961 594,955 638,952 683,946 728,940 773,934 817,931 862,928 907,925 952,919 997,916 1041,913 1086,913 1131,913 1176,910 1221,907"/>
                <TextEquiv>
                    <Unicode>Ich konte die</Unicode>
                </TextEquiv>
            </TextLine>
            <TextLine id="tr_1_tl_5" custom="readingOrder {index:4;}">
                <Coords points="1280,1042 2573,1040 2897,998 2902,895 1283,970"/>
                <Baseline points="1295,1035 1334,1032 1379,1029 1424,1029 1468,1029 1513,1029 1558,1026 1603,1023 1647,1020 1692,1020 1737,1018 1782,1018 1827,1018 1871,1015 1916,1015 1961,1015 2006,1012 2050,1012 2095,1012 2140,1009 2185,1006 2230,1006 2274,1003 2319,1000 2364,1000 2409,997 2453,994 2498,994 2543,991 2588,991 2633,991 2677,994 2722,988 2767,988 2812,985 2856,982 2901,985"/>
                <TextEquiv>
                    <Unicode>des Verfahrens gegen Dich war eine</Unicode>
                </TextEquiv>
            </TextLine>
            <TextLine id="tr_1_tl_6" custom="readingOrder {index:5;}">
                <Coords points="484,1172 564,1130 605,1159 722,1094 766,1089 807,1115 861,1084 926,1084 931,1006 892,996 846,1014 701,970 675,988 626,970 603,991 553,978 494,993"/>
                <Baseline points="504,1071 531,1065 576,1062 620,1059 665,1056 710,1053 755,1050 800,1044 844,1044 889,1044 934,1044"/>
                <TextEquiv>
                    <Unicode>Hincers</Unicode>
                </TextEquiv>
            </TextLine>
            <TextLine id="tr_1_tl_7" custom="readingOrder {index:6;}">
                <Coords points="1298,1218 2889,1174 2891,1089 2607,1097 2503,1032 1580,1130 1303,1050"/>
                <Baseline points="1313,1185 1325,1185 1370,1182 1415,1182 1459,1182 1504,1179 1549,1179 1594,1176 1638,1176 1683,1173 1728,1173 1773,1167 1818,1167 1862,1164 1907,1164 1952,1164 1997,1164 2041,1161 2086,1161 2131,1158 2176,1158 2221,1155 2265,1155 2310,1152 2355,1149 2400,1149 2444,1146 2489,1143 2534,1143 2579,1140 2624,1140 2668,1140 2713,1140 2758,1137 2803,1137 2848,1137 2892,1137"/>
                <TextEquiv>
                    <Unicode>im Ministerrat beschlossene Sache.</Unicode>
                </TextEquiv>
            </TextLine>
            <TextLine id="tr_1_tl_8" custom="readingOrder {index:7;}">
                <Coords points="1291,1340 3016,1340 3041,1151 2157,1267 1854,1190 1614,1247 1296,1218"/>
                <Baseline points="1304,1337 1340,1337 1385,1334 1429,1334 1474,1334 1519,1331 1564,1328 1609,1328 1653,1325 1698,1325 1743,1322 1788,1322 1832,1316 1877,1316 1922,1316 1967,1316 2012,1316 2056,1313 2101,1310 2146,1310 2191,1307 2236,1304 2280,1304 2325,1304 2370,1301 2415,1298 2459,1298 2504,1298 2549,1295 2594,1292 2639,1292 2683,1292 2728,1289 2773,1289 2818,1289 2862,1286 2907,1286 2952,1283 2997,1280 3042,1286"/>
                <TextEquiv>
                    <Unicode>Ich hätte freilich die Kantbette frage</Unicode>
                </TextEquiv>
            </TextLine>
            <TextLine id="tr_1_tl_9" custom="readingOrder {index:8;}">
                <Coords points="1296,1510 1645,1485 1761,1547 2002,1487 2884,1479 2951,1472 2956,1353 2172,1407 1671,1404 1609,1355 1453,1435 1298,1428"/>
                <Baseline points="1310,1486 1346,1489 1391,1486 1435,1486 1480,1483 1525,1480 1570,1477 1615,1477 1659,1474 1704,1474 1749,1474 1794,1471 1838,1468 1883,1468 1928,1465 1973,1468 2018,1465 2062,1462 2107,1462 2152,1459 2197,1459 2241,1453 2286,1453 2331,1450 2376,1450 2421,1447 2465,1444 2510,1444 2555,1441 2600,1441 2645,1438 2689,1438 2734,1435 2779,1432 2824,1432 2868,1426 2913,1426 2958,1426"/>
                <TextEquiv>
                    <Unicode>stellen können, ich wäre heute nicht</Unicode>
                </TextEquiv>
            </TextLine>
            <TextLine id="tr_1_tl_10" custom="readingOrder {index:9;}">
                <Coords points="1288,1642 1601,1681 2853,1583 3034,1624 3039,1510 1293,1508"/>
                <Baseline points="1301,1638 1340,1635 1385,1632 1429,1632 1474,1632 1519,1629 1564,1627 1609,1627 1653,1624 1698,1624 1743,1621 1788,1621 1832,1618 1877,1615 1922,1615 1967,1615 2012,1612 2056,1609 2101,1609 2146,1609 2191,1606 2236,1606 2280,1603 2325,1600 2370,1597 2415,1594 2459,1594 2504,1594 2549,1591 2594,1591 2639,1591 2683,1588 2728,1585 2773,1585 2818,1585 2862,1582 2907,1579 2952,1576 2997,1573 3042,1570"/>
                <TextEquiv>
                    <Unicode>mehr Minister und Deine Situation wä-</Unicode>
                </TextEquiv>
            </TextLine>
            <TextLine id="tr_1_tl_11" custom="readingOrder {index:10;}">
                <Coords points="1298,1841 1371,1818 1428,1847 1523,1795 1635,1836 1880,1797 2020,1816 2165,1772 2167,1707 2061,1684 1978,1717 1797,1658 1697,1710 1650,1691 1505,1722 1428,1686 1303,1691"/>
                <Baseline points="1316,1797 1319,1794 1364,1791 1409,1791 1453,1791 1498,1788 1543,1785 1588,1782 1632,1779 1677,1779 1722,1776 1767,1776 1812,1773 1856,1770 1901,1770 1946,1767 1991,1767 2036,1764 2080,1764 2125,1764 2170,1770"/>
                <TextEquiv>
                    <Unicode>re genau dieselbe.</Unicode>
                </TextEquiv>
            </TextLine>
        </TextRegion>
        <TextRegion id="tr_2" custom="readingOrder {index:1;}">
            <Coords points="988,1830 3080,1830 3080,3652 988,3652"/>
            <TextLine id="tr_2_tl_1" custom="readingOrder {index:0;}">
                <Coords points="975,1953 2116,1914 2403,1976 2501,1911 3036,1898 3041,1769 978,1862"/>
                <Baseline points="988,1952 1029,1949 1074,1949 1119,1949 1164,1946 1209,1943 1253,1940 1298,1940 1343,1937 1388,1937 1432,1934 1477,1931 1522,1931 1567,1931 1612,1928 1656,1925 1701,1925 1746,1922 1791,1922 1835,1919 1880,1916 1925,1913 1970,1916 2015,1913 2059,1910 2104,1910 2149,1907 2194,1907 2239,1904 2283,1904 2328,1904 2373,1901 2418,1901 2462,1898 2507,1895 2552,1895 2597,1892 2642,1889 2686,1889 2731,1889 2776,1883 2821,1883 2865,1883 2910,1880 2955,1883 3000,1883 3045,1883"/>
                <TextEquiv>
                    <Unicode>Bernhardt:Du hast ein schlechtes Gedächtnis,</Unicode>
                </TextEquiv>
            </TextLine>
            <TextLine id="tr_2_tl_2" custom="readingOrder {index:1;}">
                <Coords points="1309,2110 2928,2072 3018,2046 3023,1932 1311,1999"/>
                <Baseline points="1322,2092 1367,2089 1412,2086 1456,2086 1501,2086 1546,2083 1591,2080 1635,2080 1680,2080 1725,2077 1770,2074 1815,2074 1859,2074 1904,2071 1949,2068 1994,2065 2038,2062 2083,2062 2128,2062 2173,2062 2218,2059 2262,2059 2307,2056 2352,2056 2397,2053 2442,2050 2486,2050 2531,2047 2576,2044 2621,2044 2665,2044 2710,2041 2755,2038 2800,2038 2845,2036 2889,2033 2934,2033 2979,2030 3024,2033"/>
                <TextEquiv>
                    <Unicode>wie es scheint.Hier an dieser selben</Unicode>
                </TextEquiv>
            </TextLine>
            <TextLine id="tr_2_tl_3" custom="readingOrder {index:2;}">
                <Coords points="1316,2271 1606,2294 1826,2229 2721,2196 2871,2250 2878,2074 2475,2087 2245,2160 1940,2103 1322,2113"/>
                <Baseline points="1331,2224 1358,2224 1403,2230 1447,2233 1492,2233 1537,2233 1582,2230 1627,2230 1671,2230 1716,2224 1761,2227 1806,2224 1850,2221 1895,2218 1940,2218 1985,2215 2030,2212 2074,2212 2119,2212 2164,2212 2209,2212 2253,2206 2298,2206 2343,2206 2388,2203 2433,2200 2477,2200 2522,2197 2567,2194 2612,2191 2656,2191 2701,2191 2746,2188 2791,2185 2836,2185 2880,2182"/>
                <TextEquiv>
                    <Unicode>Stelle sagtest Du,Du könntest Dir</Unicode>
                </TextEquiv>
            </TextLine>
            <TextLine id="tr_2_tl_4" custom="readingOrder {index:3;}">
                <Coords points="1322,2400 1487,2441 2126,2364 2400,2400 2503,2353 2641,2369 2641,2312 2441,2247 2191,2294 2079,2253 1839,2297 1728,2260 1327,2273"/>
                <Baseline points="1337,2391 1346,2391 1391,2391 1435,2388 1480,2388 1525,2385 1570,2385 1615,2379 1659,2379 1704,2379 1749,2376 1794,2373 1838,2373 1883,2370 1928,2367 1973,2367 2018,2367 2062,2364 2107,2364 2152,2361 2197,2361 2241,2355 2286,2355 2331,2355 2376,2352 2421,2349 2465,2349 2510,2349 2555,2346 2600,2346 2645,2349"/>
                <TextEquiv>
                    <Unicode>ke tnen schöneren Tod denken.</Unicode>
                </TextEquiv>
            </TextLine>
            <TextLine id="tr_2_tl_5" custom="readingOrder {index:4;}">
                <Coords points="996,2617 1730,2532 2912,2550 3072,2511 3075,2410 1001,2472"/>
                <Baseline points="1012,2555 1041,2555 1086,2555 1131,2555 1176,2552 1221,2552 1265,2552 1310,2552 1340,2546 1379,2543 1424,2543 1468,2540 1513,2540 1558,2540 1603,2537 1647,2537 1692,2531 1737,2528 1782,2528 1827,2525 1871,2525 1916,2525 1961,2522 2006,2519 2050,2516 2095,2516 2140,2513 2185,2513 2230,2510 2274,2510 2319,2507 2364,2504 2409,2504 2453,2501 2498,2501 2543,2498 2588,2498 2633,2498 2677,2495 2722,2492 2767,2492 2812,2489 2856,2486 2901,2486 2946,2483 2991,2480 3036,2480 3080,2480"/>
                <TextEquiv>
                    <Unicode>Flint: Ja, das sagt' ich und ich hätte keinen</Unicode>
                </TextEquiv>
            </TextLine>
            <TextLine id="tr_2_tl_6" custom="readingOrder {index:5;}">
                <Coords points="1316,2713 3026,2661 3028,2578 2765,2514 2478,2597 2030,2550 1860,2641 1666,2573 1516,2628 1322,2576"/>
                <Baseline points="1331,2692 1376,2692 1421,2689 1465,2689 1510,2689 1555,2686 1600,2686 1644,2683 1689,2680 1734,2680 1779,2677 1824,2677 1868,2677 1913,2674 1958,2671 2003,2668 2047,2668 2092,2665 2137,2662 2182,2662 2227,2662 2271,2659 2316,2656 2361,2656 2406,2653 2450,2653 2495,2650 2540,2647 2585,2647 2630,2645 2674,2645 2719,2645 2764,2642 2809,2639 2853,2636 2898,2633 2943,2633 2988,2630 3033,2636"/>
                <TextEquiv>
                    <Unicode>Augenblick gezögert mein Versprechen</Unicode>
                </TextEquiv>
            </TextLine>
            <TextLine id="tr_2_tl_7" custom="readingOrder {index:6;}">
                <Coords points="1335,2860 2990,2827 2995,2690 1340,2731"/>
                <Baseline points="1349,2848 1388,2848 1432,2845 1477,2845 1522,2842 1567,2842 1612,2839 1656,2836 1701,2836 1746,2833 1791,2833 1835,2830 1880,2830 1925,2827 1970,2827 2015,2824 2059,2821 2104,2818 2149,2815 2194,2812 2239,2812 2283,2812 2328,2809 2373,2809 2418,2806 2462,2806 2507,2803 2552,2803 2597,2800 2642,2797 2686,2797 2731,2794 2776,2791 2821,2791 2865,2788 2910,2785 2955,2785 3000,2785"/>
                <TextEquiv>
                    <Unicode>zu halten,wenn ich Dich damit hätte</Unicode>
                </TextEquiv>
            </TextLine>
            <TextLine id="tr_2_tl_8" custom="readingOrder {index:7;}">
                <Coords points="1345,3039 2964,2972 3034,2956 3039,2853 1968,2840 1350,2902"/>
                <Baseline points="1358,3003 1385,3000 1429,3000 1474,2997 1519,2994 1564,2994 1609,2994 1653,2991 1698,2991 1743,2988 1788,2988 1832,2985 1877,2982 1922,2982 1967,2982 2012,2976 2056,2973 2101,2973 2146,2970 2191,2967 2236,2967 2280,2964 2325,2964 2370,2961 2415,2961 2459,2958 2504,2955 2549,2955 2594,2952 2639,2952 2683,2952 2728,2952 2773,2949 2818,2946 2862,2946 2907,2943 2952,2940 2997,2937 3042,2937"/>
                <TextEquiv>
                    <Unicode>retten können.Aber Du selbst hättest</Unicode>
                </TextEquiv>
            </TextLine>
            <TextLine id="tr_2_tl_9" custom="readingOrder {index:8;}">
                <Coords points="1347,3171 1997,3166 2072,3122 2638,3166 2666,3052 2281,3008 1353,3052"/>
                <Baseline points="1364,3149 1373,3149 1418,3149 1462,3146 1507,3146 1552,3143 1597,3140 1641,3137 1686,3137 1731,3134 1776,3131 1821,3131 1865,3128 1910,3125 1955,3125 2000,3122 2044,3119 2089,3119 2134,3119 2179,3116 2224,3113 2268,3116 2313,3113 2358,3110 2403,3107 2447,3104 2492,3101 2537,3101 2582,3101 2627,3098 2671,3101"/>
                <TextEquiv>
                    <Unicode>es nicht von mir angenommen.</Unicode>
                </TextEquiv>
            </TextLine>
            <TextLine id="tr_2_tl_10" custom="readingOrder {index:9;}">
                <Coords points="1009,3339 2904,3277 2979,3173 2493,3153 2229,3220 1549,3163 1011,3246"/>
                <Baseline points="1023,3319 1056,3316 1101,3313 1146,3310 1191,3307 1235,3304 1280,3304 1325,3304 1370,3301 1415,3298 1459,3298 1504,3295 1549,3292 1594,3289 1638,3286 1683,3286 1728,3283 1773,3283 1818,3280 1862,3277 1907,3277 1952,3277 1997,3274 2041,3274 2086,3271 2131,3268 2176,3265 2221,3265 2265,3262 2310,3262 2355,3259 2400,3257 2444,3254 2489,3254 2534,3251 2579,3248 2624,3248 2668,3248 2713,3245 2758,3245 2803,3242 2848,3242 2892,3239 2937,3239 2982,3239"/>
                <TextEquiv>
                    <Unicode>Bernhardt: Du überschätzt mich vielleicht.</Unicode>
                </TextEquiv>
            </TextLine>
            <TextLine id="tr_2_tl_11" custom="readingOrder {index:10;}">
                <Coords points="1024,3473 1270,3517 2428,3422 2594,3479 2695,3409 2959,3427 2964,3326 1539,3321 1332,3416 1027,3406"/>
                <Baseline points="1038,3471 1041,3468 1086,3468 1131,3468 1176,3468 1221,3465 1265,3465 1310,3462 1355,3462 1400,3457 1444,3454 1489,3454 1534,3451 1579,3448 1624,3445 1668,3445 1713,3442 1758,3439 1803,3439 1847,3436 1892,3436 1937,3433 1982,3430 2027,3427 2071,3427 2116,3424 2161,3421 2206,3421 2250,3421 2295,3418 2340,3418 2385,3415 2430,3415 2474,3412 2519,3409 2564,3409 2609,3406 2653,3403 2698,3403 2743,3400 2788,3400 2833,3397 2877,3394 2922,3391 2967,3388"/>
                <TextEquiv>
                    <Unicode>Flint: Du hättost doch bedacht,dass nicht</Unicode>
                </TextEquiv>
            </TextLine>
            <TextLine id="tr_2_tl_12" custom="readingOrder {index:11;}">
                <Coords points="1360,3672 1510,3732 1976,3662 2203,3732 2537,3597 2617,3639 3013,3597 3018,3476 2612,3460 2312,3541 1366,3585"/>
                <Baseline points="1376,3642 1409,3639 1453,3636 1498,3633 1543,3630 1588,3627 1632,3627 1677,3624 1722,3624 1767,3621 1812,3618 1856,3615 1901,3615 1946,3612 1991,3609 2036,3609 2080,3606 2125,3603 2170,3600 2215,3597 2259,3594 2304,3594 2349,3588 2394,3585 2439,3585 2483,3585 2528,3585 2573,3582 2618,3579 2662,3573 2707,3573 2752,3573 2797,3570 2842,3564 2886,3561 2931,3558 2976,3552 3021,3549"/>
                <TextEquiv>
                    <Unicode>me tne Person allein als Opfer gefal</Unicode>
                </TextEquiv>
            </TextLine>
        </TextRegion>
    </Page>
</PcGts>
