3464 4248
2594 523 2764 671 142
1189 654 2997 899 mich — der Gerichtshof wird mein hohes
1206 843 3064 1100 Alter - ich hin sechsundsechzig - nicht
1216 1022 2822 1233 als Milderungsgrund gelten lassen.
981 1139 2934 1403 Ebenw.: Sie wissen wohl, dass ich Sie nicht
1223 1340 2880 1529 klagen werde. Ich halte es nicht für
1248 1500 2989 1667 richtig die schmutzige Wäsche unseres
1245 1674 2919 1851 Instituts auf offenen Strasse zu wa¬
1255 1856 1548 1969 schen.
1013 1923 2963 2125 Pflugf.: Schmutzige Wäsche?-Wer macht hier
1260 2081 2975 2270 Phrasen? Wer spielt es vom Sachlichen
1269 2255 3098 2469 aufs Persönliche hinüber? Ein so schnen¬
1282 2449 1863 2597 klarer Fall.
