3448 4168
2546 467 2741 629 213
1268 675 2951 879 genehm berührt - da kann der Kollega
1260 852 2854 1016 Löwenstein lachen so viel er will
1273 985 2960 1178 Ich war es nicht gerade wogen meiner
1266 1140 2980 1324 persönlichen Sympathte für den Herrn
1271 1257 3026 1494 Direktor, denn ich finde ja, dass jeder
1293 1432 2955 1638 die Suppe aufassen soll, die er sich
1295 1545 2831 1802 eingebrockt hat, sondern weil ich
1311 1744 3002 1957 die Folgen für unser Institut voraus
1313 1882 3051 2092 sehen komte. Sie wissen, unser Insti¬
1319 1988 2933 2200 tut hat immer Feinde gehabt und es
1499 2154 1886 2285 noch heute
1324 2147 3002 2426 hat mehr als manche von Ihnen ahnen.
1313 2302 2851 2535 Denn es gibt ja noch immer viele
1335 2442 3042 2683 unter Ihnen,meine Heren, die mit Zeit
1346 2568 2865 2831 und mit Volksströmungen nicht zu
1361 2785 3000 3000 rechnen wtsen; und bei öffentlichen
1344 2889 3013 3126 Anstalten muss man damit rechnen, ob
1350 3075 2935 3296 man sie von einem philosophischen
1353 3221 3015 3445 Standpunkt für gut hält oder nicht.
1361 3336 3126 3602 Es gibt halt viele Leute, die es nicht
1384 3480 3163 3728 richtig finden, dass in einem Institut,
1406 3637 2953 3834 wo ein Prinz Kurator ist und ein
