3496 4216
2801 451 2938 583 38
1077 568 3039 797 noch fertig, bei denen ist es meistens
1051 781 2991 942 so durchsichtig,. Aber es gibt noch eine
2318 879 2508 956 ren
1061 898 3181 1104 andre Art von Fei dschaft so eine angeborene
1061 1032 3089 1272 Antipathie der innern Schäbigbeit gegen das
1059 1172 3025 1360 Edle., des kleinen gegen das gross ange
1069 1397 1378 1571 legte.
1090 1428 3213 1674 Adler: Gross, das ist doch ein Wrt, dass ich..
1088 1566 3039 1808 Kurt: Ich sag ja ausdrücklich gross ange
1101 1668 3139 1962 legt, Um dann noch zu wirklicher Grösse
1096 1798 1312 1880 mme
1111 1830 3160 2088 zu gelangen, gehört noch allerlei dazu, G
1125 2062 1853 2249 Glück vorallem.
1135 2130 3002 2360 Adler: Na was das anbelangt, lieber Dr.
1138 2360 1806 2545 Pflugfelder...
1204 2426 3010 2669 Kurt Ich meine nicht Glücksfälle, nein
1162 2511 3192 2825 ich meine ein glücklich s Temperament, (eine
1185 2661 3113 2973 gewisse innere Freiheit, ein mitgeborenes
1204 2899 3289 3234 Adler: Na daran fehlts doch eigentlich Ihrem
1185 2965 1470 3131 Glück
1222 3107 3163 3403 Chef nicht. Denken Sie was der Mann alles
1272 3242 3179 3522 erreicht hat, jetzt ist er kaum fünfzig.
536 3237 1085 3490 Hatsher
1241 3377 3348 3651 Die Niesen-Praxis, bis in die höchsten Kreise
499 3445 1072 3670 nicht d
544 3567 1059 3865 "he &c
