3464 4152
2611 424 2791 598 207
1316 583 2831 775 me tne Herren, dass ich sofort den
1299 764 3016 932 Saal verlasse,nenn weiter diskutiert
1309 892 2862 1079 wird, he über den Antrag auf Sus¬
1307 1048 2971 1243 pendierung des Herrn Prof. Bernhardt
1318 1190 2113 1368 abgestimt ist.
1024 1318 2933 1513 Adler: Meine Herren/Nur wenige Worte. Sie
1311 1506 3076 1676 sehen in mir einen treuen Freund u nd
1311 1636 2886 1821 bedingungslosen Anhänger des Prof.
1295 1814 2834 1980 Bernhardt.Ich gehe für ihr durch
1302 1956 2864 2139 dich und dünn und ich betone hier
1302 2106 2964 2279 ausdrücklich, dass ich keinen Augen -
1311 2260 3094 2423 blick lang ßoetfle,Harr Prof.Bernhardt
609 2279 1188 2487 de lus-briil
1297 2402 2940 2573 wird aus der Untersuchung rein her¬
1307 2568 1745 2722 vorgehen.
1020 2698 2575 2886 Bernhardt (verbeugt sich tronisch)
1020 2879 2758 3045 Löwenstein: Sie waren ja dabei,Adler.
1010 3019 2862 3187 Adler: Ja, ich war dabet und es wird mir
1309 3135 2959 3313 Gelegenheit gegeben sein,wenn es so
1299 3308 2883 3462 weit kommt, nach bestem Wissen und
1302 3450 2900 3621 Gewissen über jenen Vorfall aus zu-
1307 3600 3071 3775 sagen.Aber gerade darum, meine Herren,
