3384 4168
2645 519 2813 644 191
1307 660 2943 842 ter zu fühlen. Ich werde den Antrag,
1295 806 3096 1015 ob mir die Missbilligung auszusprechen
1291 961 2851 1129 sei, zur Abstimmung bringen,möchte
1295 1114 2853 1304 aber vorher schicken, da ich keinen
1300 1262 2849 1432 Grund habe Verstecken zu spielen,
1298 1410 2961 1594 dass ich genau so gutweiss,wie alle
1273 1574 2999 1747 Anwesenden, es wird wohl eine gewisse
1282 1708 2806 1888 Wilrde in der Diskussion gewahrt,
1289 1877 2993 2043 aber es ist nur der Schein der Sach¬
1295 2014 2912 2200 lichkett und es gibt ja Herren, die
1298 2162 1841 2348 gegen mich
1004 2315 2705 2505 Ebenw. : Und andere, die für Sie sind.
1006 2510 2802 2642 Bernhardt: Ja.Und vielleicht den Einen
1298 2627 2791 2820 oder den Andern, der nicht weiss,
1293 2786 2853 2950 ob er für oder gegen mich ist. Der
1295 2921 2945 3114 Vorfall im Krankenzimmer ist nichts
1300 3094 2813 3273 als ein Vorwand.Darilber sind wir
1300 3251 1955 3419 uns alle klar.
1006 3426 1605 3554 Ebenw.: Ohol
1021 3554 1969 3731 Frankl: Ein Vorwand?
