3432 4152
2692 385 2882 509 194
992 552 2792 719 lich auch solche. Meine Herren, ich
989 712 2895 864 glaube den Vorwurf nicht fürchten zu
1001 849 2895 1014 müssen, dass ich Ihre Neugier auf die
992 1009 2960 1151 Folter spanne. Denn Sie wissen ja Alle
997 1179 2935 1329 warum ich mir erlaubt habe Sie einzu-
1001 1304 2940 1476 berufen. Immerhin ist es meine Pflicht
1011 1469 2835 1591 den Brief zur Verlesung zu bringen,
1006 1611 2845 1788 der mir heute morgens mit rekomman-
1006 1751 2895 1936 diert mit Retourrezepiise zugestellt
1009 1941 1339 2083 wurde.
1019 2105 1701 2253 Filitz: Hört!
1016 2205 2952 2413 Bernhardi: (liest).Hochverehrter“ etc.
1016 2405 2897 2532 etc.. Ich beehre mich Ihnen mitzutei-
1016 2515 3022 2685 len, dass die Mitglieder des Kuratorium
1021 2660 2910 2837 eto.eto.- den einstimmigen Beschluss
1024 2810 2990 2997 gefasst haben ihre Ehrenstellen zurück
1019 2982 2820 3169 zulegen, xxxx Indem ich Ihnen,hoch-
1034 3119 2815 3304 verehrter Herr Direktor, diesen Be-
1034 3274 2822 3457 schluss zur Kenntnis bringe,richte
1036 3437 2975 3611 ich das Ersuchen an sie die verehrten
1021 3574 2885 3761 Mitglieder des Direktoriums und des
