3464 4120
2833 357 3014 538 170
1108 494 2945 697 Protokoll erblickend) Ah,der Wenger
1115 673 2982 837 wird ja heute auch schon bei uns an-
1111 832 2945 974 treten. Na, danken wir Gott, dass uns
1096 976 2728 1145 der Hell erspart geblieben ist.
1093 1133 2931 1304 Ebenwald: Na von mir können Sie das
1089 1301 2931 1446 nicht verlangen, da ich für Hell ge-
1086 1438 2503 1617 stimmt habe, wie Sie wissen.
1081 1590 3053 1759 Pflugfelder: Na ja, natürlich,Sie muss
1079 1749 2754 1886 ten für ihn sein. Couleurbruder!
1076 1886 3043 2074 Ebenwald: (der Pflugf, immer sehr höf-
1069 2055 3033 2221 lich, aber mit Ueberlegenheit behandelt
1062 2216 2860 2383 als einen alten Herrn mit überlebt
2901 2258 3048 2375 d
1059 2341 2950 2559 Ansichten, von dem aber keinerlei Ge-
1054 2505 2620 2688 fahren drohen) Nicht deswegen.
1067 2652 2953 2855 Pflugf.: (der sehr oft die Antworten
1054 2821 2931 2994 überhört) Aber Sie Schreimann,na,Sie
1052 2977 2943 3136 verstehen wahrscheinlich nicht genug
1047 3131 2723 3258 von dem Fachf, haben beim Militär
1032 3280 2921 3452 keine Zeit gehabt all das zu verfol-
1037 3447 2869 3613 gen. Aber jammervoll ist es doch, wie
1030 3606 2872 3809 sich Tugendvetter benommen hat. Der
