3464 4200
2611 403 2790 516 159
1196 545 3072 661 der Herr Direktor lässt auf sich warten,
1204 730 2285 917 gegen seine Gewohnheit.
964 906 3070 1138 Diener (ist hereingekommen und hat mit Filitz
1204 1178 1794 1299 gesprochen).
964 1312 3062 1441 Filita: Was? Wie? Will mich sprechen? Habe keine
1217 1481 3051 1650 zeit.Bedauere. Wir sehen uns ja übermor¬
1215 1639 2909 1747 gen.Sagen Sie das dem Herrn Doktor.
1209 1789 2862 1895 (wendet sich wieder zu den Andern).
1217 1939 1784 2076 (Diener ab).
2116 1953 2756 2111 Une fahre he
967 2103 3017 2274 Pflugf.: (eben antwortend) Was geht uns denn
1215 2234 2972 2366 diese Interpellation überhaupt an? Ist
1217 2411 3046 2561 ste an uns gerichtet? Die Regierung hat
656 2472 1112 2646 At wei was
1204 2527 2927 2690 zu antworten. Und man hann ja hoffen.
511 2606 1202 2769 dert leben kennte
1194 2690 3078 2822 Ah,mas filr ein Gefühl muss es sein dort
440 2743 1004 2925 Wartichal..
1246 2796 2727 2949 stehen und antworten zu können.
959 3012 2445 3107 Diener(tritt wieder zu Filitz).
972 3146 1755 3281 Filitz: Wiel Was?
964 3217 3043 3428 Dr. Feuerstein (folgt dem Diener auf den Fuss)
962 3407 3080 3549 Feuerste in (höchst aufgeregt):Herr Professor,
967 3544 2933 3771 Filitz:Na hören Sie,Herr Doktor, das finde
