3464 4200
2817 457 3016 585 200
1059 540 2844 727 wie Sie wollen, meine Herren. Also,
1056 690 2999 865 das Kuratorium hat demissioniert. Den
1039 828 3014 1029 Grund oder vielmehr den Vorwand kennen
1037 992 2957 1194 wir Alte. Und ebenso wissen wir Alle,
1019 1135 2812 1336 dass Bernhardi, als er dem Priester
1010 1309 2749 1469 den Eintritt in das Kranke nzimmer
1012 1486 2830 1636 verweigerte, ausschliesslich in Aus-
995 1611 2830 1793 übung seiner ärzlichen Pflicht ge¬
985 1759 2778 1940 handelt hat. Wir Alle hätten uns im
973 1933 2869 2134 gleichen Falle genau so benommen wie
968 2058 1341 2184 wi er -
958 2198 1604 2358 Filitz: Oho!
946 2346 2567 2545 Löwenstein: Selbstverständlich.
938 2503 2731 2722 Ebenwald: Sie haben’s ja doch noch
921 2663 1474 2805 nie getan.
931 2822 2758 3011 Schreimann: Auch bei Herrn Direktor
909 2960 2798 3181 Bernhardi war es unseres Wissens das
909 3119 1434 3267 erste Mal.
924 3264 1827 3441 Filitz: Sehr wahr.
887 3417 2736 3623 Cyprian: Wenn wir es noch nie getan
870 3579 2773 3778 haben, meine Herren, so lag es einfach
