3416 4104
2755 458 2957 596 234
1096 573 2673 781 sich den Ovationnen entziehen.
1091 737 2926 924 Goldenthal: Wer weiss, auch die Zeit
1093 891 2918 1073 kann einmal wiederkommen in Oester-
1096 1032 2883 1231 reich.- Um jetzt: wenn auch
2145 1149 2888 1257 dienne...
1101 1190 2998 1418 Cyprian: Es ist die Frage,ob das wün
1096 1364 2788 1518 schenswert wäre. Bernhardi hätte
1096 1513 3041 1679 sich diesmal schönstens dafür bedankt.
576 1587 919 1828 11
1093 1669 2898 1851 Er weiss sehr gut, dass er kein Vor.
553 1820 960 2025 verkompt
1098 1833 1748 2010 kämpfer ist.
1098 1966 3011 2132 Goldenthal: Man wird zuweilen in sol-
1101 2148 3031 2296 che Stellungen gedrängt.Man ist plötz-
1088 2299 2990 2460 lich Parteiführer, ohne es angest rebt
1093 2437 2883 2593 zu haben. Es gibt solche Beispiele.
1101 2611 2970 2785 Cyprian: Er hat einfach das Richtige
1106 2742 2842 2913 getan. Was sich daraus entwicke ln
1096 2893 2875 3062 konnte,hat er nicht vorausgesehen.
1080 3039 2929 3238 Das ist vielleicht das Einzige, was
1088 3205 2962 3369 man ihm in der Sache zum Vorwurf ma
1098 3379 1615 3543 chen kann.
1083 3479 3144 3727 Pilugfelder: in solchen Fällen sind immer
