3512 4296
1079 402 1984 577 Es ist les dancéles -
967 465 2659 735 Auit und nun leesin und eine verwe-
2724 443 2913 596 53
967 557 3170 861 Auch komm ich ihr ja nicht sagen Herr Professor
1129 639 1620 787 soude.
981 812 2055 1019 dass sie sterben muss.
989 902 2978 1142 Adler- Hochwürdn berichtete eben von einem
995 948 3194 1276 Fall, wo er einen Herrn, den er versehen hatte,
1063 1161 2694 1396 vergnügt auf der Strasse begegnete.
1019 1257 3052 1549 Pfarrer: Ich möchte nur aufmerksam machen,
1038 1489 2167 1700 dass es indess da drin.
1060 1492 3129 1831 Bernh: Da läge die Schuld nicht an der Kran
1057 1749 2478 1984 ken.. Gott wird ihr verzeihn.
1079 1760 3142 2107 Pfarrer: Wir kommen nicht als Tausengel, wir
1096 2058 2025 2246 kommen als Träster.
1107 2088 3129 2366 Bernh: Ich zweifle nicht, dass Sie oft die
1129 2181 3134 2503 ses schöne Amt erfüllen, aber bei der armen
2590 2238 3243 2402 Kemkelebt in Randt
1134 2334 3101 2645 Person da drin wär es nicht so Es besteht
1156 2457 3178 2776 die Gefahr, dass Ihr plötzliches Erscheinen
2599 2574 2891 2675 mein
1164 2582 3137 2940 Hochwürden ihre Phantasien in (furchtbarer
432 2648 970 2861 # Of- äre
1219 2754 3071 3030 Weise unterbricht xxx mit allem schuldigen
383 2757 940 2946 nove nielle.
1197 2798 3317 3178 Respekt vor Ihren Intentionen seis gesagt> und
448 2902 869 3025 B. Lein
418 2978 1071 3164 of [illegible] and
1208 2973 3153 3328 dass sie gerade um das gebracht wird, was
418 3052 1079 3235 he in per oblige
1235 3090 3364 3446 ihr zu verschaffen doch auch zu meinen Pflicht
402 3162 1129 3391 M. Abé: 1 met
388 3254 1098 3481 th einleibt
1251 3309 2716 3601 gehört ein glückliches Sterben.
1262 3331 3164 3700 Pfarrer: Wir verstehen unter glücklichem
437 3377 1191 3642 Neile verschiffen
