2826 3639
683 571 1976 634 BERLIN W55 / POTSpDAMER STRASSE 123
659 666 2025 737 B...  DARMSTÄDTER. UND NATIONABANC, DEPOSITENKASSE BERLIN W &
659 707 2036 797 POT SpAMER STR. 18SAB  POSTSCHECKONTO. BERLIN MES / TEL LÜTZow 672
1619 754 1948 878 7. Januar 1928
644 840 896 964 REDAKITION
676 981 810 1110 Herrn
853 1084 1714 1218 Dr. med. Arthur Schnitzler
1849 1203 1969 1331 XVIII
1546 1248 2047 1379 Sternwartestr. 71.
614 1400 1282 1583 Sehr geehrter Herr Doktor!
956 1531 2298 1681 Sie hatten die grosse Güte, mir Ihr neues Aphorismen-Buch
612 1608 2343 1767 mit einer persönlichen Widmung zu schicken. Ich danke Ihnen herzlichst für
593 1729 1701 1858 diese Auszeichnung, die ich zu schätzen weiss.
999 1812 2223 1952 Ich liebe nichts mehr auf der Welt, als die Werke der
627 1888 2315 2034 grossen französischen Moralisten Larochefoucauld, Chamfort, Rivarol. Wenn
1454 1971 1615 2029 G.C.H.S.
627 1989 2345 2105 ich, freilich ein recht schwacher Schüler, jemanden als meinen Lehrmeister
627 2070 2304 2180 ansehe, so ganz gewiss nur diese. So können Sie sich denken, dass mir Ihr
631 2165 2285 2281 Buch, das ich übrigens noch nicht ausgelesen habe, sehr viel sagt. Nicht
638 2259 2319 2386 alles darin, das darf ich Ihnen vielleicht ganz offen bekennen; aber ich
642 2336 2319 2472 fand Stellen von einem persistischen Tiefsinn, der sich wirklich nur an
638 2435 1316 2583 Larochefoucauld messen lässt.
988 2489 2319 2631 Erlauben Sie mir, sehr geehrter Herr Doktor, dass ich Ihnen
644 2601 2062 2751 bei dieser Gelegenheit ein recht glückliches neues Jahr wünscht.
1776 2994 1952 3095 Danktien
