3283 4216
129 269 3066 571 ich die sowie getreten bei Wissen Sie, wie ich mir
851 472 2952 844 dass ich in dum bei ich hier herin
144 542 836 807 so dacht sehr!
1971 660 2307 829 best.
151 730 3084 1069 ... u ihr Zimmer. sie, ich jedoch nicht
136 991 3095 1286 es ich mich kommen - wie sie noch als
147 1198 3088 1507 Ernung lebendig und waren sind. Sehr Liebe von
136 1433 2970 1772 + drei lagen noch ich sie hier vor den Clavien
276 1662 3062 1971 sessen. Gal Chapia phiolt und da (mit der t.d.
99 1913 3007 2266 vor den Schreibisch machen) wirft, wie ich ein et¬
99 2115 2915 2487 Radt gekommen bin, hab ich sie da über Amt
1330 2417 3036 2745 gefunden; und hat sie hat mit
88 2451 1271 2708 id ab einem Kin,
2240 2686 3025 2948 , of dnk a
92 2697 2156 3011 gebsant und... Aber sehen Sie, O,
873 2941 1091 3081 man
1986 2904 3033 3191 de l' un
63 2896 2008 3258 sie nicht wie an eine telegung
1441 3140 3033 3387 die sollich diese
74 3132 1382 3438 norden Tagen
88 3383 2959 3711 ist - sonder wie ein, die sich schon bey
918 3563 2016 3810 um, an Fall sich,
55 3670 2469 3965 auf de Meygemacht lassen davon
2498 3633 3014 4009 The said
542 3840 1474 4031 usn. or if the
