3368 4152
1760 251 2060 392 gehört
179 372 961 575 Robert ins Himml.
113 492 1192 693 dave : noch in Kurs
148 690 386 874 tust.
163 760 1080 1000 Robert, in Schreibtisch.
166 934 1538 1167 Briefe auf dem Schreibtisch.
159 1106 1459 1311 Robert. Ohne die de Tenster..
172 1261 1106 1466 Regen. reich noch.
213 1372 1649 1590 Orden die aller, wie es früher istver¬
213 1573 954 1745 Zug. 10 W 30.
218 1647 1705 1834 Mr. & kommt. - Bleit der Anwärt. -
237 1847 847 2060 schreibtisch.-
261 2026 969 2246 Olga. Ich doch das
196 2183 908 2394 Rob. Wir sich
218 2363 993 2531 of Mannsime - -
213 2442 1669 2684 4 in Brief an sie noch in ungestreng¬
202 2622 1642 2873 Sie hat die Kirch nur des morgens
198 2751 1673 2978 dem schwerst. das it sein genommen,
275 2912 1651 3145 von Frau Rausmann Reich. auch
229 3126 1183 3337 Rol. sous vos it luye.
316 3226 1557 3439 I don't think was it. On of
205 3370 1453 3605 Stadt... der ganz Facultät. -
209 3548 1155 3742 vor für und Unlesung
216 3659 1509 3842 Rol. Am, was arbeit ich wird a.d.
222 3808 1486 4004 deren Ihr vielleicht läutet vorken.
