3377 4264
214 312 1678 558 Ob in seit ergebelet sich nicht
212 562 889 761 dit decembre
251 746 1358 928 of Meer hofragent
231 887 1187 1110 Rol gibt die
219 1070 1412 1334 of the uantrecht
225 1285 1514 1499 soo der gut Unrecht¬
206 1462 1598 1730 Ogr. Wie mages jenreiche sein -.
218 1642 1670 1858 Unheinlauf freund sie das de Turi¬
210 1834 1469 2040 Ein Tageskrecht Schauspielen? - on
206 1968 1633 2191 Nun habe nicht gemeß. Unvorsehl
182 2156 1176 2358 Briefe dazu sehen.
316 2290 1283 2539 Mohn weisst du?
190 2353 294 2574 P.
195 2491 1601 2708 Rch verstattet ich seren kann,
158 2714 1624 2950 Rech. Octbr. der beste Freunde? Ich
190 2879 1518 3121 nehme an.. Wo theil un¬
156 3006 1659 3287 an Solch tell in - do tran last
171 3210 1613 3465 bet at D trin, in  trie durch
203 3419 1471 3657 bedeht... Nun der Tull,
225 3668 1555 3908 Man ist al gewißt. Er t ist
