3299 4280
90 323 2987 706 Bekert. Seien Sie unbesorgt, Oh¬
2920 451 3066 676 23
132 628 3032 1015 ### mich wird nichtsüberraschen und
297 759 3059 1165 melden, nicht einmal überwaschen -
83 853 301 1259 e
169 1052 3059 1435 Ich habe ein forschen woll wird müßigen
94 1311 3115 1586 etwas - xxx den so entschliche geschehe.
1214 1484 3115 1871 tächelichkeit zu, die Baum
113 1574 1244 1883 Mai tis unio st
184 1759 3017 2127 Ich werde sie nie hessen könne.“ Ver mer¬
2285 2003 3070 2281 nichts und
158 2082 1973 2416 ausgeschehen ist, wie ist die
132 2243 3115 2615 Wie, wenn ich drei denk, wo sie jetzt ist
526 2619 1770 2912 sich hab es ja gerußt.
158 2679 530 2972 Und J
372 2792 1841 3092 der ist nicht mehr.
128 2886 3055 3374 Robert. Wie man ehe solch bey recht
165 3231 3036 3649 Wie man irgend wen bestimmt derkt, ge¬
2127 3536 2912 3840 ich, sieht es
992 3551 2134 3927 fieft er in innigly
169 3607 999 3930 flattart
