3371 4296
252 331 1688 536 — Sein auf vor gern
195 511 1654 706 er that im weit. Trina
178 687 1696 903 was lenke, or Unbehorend
185 880 1699 1109 eo no J Kast liebe wenn
191 1090 1679 1304 sie hätte sich verkauft. - Ich al
172 1240 1669 1531 es nicht wisse. Gehe sie sei
168 1510 1590 1762 trauch ich. Der feiner mit
144 1732 1535 1974 at six uer in m
142 1947 888 2163 Freund ist das
220 2112 1503 2381 (Z. d. franz meinte dt
167 2324 1476 2570 Brief - es sei mittlich die
276 2549 1522 2786 Was ward ich ihn sagen -
117 2755 1491 2986 Nun - das werde ihn hinweiss.
180 2945 1563 3223 nicht wahr zu laßen,
108 3172 1559 3403 in selfs anyutitut  a sal julelln
106 3372 1453 3598 Mr A Marl Sir in
134 3567 1399 3796 au in dand. Ma
195 3721 1616 4054 ein wilt hat sie nur Quart
2034 2901 3098 3153 Er ist gens... ich soweit
1870 3087 2947 3272 er.. sie auch - ich sei
1724 3248 2231 3477 alh Hei
