3400 4168
181 299 1431 501 Rob. ihise nicht fortzogen
251 484 1316 675 Ich die geht mußte.
176 623 1515 845 Rob. Mr Ehelf. liegt. Lust
226 800 1451 1008 Nom. Diesen wir
223 956 1002 1167 Siecken? - Un.
202 1107 1335 1311 Of. So gibt meist Briefe:
176 1292 1610 1447 Rt Mr holl nicht ent¬
206 1455 1318 1636 Überrasch’ gerichtet.
223 1595 1689 1827 Kol. Wie nie weiter - unkosten
223 1870 1535 2083 - Aber der ich zu straßlich - zw
196 2029 1698 2216 wo einem nicht mehr. Gegebenen
181 2160 1627 2388 Altenliebe ers sei, ich hat die
217 2369 1625 2603 ihn er nicht verloren. die wir
208 2564 1618 2783 Nahm. Alle wir bess werde.
247 2738 1546 2985 1 Hochwürdige.. af der Wollle
170 2913 1606 3117 sich wie er im rohe. Der
211 3104 984 3306 Zeit hat d. Ihren
258 3215 1496 3445 Smitt - einen geht jetzt jene
1354 3428 1492 3581 1
200 3403 1266 3630 et sie nenloren hat!
200 3560 1509 3804 wirklich... Sie seis in schön:
331 3800 1251 3994 H. L. G. A.
