3307 4200
492 220 900 452 ahnt
918 224 1664 408 van da dem
154 253 3111 646 nte der der Monat, wo wir ihr wahr Schf
2600 588 3114 856 mit schwa¬
121 584 2497 914 the Lher nfahren  Wie aller egentlich
2321 848 3004 1069 Hutglant
143 845 2174 1153 ist. Von der Namen ist Mei alle
143 1054 3015 1388 schwer ihr ist alles, wie einmal gewesen sich für
213 1278 3041 1671 - Jaga.. Wie einmal gewesen, einzil. zuwehren ist; ist
187 1528 2978 1807 unendlich fern. Sie ist mir in diese Augenblick nicht
140 1726 2887 2060 näher oder. (sicht Op lez aar, bei.) manche an
184 1968 2159 2303 war rhedekt.... Wieder sie sich
342 2123 3037 2519 Ist hat nie ergentlaut kein; ich habe wieder
165 2383 2931 2857 eigentlich gedacht, Sie so zu finden. - Der Schmer¬
136 2593 2953 3037 Robert. Heil ist liegt er aus, dessen, Paff, Jo
129 2879 2854 3258 so wan wer in mir, das Aber auch wollte, daß
184 3210 793 3467 konnt später
1153 3246 3092 3661 ihn mich danach.- So darin be¬
169 3430 819 3687 Ou Robert
878 3386 1091 3672 H
180 3584 3033 3893 ich in dieses Simon gekommen u in ihrer -
801 3834 1105 3948 lebsten
1939 3812 2806 4021 und kennt ruhig.
1120 3841 1660 4029 bemerkt es;
1825 3926 1917 4007 _
264 3849 1014 4040 Oblichkeit
