3387 4296
189 578 869 784 Robert. (Professor)
191 780 808 945 Prozesse Lecknger
202 917 1162 1126 d. So war ich der letzte¬
198 1076 1404 1258 Bikin il veut au suz? Ja.-
193 1213 1530 1386 Dauer (ihr auf einkam tricht
183 1330 661 1576 Scholau.
300 1451 1602 1706 Nun 10.30 Kommt aan ich Residenz
232 1667 1510 1862 die vollen schon übermag Ihr Coll
154 1828 1460 2036 lehre. Dass Sie sich doch durch xx
161 1997 932 2167 Alsiste verlangen: -
187 2132 1469 2369 Nun, ich sag thun, es ist überblatt
182 2327 1558 2499 avec trois part. wenn ich verso sie
154 2493 1317 2723 gerichtet. - (Ei geht endlich
215 2727 615 2888 Bener „
207 2788 1701 3016 Robert: Man Leile Alfred Knut¬
270 3090 1623 3312 Olge erscheint. – Um selb gehen.
270 3268 900 3429 Sonderbar -
182 3501 1497 3722 Robert. - Er ist doch eigentlut
178 3686 1460 3896 nantenter Kneulastgul.
