3315 4216
1837 213 1991 370 me
121 209 3065 499 Robert. Wennn soll man for ode to and in all
136 466 3032 814 vorstehe? - Ich habe: oder ich hätte alles um und
132 689 2544 997 herum verstanden?  Gleihen Sie das nicht?
1811 909 2218 1144 part.
161 939 1349 1221 Olye. (Hefanger) Ohge.
1401 1118 1598 1254 sur
106 1093 2922 1456 Rolert. - Wolde wird aus Frei - ich mein
121 1349 1272 1609 um auf den Kalken¬
231 1492 2948 1877 Ge. Ja ich auf Ihren. Ich kann eigentlich
77 1793 1969 2126 ich habe Sie un etwas zu litt?
99 2005 1903 2321 Rotert. Zu bitten. Sie weit?
2049 2178 2981 2438 in a & of
260 2159 1903 2592 a. S. Ich will nicht betheilen,
92 2456 3017 2838 Kobert. Sie kann sich decke, daß ich nicht jetzt
304 2673 2929 3047 fait about woens kint und wie Man
143 3025 242 3138 P.S.
139 2889 2992 3289 verlassen hätte, nie an Ihm noch einmal Vh
147 3230 1144 3571 hier zu die Am¬
194 3355 2933 3718 Robert.  Maria nicht? Oder haben Sie Angl.
1954 3644 3032 3945 ter sein in den Rück¬
220 3707 1950 3993 Die sprachtsfälls vorher zu
