3400 4136
189 428 323 556 10.8
229 541 363 726 V.
330 868 2967 1235 Elegantes Zimmer in einer Stille. Hellpfelten
320 1133 2887 1434 tagnten und Mobil in halben meist bleiben
294 1329 3058 1638 Fack gehalten. Rechts von Thür, lieb eine Thür
276 1540 2985 1852 In Hinterzum eine große offene Thür, die ernst
261 1750 3127 2063 der Kalkon hin u Führt. Blick auf die Landschaft.
879 1939 1590 2121 allmals seyn
214 1961 2945 2270 eine Straße, diesweit hinausführt, abgebflossen
229 2208 3050 2458 durch eine Friedhofsmauer. Die Mann ist nicht hoch
225 2375 3032 2778 man sieht Grabstein u Prange. Ganz herr von
2211 2658 3156 2941 später Abend, nach
276 2658 1986 2938 schwimmen mäßig Berge. -
243 2851 3166 3170 Nacht, die Landschaft liegt in diesel; einige Stelle
312 3094 3076 3399 auf der einsamen Strafte fehl Umstelung
574 3326 712 3584 t
309 3439 2941 3806 + duerschreibtisch links wäre; kleinen rechts¬
