<?xml version="1.0" encoding="UTF-8" standalone="yes"?>
<PcGts xmlns="http://schema.primaresearch.org/PAGE/gts/pagecontent/2013-07-15" xmlns:xsi="http://www.w3.org/2001/XMLSchema-instance" xsi:schemaLocation="http://schema.primaresearch.org/PAGE/gts/pagecontent/2013-07-15 http://schema.primaresearch.org/PAGE/gts/pagecontent/2013-07-15/pagecontent.xsd">
    <Metadata>
        <Creator>prov=READ-COOP:name=TrHtr:version=2.1.0:model_id=51170:date=29_07_2023_02:38</Creator>
        <Created>2023-05-10T12:09:19.644+02:00</Created>
        <LastChange>2023-07-29T02:38:54.944+02:00</LastChange>
        <TranskribusMetadata docId="1428189" pageId="55398320" pageNr="38" tsid="131391116" status="IN_PROGRESS" userId="64420" imgUrl="https://files.transkribus.eu/Get?id=YZXAUHFMSWLSHNNERJPFVRPA&amp;fileType=view" xmlUrl="https://files.transkribus.eu/Get?id=AIDZKAUQPEUJIRABCSYJHRVA" imageId="44673198"/>
    </Metadata>
    <Page imageFilename="1428189_0038.jpg" imageWidth="3291" imageHeight="4232">
        <ReadingOrder>
            <OrderedGroup id="ro_1711798864419" caption="Regions reading order">
                <RegionRefIndexed index="0" regionRef="tr_1"/>
            </OrderedGroup>
        </ReadingOrder>
        <TextRegion id="tr_1" custom="readingOrder {index:0;}">
            <Coords points="74,343 3008,343 3008,3967 74,3967"/>
            <TextLine id="tr_1_tl_1" custom="readingOrder {index:0;}">
                <Coords points="2587,420 2638,413 2681,449 2688,441 2706,452 2756,441 2760,294 2731,291 2717,301 2702,294 2656,337 2645,327 2623,337 2591,327"/>
                <Baseline points="2608,396 2632,396 2677,396 2721,396 2766,393"/>
                <TextEquiv>
                    <Unicode>16</Unicode>
                </TextEquiv>
            </TextLine>
            <TextLine id="tr_1_tl_2" custom="readingOrder {index:1;}">
                <Coords points="79,553 359,502 624,624 840,538 1547,549 1705,456 1834,542 2010,531 2067,327 1583,388 1471,305 1066,395 815,284 488,395 83,416"/>
                <Baseline points="104,477 149,477 193,480 238,480 283,480 328,480 373,480 417,480 462,480 507,480 552,480 596,477 641,471 686,468 731,468 775,465 820,462 865,459 910,456 955,453 999,453 1044,453 1089,453 1134,453 1178,453 1223,453 1268,453 1313,456 1357,453 1402,453 1447,453 1492,453 1537,450 1581,450 1626,447 1671,444 1716,444 1760,441 1805,438 1850,438 1895,438 1939,438 1984,432 2029,429 2074,435"/>
                <TextEquiv>
                    <Unicode>nn in theit, wo ich namentlich</Unicode>
                </TextEquiv>
            </TextLine>
            <TextLine id="tr_1_tl_3" custom="readingOrder {index:2;}">
                <Coords points="154,843 438,746 736,822 2164,675 2749,786 3000,736 3007,499 2117,596 1288,510 703,642 161,563"/>
                <Baseline points="179,728 188,728 232,734 277,731 322,734 367,731 411,734 456,731 501,731 546,734 590,731 635,725 680,725 725,725 769,716 814,713 859,713 904,713 949,710 993,707 1038,704 1083,701 1128,701 1172,701 1217,698 1262,698 1307,698 1351,695 1396,689 1441,686 1486,686 1531,683 1575,683 1620,683 1665,677 1710,677 1754,671 1799,671 1844,668 1889,662 1933,659 1978,659 2023,659 2068,656 2113,653 2157,656 2202,656 2247,656 2292,653 2336,650 2381,644 2426,641 2471,638 2515,635 2560,632 2605,632 2650,635 2694,653 2739,662 2784,665 2829,677 2874,692 2918,698 2963,704 3008,713"/>
                <TextEquiv>
                    <Unicode>Ihr Marie? v. vielleicht hat ich einmal die Räh Ihnen</Unicode>
                </TextEquiv>
            </TextLine>
            <TextLine id="tr_1_tl_4" custom="readingOrder {index:3;}">
                <Coords points="151,998 226,983 298,1030 398,1044 459,1023 560,1034 628,980 685,998 764,980 768,822 603,764 549,793 423,790 312,879 240,843 154,843"/>
                <Baseline points="170,981 193,969 238,969 283,961 328,958 373,958 417,958 462,958 507,955 552,958 596,955 641,955 686,955 731,952 775,943"/>
                <TextEquiv>
                    <Unicode>zu gestehe.</Unicode>
                </TextEquiv>
            </TextLine>
            <TextLine id="tr_1_tl_5" custom="readingOrder {index:4;}">
                <Coords points="111,1209 1870,1220 2401,1148 2412,958 2128,998 1974,922 1830,1012 1245,1023 811,1134 118,1016"/>
                <Baseline points="131,1181 176,1184 220,1190 265,1190 310,1190 355,1187 399,1187 444,1184 489,1184 534,1187 578,1190 623,1193 668,1190 713,1193 758,1193 802,1193 847,1190 892,1187 937,1187 981,1184 1026,1184 1071,1184 1116,1181 1160,1178 1205,1175 1250,1172 1295,1169 1340,1166 1384,1160 1429,1160 1474,1152 1519,1152 1563,1146 1608,1143 1653,1143 1698,1140 1742,1140 1787,1137 1832,1137 1877,1131 1922,1125 1966,1125 2011,1119 2056,1116 2101,1113 2145,1113 2190,1107 2235,1104 2280,1101 2324,1098 2369,1101 2414,1101"/>
                <TextEquiv>
                    <Unicode>Rotert. Wie sollen diese Kriefe sein –?</Unicode>
                </TextEquiv>
            </TextLine>
            <TextLine id="tr_1_tl_6" custom="readingOrder {index:5;}">
                <Coords points="104,1518 2674,1400 2989,1313 3000,1138 998,1296 126,1177"/>
                <Baseline points="129,1464 134,1462 179,1465 223,1462 268,1459 313,1450 358,1450 402,1441 447,1435 492,1432 537,1429 581,1426 626,1423 671,1420 716,1420 761,1420 805,1420 850,1414 895,1414 940,1414 984,1408 1029,1405 1074,1402 1119,1399 1163,1393 1208,1393 1253,1396 1298,1396 1343,1393 1387,1393 1432,1390 1477,1384 1522,1384 1566,1384 1611,1384 1656,1384 1701,1381 1745,1378 1790,1375 1835,1375 1880,1372 1924,1366 1969,1363 2014,1360 2059,1357 2104,1354 2148,1351 2193,1346 2238,1340 2283,1340 2327,1340 2372,1334 2417,1328 2462,1328 2506,1325 2551,1322 2596,1319 2641,1313 2686,1310 2730,1307 2775,1307 2820,1304 2865,1301 2909,1301 2954,1298 2999,1295"/>
                <TextEquiv>
                    <Unicode>Ohne Höhe der Schreibtisch ich verd. hei gleich fand,</Unicode>
                </TextEquiv>
            </TextLine>
            <TextLine id="tr_1_tl_7" custom="readingOrder {index:6;}">
                <Coords points="100,1712 1080,1805 2114,1604 2516,1662 2817,1558 2828,1407 1052,1565 115,1518"/>
                <Baseline points="119,1695 143,1701 188,1698 232,1695 277,1695 322,1692 367,1692 411,1689 456,1689 501,1686 546,1686 590,1686 635,1689 680,1686 725,1686 769,1683 814,1680 859,1677 904,1674 949,1674 993,1671 1038,1668 1083,1665 1128,1662 1172,1659 1217,1656 1262,1650 1307,1647 1351,1641 1396,1635 1441,1629 1486,1629 1531,1623 1575,1620 1620,1620 1665,1620 1710,1617 1754,1614 1799,1611 1844,1608 1889,1599 1933,1593 1978,1584 2023,1584 2068,1581 2113,1575 2157,1572 2202,1563 2247,1557 2292,1557 2336,1554 2381,1551 2426,1545 2471,1545 2515,1539 2560,1539 2605,1537 2650,1534 2694,1531 2739,1531 2784,1528 2829,1525"/>
                <TextEquiv>
                    <Unicode>Robert. (vor den Schreiblich) - Vor gleich heute</Unicode>
                </TextEquiv>
            </TextLine>
            <TextLine id="tr_1_tl_8" custom="readingOrder {index:7;}">
                <Coords points="72,1985 409,1945 621,2067 775,1985 883,2031 1471,1970 1697,1920 1708,1712 1052,1805 729,1787 395,1870 255,1773 86,1769"/>
                <Baseline points="95,1957 98,1957 143,1957 188,1960 232,1954 277,1951 322,1948 367,1948 411,1945 456,1945 501,1948 546,1951 590,1948 635,1945 680,1939 725,1939 769,1939 814,1933 859,1930 904,1924 949,1924 993,1924 1038,1919 1083,1919 1128,1913 1172,1910 1217,1904 1262,1901 1307,1895 1351,1889 1396,1886 1441,1880 1486,1877 1531,1874 1575,1868 1620,1862 1665,1856 1710,1850"/>
                <TextEquiv>
                    <Unicode>Aber muss sie sie schon habe.</Unicode>
                </TextEquiv>
            </TextLine>
            <TextLine id="tr_1_tl_9" custom="readingOrder {index:8;}">
                <Coords points="273,2272 1105,2182 1231,2272 1683,2099 2214,2171 2555,1970 2946,1963 2957,1855 2638,1881 2473,1755 1622,2028 301,2028"/>
                <Baseline points="298,2218 346,2214 390,2208 435,2202 480,2199 525,2193 570,2193 614,2187 659,2187 704,2184 749,2178 793,2172 838,2169 883,2166 928,2166 972,2166 1017,2166 1062,2163 1107,2157 1152,2154 1196,2151 1241,2142 1286,2133 1331,2130 1375,2127 1420,2121 1465,2113 1510,2107 1554,2104 1599,2101 1644,2095 1689,2092 1733,2086 1778,2077 1823,2071 1868,2062 1913,2059 1957,2053 2002,2050 2047,2041 2092,2035 2136,2032 2181,2026 2226,2014 2271,2002 2315,1996 2360,1993 2405,1990 2450,1984 2495,1978 2539,1969 2584,1963 2629,1957 2674,1954 2718,1951 2763,1948 2808,1945 2853,1945 2897,1942 2942,1945 2957,1945"/>
                <TextEquiv>
                    <Unicode>Sacht hätte ich sei morgen an Ihnen vor¬</Unicode>
                </TextEquiv>
            </TextLine>
            <TextLine id="tr_1_tl_10" custom="readingOrder {index:9;}">
                <Coords points="879,2444 1016,2498 1870,2315 2828,2308 2853,2081 2519,2078 2247,2214 1755,2268 1522,2214 1191,2372 897,2311"/>
                <Baseline points="901,2438 922,2438 966,2435 1011,2429 1056,2423 1101,2420 1146,2417 1190,2411 1235,2402 1280,2396 1325,2384 1369,2375 1414,2366 1459,2360 1504,2354 1548,2348 1593,2345 1638,2342 1683,2336 1728,2333 1772,2327 1817,2321 1862,2315 1907,2315 1951,2312 1996,2304 2041,2298 2086,2298 2130,2292 2175,2292 2220,2289 2265,2283 2309,2277 2354,2271 2399,2265 2444,2259 2489,2250 2533,2247 2578,2235 2623,2226 2668,2220 2712,2217 2757,2214 2802,2211 2847,2208"/>
                <TextEquiv>
                    <Unicode>an, und ich war er vielleichtet</Unicode>
                </TextEquiv>
            </TextLine>
            <TextLine id="tr_1_tl_11" custom="readingOrder {index:10;}">
                <Coords points="61,2566 258,2509 359,2559 416,2512 474,2526 596,2476 703,2534 815,2548 833,2322 635,2336 481,2419 391,2383 284,2426 165,2326 79,2361"/>
                <Baseline points="89,2503 110,2498 155,2498 199,2489 244,2486 289,2483 334,2477 379,2471 423,2465 468,2462 513,2465 558,2462 602,2462 647,2456 692,2453 737,2450 781,2447 826,2444"/>
                <TextEquiv>
                    <Unicode>lange</Unicode>
                </TextEquiv>
            </TextLine>
            <TextLine id="tr_1_tl_12" custom="readingOrder {index:11;}">
                <Coords points="2710,2562 2756,2584 2781,2566 2799,2584 2853,2598 2896,2580 2925,2552 2943,2552 2943,2336 2806,2340 2731,2394 2710,2390"/>
                <Baseline points="2730,2486 2775,2486 2820,2486 2865,2483 2909,2486 2951,2492"/>
                <TextEquiv>
                    <Unicode>M</Unicode>
                </TextEquiv>
            </TextLine>
            <TextLine id="tr_1_tl_13" custom="readingOrder {index:12;}">
                <Coords points="994,2745 1281,2648 1453,2720 1651,2584 1981,2562 2265,2580 2379,2670 2541,2580 2648,2598 2666,2448 2401,2455 2318,2369 2071,2440 1730,2397 1407,2537 1016,2537"/>
                <Baseline points="1026,2668 1056,2659 1101,2650 1146,2638 1190,2632 1235,2629 1280,2626 1325,2623 1369,2614 1414,2608 1459,2605 1504,2596 1548,2593 1593,2587 1638,2581 1683,2578 1728,2569 1772,2566 1817,2563 1862,2557 1907,2551 1951,2545 1996,2542 2041,2536 2086,2533 2130,2530 2175,2524 2220,2521 2265,2515 2309,2512 2354,2506 2399,2506 2444,2503 2489,2500 2533,2498 2578,2498 2623,2492 2668,2489"/>
                <TextEquiv>
                    <Unicode>Heweß. Der verlange</Unicode>
                </TextEquiv>
            </TextLine>
            <TextLine id="tr_1_tl_14" custom="readingOrder {index:13;}">
                <Coords points="50,2806 244,2864 312,2817 337,2839 721,2735 772,2763 883,2742 901,2512 764,2523 578,2656 284,2519 68,2566"/>
                <Baseline points="74,2769 92,2766 134,2751 179,2748 223,2739 268,2736 313,2724 358,2721 402,2718 447,2715 492,2712 537,2712 581,2709 626,2706 671,2703 716,2700 761,2697 805,2697 850,2697 895,2694"/>
                <TextEquiv>
                    <Unicode>sehr für mich zu</Unicode>
                </TextEquiv>
            </TextLine>
            <TextLine id="tr_1_tl_15" custom="readingOrder {index:14;}">
                <Coords points="57,3043 980,3054 1881,2806 2839,2799 2907,2645 2175,2631 1181,2842 718,2785 75,2893"/>
                <Baseline points="83,3008 116,3008 161,3008 205,3002 250,2999 295,2996 340,2990 384,2981 429,2978 474,2972 519,2969 564,2966 608,2960 653,2951 698,2951 743,2951 787,2951 832,2945 877,2936 922,2927 966,2918 1011,2912 1056,2903 1101,2897 1146,2888 1190,2883 1235,2877 1280,2871 1325,2871 1369,2865 1414,2862 1459,2859 1504,2853 1548,2850 1593,2844 1638,2844 1683,2835 1728,2829 1772,2826 1817,2817 1862,2811 1907,2805 1951,2799 1996,2790 1996,2790 2041,2784 2086,2781 2130,2772 2175,2766 2220,2763 2265,2760 2309,2754 2354,2751 2399,2742 2444,2739 2489,2739 2533,2736 2578,2733 2623,2733 2668,2733 2712,2733 2757,2733 2802,2733 2847,2736 2891,2730 2906,2730"/>
                <TextEquiv>
                    <Unicode>ich sie müssen, ögen einmal - als wenn mit</Unicode>
                </TextEquiv>
            </TextLine>
            <TextLine id="tr_1_tl_16" custom="readingOrder {index:15;}">
                <Coords points="955,3237 1120,3266 1367,3115 1532,3169 2092,3140 2326,3007 2462,3040 2483,2842 2290,2853 2247,2806 2035,2943 1715,2871 1601,2928 1374,2903 973,3072"/>
                <Baseline points="981,3157 999,3154 1044,3151 1089,3145 1134,3139 1178,3127 1223,3112 1268,3103 1313,3094 1357,3085 1402,3082 1447,3079 1492,3074 1537,3068 1581,3062 1626,3056 1671,3053 1716,3050 1760,3047 1805,3044 1850,3038 1895,3029 1939,3023 1984,3020 2029,3017 2074,3017 2118,3011 2163,3008 2208,3005 2253,2999 2298,2996 2342,2987 2387,2981 2432,2975 2477,2969"/>
                <TextEquiv>
                    <Unicode>Ich kein Ruh gehabt.</Unicode>
                </TextEquiv>
            </TextLine>
            <TextLine id="tr_1_tl_17" custom="readingOrder {index:16;}">
                <Coords points="54,3330 215,3312 427,3219 524,3233 621,3302 886,3244 904,3029 847,3018 786,3061 725,3036 664,3076 639,3054 484,3126 323,3083 226,3129 75,3072"/>
                <Baseline points="80,3243 86,3244 131,3241 176,3238 220,3232 265,3226 310,3223 355,3220 399,3220 444,3217 489,3217 534,3208 578,3205 623,3196 668,3193 713,3193 758,3193 803,3180 803,3180 850,3169 895,3169 901,3169"/>
                <TextEquiv>
                    <Unicode>sent ich sich</Unicode>
                </TextEquiv>
            </TextLine>
            <TextLine id="tr_1_tl_18" custom="readingOrder {index:17;}">
                <Coords points="750,3485 1500,3481 1672,3366 2225,3355 2566,3248 2849,3327 2968,3287 2989,3086 2473,3198 1733,3126 1357,3244 772,3259"/>
                <Baseline points="775,3459 790,3453 835,3450 883,3443 883,3443 931,3435 975,3423 1020,3417 1065,3402 1110,3390 1154,3384 1199,3381 1244,3375 1289,3369 1334,3366 1378,3357 1423,3357 1468,3348 1513,3342 1557,3339 1602,3336 1647,3327 1692,3321 1736,3315 1781,3309 1826,3300 1871,3297 1916,3294 1960,3285 2005,3285 2050,3282 2095,3282 2139,3279 2184,3270 2229,3268 2274,3259 2318,3262 2363,3256 2408,3253 2453,3250 2498,3250 2542,3244 2587,3238 2632,3238 2677,3235 2721,3238 2766,3232 2811,3229 2856,3229 2900,3232 2945,3238 2981,3241"/>
                <TextEquiv>
                    <Unicode>diese Brief haben Sie sie gewernt. Ich</Unicode>
                </TextEquiv>
            </TextLine>
            <TextLine id="tr_1_tl_19" custom="readingOrder {index:18;}">
                <Coords points="65,3531 596,3556 703,3467 754,3474 754,3323 664,3334 477,3298 391,3334 309,3291 266,3327 165,3305 65,3338"/>
                <Baseline points="86,3464 92,3462 137,3456 182,3459 226,3456 271,3459 316,3456 361,3453 405,3453 450,3453 495,3450 540,3447 584,3450 629,3453 674,3459 719,3456 764,3462"/>
                <TextEquiv>
                    <Unicode>Robert J</Unicode>
                </TextEquiv>
            </TextLine>
            <TextLine id="tr_1_tl_20" custom="readingOrder {index:19;}">
                <Coords points="75,3865 115,3854 208,3772 276,3818 413,3754 452,3754 456,3635 377,3614 341,3635 319,3621 233,3628 165,3574 83,3582"/>
                <Baseline points="98,3757 104,3757 149,3760 193,3760 238,3760 283,3757 328,3760 373,3757 417,3751 462,3748"/>
                <TextEquiv>
                    <Unicode>Gruss.</Unicode>
                </TextEquiv>
            </TextLine>
            <TextLine id="tr_1_tl_21" custom="readingOrder {index:20;}">
                <Coords points="1697,3951 1784,3912 1852,3944 1898,3905 2010,3940 2168,3905 2483,3951 2555,3915 2555,3772 2430,3725 2379,3757 2293,3725 2207,3754 2168,3725 2078,3772 2024,3747 1834,3779 1762,3725 1701,3739"/>
                <Baseline points="1719,3879 1757,3882 1802,3885 1847,3882 1892,3879 1936,3876 1981,3867 2026,3867 2071,3867 2116,3867 2160,3864 2205,3867 2250,3864 2295,3867 2339,3867 2384,3867 2429,3870 2474,3870 2518,3867 2563,3867"/>
                <TextEquiv>
                    <Unicode>senstellten sich</Unicode>
                </TextEquiv>
            </TextLine>
            <TextLine id="tr_1_tl_22" custom="readingOrder {index:21;}">
                <Coords points="434,3976 793,4023 1324,3905 1597,3994 1672,3980 1683,3768 1482,3793 1069,3729 736,3854 553,3765 445,3786"/>
                <Baseline points="456,3954 471,3951 516,3951 561,3957 605,3951 650,3945 695,3942 740,3942 784,3939 829,3939 874,3936 919,3933 963,3927 1008,3927 1053,3924 1098,3924 1143,3918 1187,3918 1232,3915 1277,3912 1322,3906 1366,3903 1411,3900 1456,3903 1501,3903 1545,3903 1590,3894 1635,3891 1680,3888"/>
                <TextEquiv>
                    <Unicode>Wap schon das, im mit,</Unicode>
                </TextEquiv>
            </TextLine>
        </TextRegion>
    </Page>
</PcGts>
