3384 4152
292 310 739 577 Begün.
353 530 1024 717 Robert allein.
270 631 1925 905 kann: Es ist noch ein Raar gebracht worden.
252 858 1341 1143 Robert Gericht an Hugo.
281 945 3032 1276 Er geht jene Schreibtisch, weil ihr offnen, dann wieder hart.
267 1240 1060 1464 Olga koment.
314 1388 1575 1626 Bras haben Sie da thue wollen
2311 1428 2949 1680 erhalten
314 1547 1547 1774 Rob Rhin das Sie kamen.
2246 1590 2913 1795 erreich. zehn —
2253 1738 2830 1954 wärtigem
281 1730 1586 1943 Ost. Und Leute. Krone
288 1911 2123 2156 Robert. Kran. Schüler. - Zuge morgen
321 2105 1655 2307 Sr Warum. hin u doch zweien
267 2253 3165 2466 Rotert. 1 geht herum.. Vrift um ist... aber da alle sassen nichts.
263 2466 2989 2761 Es ist merkommt, wie wo sehr lang manierende vorherliche Komm¬
411 2660 3025 2913 Es ist ein ähnlicher Unhaltensgewehr wie damals zwischen der u
324 2837 3061 3140 denen Mann... Den hat nicht den Knehl einer Frau gehang¬
306 3028 2700 3309 halte - wie man sie nicht auf liebt. - Aber die liebe
278 3234 1561 3493 Ost. Aber die liebst hin¬
195 3511 2451 3749 gebrt. Of usie - ma fallt Ihr ein-
