3564 4812
117 479 3008 928 nicht so leicht. besonders nicht so ohne
102 811 2993 1257 Ausflugt wurde zwekrig konne.
147 1098 2608 1551 Also is find go to klar.
121 1343 3136 1838 Oly. Robert. (hat dem Schlüssel inter seine)
162 1683 3038 2098 welche Ausfluchte.? Marien Auflecht
626 1981 2974 2434 Jch lege ja, er ist nicht mehr
94 2045 487 2381 O/S
98 2287 3140 2728 nothwendig. Die wunderbare Weilgehen
117 2593 3057 2989 it Sie wie verlängt. Ich Alles nachsteh
106 2849 2823 3396 können macht jed täg überflicht
125 3128 2706 3638 Auf geben Sie und der Schlüssel
2713 3294 3061 3593 . 24
147 3476 2913 3932 weiss, wo der ist, was Sie z
147 3830 3023 4170 noch sieb Nacht habe siehe wolle
