3315 4216
2897 284 3000 459 2
2318 228 2823 508 von linte
217 434 2848 771 Robert (gungtswarzgellidet) tübt ein; wahren
178 654 2677 971 das Zimmer noch ganz dunkel ist; er bleibt ein
160 850 2805 1166 moment an at this sehen. dem wendet i
199 1116 672 1308 sich um:
217 1244 1255 1543 Mache die Licht!
220 1426 2890 1731 Er tritt ins Zimme, sehr langsam, bis zum Ba¬
167 1689 2958 1991 kathür; wo er steht leibt, jetzt kommt der Heim¬
153 1891 2915 2101 und bringt eine Lärmge; sucht noch einem Plat
128 2033 2901 2343 sich zugefallen. Robert merkt er) Wohin im
160 2257 444 2449 Verit
203 2272 2894 2560 hieher zweifel (der Mauer, aber neben
153 2467 2865 2880 dem Clavius, stellt die Lampe auf derselbe
224 2855 1354 3136 Diener (bleibt stehe)
192 2983 3015 3370 Robert. Nichtusf. .. .   .
757 3274 1027 3416 keit
149 3278 2250 3619 viel Uhr ist der Schnellzug her an
210 3534 3068 3832 dauer: 10 Uhr dreißen Unmerk, gnädige Gew.
