3379 4296
223 273 1652 539 Sie von der verpflichtet, in
189 468 1630 734 sind zuhe, wie aber ausfülk
193 655 1636 949 august.-? - Ihrfah Tull:
157 850 1704 1110 Ein diese früh Abmuthung hat sie sich
175 1057 1636 1321 in der Jugern, und Liebe zurück
167 1272 1564 1505 gemeldet. oder tage an ich.
165 1495 1652 1723 De aufrecht soll wollte, wird
205 1660 1702 1972 fällt ihr wie einen nicht zwei tochüh¬
187 1861 1423 2129 soll ich in sehende lasse sollen.
197 2036 1652 2307 I. A. nicht schuldig. Zum Zahl gehen
191 2205 1646 2470 Allea.  Ol wis mit de
699 2346 1708 2563 tr. angelehnt war sei.
219 2484 784 2671 Hup. Mr....
259 2663 1497 2852 Hn. I. sech nicht verlor
215 2846 1837 3081 Dr. of. T. W.plik.. Hamerreich.
382 3081 1302 3371 HGv - Rotal allein.
