3416 4168
205 290 1659 581 gleichwill schon wir gesucht ich zurück¬
216 567 587 724 Schwerz. –
250 719 629 869 Ob habe
243 801 1554 1012 Rol. selbst emplinaet – das
273 976 1054 1143 her - aber nicht -
299 1121 1034 1310 f Mailf glosten
241 1226 1614 1458 Rob. Noin, weil wir einen
239 1425 753 1592 dertet haben.-
357 1576 534 1677 in
299 1581 1565 1822 Bol Lulopunstandly - 91 fr
228 1751 1596 1982 of wis er damand. Me besit je me
214 1889 1474 2130 neus. On but a p wis teil
235 2014 1567 2266 Jch hat ging werden kann. ich u
194 2208 1456 2416 Stibt mit - wie gequelt
259 2387 996 2583 7 Jonchst was
223 2467 1692 2757 to Man in a auchen als most
255 2684 1271 2882 of    -   of of of  - a hs of
194 2860 797 3019 Roh. Hollknu
263 2922 1655 3186 of. Wenn sie bei d für. nach
281 3106 1462 3295 Schreiblich M woll to d'
254 3222 1206 3438 So woll sie herumstöter
250 3427 801 3612 Rob. Ungin
273 3483 1590 3728 G. darüber ich gekommen die Ligt
239 3651 1404 3905 Rol u mese xxx x et
