4902 5194
873 2019 1772 2227 Liebster Hr. Theitzler
600 2130 2148 2374 Anfang sebruar seu in Stien die Ster¬
603 2251 2135 2472 sunzene Glocke gessines werden, auch
623 2351 2135 2536 wenn ich recht berichtet bin, eine
610 2436 2160 2637 seierlichkeit für Hauptmann Kaufinden.
646 2544 2160 2760 Ich hätte Luß beites mitzumachen
633 2632 2037 2825 und bitte die, mir das Datum
639 2722 2114 2902 von dem für mich einiges Abhängt
644 2804 2173 3036 anzugedan. Sie xxx sicherlich Betheid,
659 2869 2189 3123 die Zeitungen haben nichts gemeldet;
670 2995 2184 3216 meine Ediß so vorläufig nur ein
672 3077 2194 3299 klan; aber ich wäre sehr troh, vaan
688 3170 2186 3407 er ausgeführt wäre. Für Ihre
690 3242 2160 3481 letzte Zeilen noch einen verspä¬
685 3345 2181 3543 teten Dank. Da haben mir, wie
700 3445 2155 3695 alles, als an Ihnen kommt, für
3018 574 3690 785 Vigt 1 1/2 1.
3996 1645 4584 1857 Lützow=ufer 29.
2626 1805 4558 2024 Lieber Herr Doctor, ich gab Ihnen mal einen
2539 1911 4602 2109 brief von geschlagen, in den er seine Meinung
2557 1990 4609 2199 über „Terben“ zum that. Um Sie ihn noch
2539 2075 4527 2328 haben, können Sie mir vielleicht eine
2542 2184 4622 2408 Abschrift senden? Ich wollte Sie schon öfter da¬
2549 2284 4620 2516 rum bitten und hab' es immer vergessen.
3180 2390 4030 2601 Wit bestem Ge¬
3919 2503 4092 2660 ehr
4236 2562 4596 2714 Herr
2642 2730 4612 2977 ta diesem Winter haben wir sie sehr
2655 2956 3105 3098 verleißt.
