<?xml version="1.0" encoding="UTF-8" standalone="yes"?>
<PcGts xmlns="http://schema.primaresearch.org/PAGE/gts/pagecontent/2013-07-15" xmlns:xsi="http://www.w3.org/2001/XMLSchema-instance" xsi:schemaLocation="http://schema.primaresearch.org/PAGE/gts/pagecontent/2013-07-15 http://schema.primaresearch.org/PAGE/gts/pagecontent/2013-07-15/pagecontent.xsd">
    <Metadata>
        <Creator>prov=READ-COOP:name=TrHtr:version=2.1.0:model_id=51170:date=25_07_2023_08:53</Creator>
        <Created>2023-05-01T22:01:38.432+02:00</Created>
        <LastChange>2023-07-25T08:53:45.214+02:00</LastChange>
        <TranskribusMetadata docId="1416448" pageId="54947234" pageNr="16" tsid="130589738" status="IN_PROGRESS" userId="64420" imgUrl="https://files.transkribus.eu/Get?id=SMQXYWDSXCSUJYQOCAXYAZCI&amp;fileType=view" xmlUrl="https://files.transkribus.eu/Get?id=QPGWBAIKAZVBBXAPCJGOCIJE" imageId="44451319"/>
    </Metadata>
    <Page imageFilename="1416448_0016.jpg" imageWidth="4919" imageHeight="5208">
        <ReadingOrder>
            <OrderedGroup id="ro_1711830419972" caption="Regions reading order">
                <RegionRefIndexed index="0" regionRef="tr_2"/>
                <RegionRefIndexed index="1" regionRef="tr_1"/>
            </OrderedGroup>
        </ReadingOrder>
        <TextRegion id="tr_2" custom="readingOrder {index:0;}">
            <Coords points="1732,1365 3470,1365 3470,2727 1732,2727"/>
            <TextLine id="tr_2_tl_1" custom="readingOrder {index:0;}">
                <Coords points="1790,1511 1918,1541 2127,1477 2276,1511 2386,1477 2535,1520 2863,1443 3334,1435 3336,1382 2723,1341 2516,1418 2163,1396 2088,1456 1797,1403"/>
                <Baseline points="1803,1511 1815,1511 1905,1505 1994,1493 2084,1493 2173,1487 2263,1481 2353,1469 2442,1469 2532,1463 2621,1463 2711,1457 2801,1451 2890,1445 2980,1433 3069,1433 3159,1433 3249,1421 3338,1415"/>
                <TextEquiv>
                    <Unicode>Lieber Theiplar, herzlicher dank für</Unicode>
                </TextEquiv>
            </TextLine>
            <TextLine id="tr_2_tl_2" custom="readingOrder {index:1;}">
                <Coords points="1718,1656 2114,1599 2246,1641 2499,1565 2767,1563 2853,1618 2919,1556 3370,1539 3395,1477 2999,1441 2506,1524 2150,1475 1984,1558 1726,1514"/>
                <Baseline points="1732,1618 1785,1606 1875,1600 1964,1600 2054,1588 2144,1588 2233,1588 2323,1582 2412,1570 2502,1564 2592,1564 2681,1558 2771,1558 2860,1552 2950,1546 3039,1540 3129,1534 3219,1528 3308,1517 3398,1517"/>
                <TextEquiv>
                    <Unicode>Frau Brief (und den von Goldm., der</Unicode>
                </TextEquiv>
            </TextLine>
            <TextLine id="tr_2_tl_3" custom="readingOrder {index:2;}">
                <Coords points="1724,1729 2090,1739 2218,1684 2325,1720 2506,1665 2612,1703 3057,1626 3410,1669 3417,1550 2912,1565 2840,1622 2678,1563 2408,1584 2229,1652 2101,1599 1726,1682"/>
                <Baseline points="1737,1714 1803,1696 1893,1696 1982,1690 2072,1690 2162,1684 2251,1684 2341,1672 2430,1666 2520,1660 2609,1660 2699,1654 2789,1648 2878,1642 2968,1630 3057,1624 3147,1624 3237,1618 3326,1618 3416,1618"/>
                <TextEquiv>
                    <Unicode>mich sehr gefreut hat). Was Du selbst</Unicode>
                </TextEquiv>
            </TextLine>
            <TextLine id="tr_2_tl_4" custom="readingOrder {index:3;}">
                <Coords points="1737,1812 3225,1741 3329,1709 3336,1624 3180,1680 3057,1626 2982,1680 2708,1652 2620,1707 2250,1684 2061,1763 1973,1703 1741,1733"/>
                <Baseline points="1749,1797 1809,1791 1899,1785 1988,1785 2078,1785 2168,1779 2257,1761 2347,1761 2436,1749 2526,1749 2615,1749 2705,1743 2795,1737 2884,1726 2974,1720 3063,1708 3153,1702 3243,1702 3332,1702"/>
                <TextEquiv>
                    <Unicode>hirmbar, hat mich fast mit Angst</Unicode>
                </TextEquiv>
            </TextLine>
            <TextLine id="tr_2_tl_5" custom="readingOrder {index:4;}">
                <Coords points="1765,1888 2201,1858 2405,1897 2471,1850 2950,1814 3229,1846 3372,1820 3378,1739 3321,1709 3193,1763 3116,1718 2972,1769 2867,1729 2738,1780 2410,1801 2303,1760 2139,1826 1769,1824"/>
                <Baseline points="1779,1869 1857,1875 1947,1875 2036,1869 2126,1863 2215,1851 2305,1845 2394,1845 2484,1839 2574,1833 2663,1827 2753,1833 2842,1821 2932,1815 3022,1803 3111,1791 3201,1791 3290,1791 3380,1791"/>
                <TextEquiv>
                    <Unicode>erfällt. Vielleicht wissen Sie nicht, wie</Unicode>
                </TextEquiv>
            </TextLine>
            <TextLine id="tr_2_tl_6" custom="readingOrder {index:5;}">
                <Coords points="1754,2016 3046,1884 3253,1933 3385,1907 3391,1818 1760,1918"/>
                <Baseline points="1767,1988 1779,1982 1869,1964 1958,1958 2048,1953 2138,1947 2227,1947 2317,1935 2406,1929 2496,1923 2586,1911 2675,1911 2765,1905 2854,1899 2944,1893 3034,1881 3123,1881 3213,1881 3302,1875 3392,1881"/>
                <TextEquiv>
                    <Unicode>Hoffnungslos die Vorte klingen. I/2</Unicode>
                </TextEquiv>
            </TextLine>
            <TextLine id="tr_2_tl_7" custom="readingOrder {index:6;}">
                <Coords points="1746,2107 2105,2027 2242,2073 2318,2016 2740,2027 2904,1978 2970,2016 3208,1980 3212,1914 3044,1886 2844,1969 2614,1914 2254,1997 2124,1956 1752,2018"/>
                <Baseline points="1761,2060 1779,2054 1869,2048 1958,2036 2048,2030 2138,2018 2227,2018 2317,2018 2406,2012 2496,1994 2586,1988 2675,1988 2765,1988 2854,1982 2944,1970 3034,1970 3123,1964 3213,1964"/>
                <TextEquiv>
                    <Unicode>nicht alles, wof solcher vfläge</Unicode>
                </TextEquiv>
            </TextLine>
            <TextLine id="tr_2_tl_8" custom="readingOrder {index:7;}">
                <Coords points="1773,2148 1875,2186 1961,2129 2746,2065 3355,2107 3429,2071 3436,1967 3338,1924 2963,2018 2606,2001 2431,2071 2318,2016 2242,2073 2188,2035 1775,2097"/>
                <Baseline points="1785,2138 1821,2138 1911,2132 2000,2126 2090,2114 2179,2102 2269,2096 2359,2090 2448,2084 2538,2078 2627,2066 2717,2066 2807,2060 2896,2054 2986,2048 3075,2048 3165,2048 3255,2048 3344,2042 3434,2048"/>
                <TextEquiv>
                    <Unicode>noch wunderbar? Das Sie erlebt haben,</Unicode>
                </TextEquiv>
            </TextLine>
            <TextLine id="tr_2_tl_9" custom="readingOrder {index:8;}">
                <Coords points="1758,2263 1884,2214 2327,2231 2388,2182 3112,2137 3214,2190 3406,2131 3410,2048 3208,2101 2729,2073 2529,2124 2408,2084 2084,2156 1965,2129 1869,2193 1765,2146"/>
                <Baseline points="1773,2227 1797,2221 1887,2215 1976,2209 2066,2197 2156,2197 2245,2197 2335,2179 2424,2168 2514,2168 2604,2162 2693,2156 2783,2150 2872,2144 2962,2138 3051,2138 3141,2132 3231,2132 3320,2132 3410,2126"/>
                <TextEquiv>
                    <Unicode>ihr gewiß schwerzvoller als Ergand</Unicode>
                </TextEquiv>
            </TextLine>
            <TextLine id="tr_2_tl_10" custom="readingOrder {index:9;}">
                <Coords points="1773,2318 3291,2233 3400,2203 3404,2139 1778,2239"/>
                <Baseline points="1785,2311 1791,2305 1881,2305 1970,2287 2060,2275 2150,2269 2239,2263 2329,2251 2418,2251 2508,2251 2598,2245 2687,2239 2777,2239 2866,2227 2956,2227 3045,2221 3135,2221 3225,2215 3314,2203 3404,2197"/>
                <TextEquiv>
                    <Unicode>etwas das er zamen geternt, und</Unicode>
                </TextEquiv>
            </TextLine>
            <TextLine id="tr_2_tl_11" custom="readingOrder {index:10;}">
                <Coords points="1837,2391 2721,2329 2853,2380 2999,2305 3285,2346 3440,2299 3444,2248 3368,2203 3319,2242 1841,2318"/>
                <Baseline points="1851,2377 1923,2371 2012,2371 2102,2359 2191,2353 2281,2347 2371,2347 2460,2341 2550,2335 2639,2329 2729,2323 2819,2317 2908,2311 2998,2305 3087,2299 3177,2293 3266,2287 3356,2287 3446,2287"/>
                <TextEquiv>
                    <Unicode>darf vielleicht gar nicht mitsprechen.</Unicode>
                </TextEquiv>
            </TextLine>
            <TextLine id="tr_2_tl_12" custom="readingOrder {index:11;}">
                <Coords points="1756,2452 2176,2497 2689,2412 2961,2454 3114,2386 3340,2395 3368,2301 3087,2361 2999,2305 2859,2378 2629,2333 2535,2395 2454,2352 1760,2391"/>
                <Baseline points="1767,2448 1845,2448 1935,2448 2024,2448 2114,2436 2203,2436 2293,2430 2383,2430 2472,2424 2562,2424 2651,2406 2741,2406 2830,2406 2920,2400 3010,2394 3099,2383 3189,2383 3278,2371 3368,2371"/>
                <TextEquiv>
                    <Unicode>über ich glaube katsächlich, daß</Unicode>
                </TextEquiv>
            </TextLine>
            <TextLine id="tr_2_tl_13" custom="readingOrder {index:12;}">
                <Coords points="1758,2567 2065,2537 2237,2591 2357,2527 2982,2491 3078,2533 3408,2467 3412,2408 3119,2384 2993,2457 2721,2412 2427,2501 1765,2474"/>
                <Baseline points="1773,2532 1803,2532 1893,2538 1982,2532 2072,2532 2162,2526 2251,2526 2341,2526 2430,2526 2520,2514 2609,2508 2699,2496 2789,2490 2878,2490 2968,2484 3057,2472 3147,2460 3237,2460 3326,2454 3416,2454"/>
                <TextEquiv>
                    <Unicode>der einzige bestillige Schmerz</Unicode>
                </TextEquiv>
            </TextLine>
            <TextLine id="tr_2_tl_14" custom="readingOrder {index:13;}">
                <Coords points="1767,2644 2339,2669 2506,2599 2929,2612 3131,2563 3438,2616 3468,2520 3336,2452 3070,2535 2676,2506 2376,2589 2325,2544 2229,2599 2078,2540 1769,2567"/>
                <Baseline points="1779,2621 1791,2621 1881,2627 1970,2621 2060,2621 2150,2621 2239,2615 2329,2604 2377,2609 2394,2615 2484,2604 2574,2586 2663,2586 2753,2586 2842,2580 2932,2574 3022,2562 3111,2562 3201,2562 3290,2556 3380,2562 3470,2574"/>
                <TextEquiv>
                    <Unicode>der Alter 11/2, — unser eignes Ver¬</Unicode>
                </TextEquiv>
            </TextLine>
            <TextLine id="tr_2_tl_15" custom="readingOrder {index:14;}">
                <Coords points="1765,2757 2220,2684 2388,2759 2508,2686 2601,2731 3025,2652 3417,2678 3434,2616 3063,2569 2978,2623 2623,2584 2337,2661 1769,2661"/>
                <Baseline points="1779,2717 1827,2717 1917,2711 2006,2705 2096,2699 2185,2687 2275,2675 2365,2675 2454,2669 2544,2669 2633,2675 2723,2669 2813,2663 2902,2657 2992,2645 3081,2645 3171,2645 3260,2639 3350,2639 3440,2639"/>
                <TextEquiv>
                    <Unicode>gehn und äußerfhaltendönnen.</Unicode>
                </TextEquiv>
            </TextLine>
        </TextRegion>
        <TextRegion id="tr_1" custom="readingOrder {index:1;}">
            <Coords points="1791,2667 3499,2667 3499,4011 1791,4011"/>
            <TextLine id="tr_1_tl_1" custom="readingOrder {index:0;}">
                <Coords points="1780,2821 3323,2748 3453,2729 3455,2657 1784,2755"/>
                <Baseline points="1791,2813 1845,2801 1935,2801 2024,2789 2114,2783 2203,2777 2293,2771 2383,2765 2472,2765 2562,2759 2651,2753 2741,2741 2830,2741 2920,2735 3010,2729 3099,2729 3189,2729 3278,2723 3368,2723 3458,2717"/>
                <TextEquiv>
                    <Unicode>Für alles lange nicht es einen</Unicode>
                </TextEquiv>
            </TextLine>
            <TextLine id="tr_1_tl_2" custom="readingOrder {index:1;}">
                <Coords points="1797,2897 1895,2927 1956,2884 2039,2933 2218,2870 2357,2940 2578,2842 2738,2867 2789,2825 3161,2872 3223,2840 3227,2742 2959,2791 2710,2752 2346,2825 2205,2780 2069,2833 1801,2808"/>
                <Baseline points="1809,2884 1887,2884 1976,2878 2066,2878 2156,2872 2245,2866 2335,2860 2424,2854 2514,2848 2604,2836 2693,2830 2783,2824 2872,2819 2962,2819 3051,2819 3141,2813 3231,2807"/>
                <TextEquiv>
                    <Unicode>Boht geben, mir dafür giebt.</Unicode>
                </TextEquiv>
            </TextLine>
            <TextLine id="tr_1_tl_3" custom="readingOrder {index:2;}">
                <Coords points="1809,2974 2052,2997 2393,2940 2563,2982 2640,2921 2746,2967 3174,2884 3283,2929 3440,2887 3446,2804 3336,2761 3159,2874 3048,2833 2978,2884 2787,2823 2286,2938 2208,2865 2039,2931 1814,2910"/>
                <Baseline points="1821,2974 1833,2974 1923,2974 2012,2974 2102,2962 2191,2956 2281,2962 2371,2938 2460,2938 2550,2938 2639,2920 2729,2914 2819,2908 2908,2902 2998,2896 3087,2896 3177,2884 3266,2878 3356,2872 3446,2878"/>
                <TextEquiv>
                    <Unicode>samen!! Der ich fühle, bei dieser</Unicode>
                </TextEquiv>
            </TextLine>
            <TextLine id="tr_1_tl_4" custom="readingOrder {index:3;}">
                <Coords points="1822,3080 1937,3121 2024,3050 2205,3091 2265,3046 2376,3080 2921,2989 3125,3016 3427,2961 3432,2897 3340,2884 3234,2959 3027,2906 2744,2967 2644,2925 2559,2987 2361,2946 2065,3008 1829,2991"/>
                <Baseline points="1833,3063 1911,3057 2000,3051 2090,3045 2179,3045 2269,3039 2359,3034 2448,3028 2538,3028 2627,3016 2717,3004 2807,2998 2896,2992 2986,2986 3075,2986 3165,2980 3255,2968 3344,2956 3434,2950"/>
                <TextEquiv>
                    <Unicode>ausgegengesagte Prnadstøte nag, doch</Unicode>
                </TextEquiv>
            </TextLine>
            <TextLine id="tr_1_tl_5" custom="readingOrder {index:4;}">
                <Coords points="1803,3193 2203,3131 2271,3180 2335,3129 2680,3099 2763,3142 2997,3082 3268,3125 3463,3063 3470,2965 3180,3042 2967,2997 2548,3080 2020,3053 1929,3127 1809,3082"/>
                <Baseline points="1815,3165 1857,3153 1947,3147 2036,3135 2126,3135 2215,3129 2305,3123 2394,3117 2484,3111 2574,3105 2663,3099 2753,3099 2842,3087 2932,3081 3022,3081 3111,3075 3201,3075 3290,3069 3380,3057 3470,3057"/>
                <TextEquiv>
                    <Unicode>so brüderlich - verwandtschaftlich mit Herrn</Unicode>
                </TextEquiv>
            </TextLine>
            <TextLine id="tr_1_tl_6" custom="readingOrder {index:5;}">
                <Coords points="1807,3238 2076,3261 2254,3212 2314,3253 2510,3187 2759,3238 2897,3174 3402,3187 3406,3123 3191,3085 3082,3136 2959,3078 2763,3142 2563,3114 2271,3180 2201,3131 2082,3187 2046,3151 1812,3182"/>
                <Baseline points="1821,3225 1887,3231 1976,3225 2066,3225 2156,3213 2245,3213 2335,3201 2424,3195 2514,3183 2604,3195 2693,3183 2783,3171 2872,3171 2962,3171 3051,3171 3141,3153 3231,3153 3320,3147 3410,3147"/>
                <TextEquiv>
                    <Unicode>und so oft ich mich die Sta¬</Unicode>
                </TextEquiv>
            </TextLine>
            <TextLine id="tr_1_tl_7" custom="readingOrder {index:6;}">
                <Coords points="1822,3327 2122,3317 2244,3380 2352,3306 3408,3259 3442,3191 2895,3174 2759,3236 2544,3187 2401,3261 1826,3259"/>
                <Baseline points="1833,3320 1923,3320 2012,3314 2102,3314 2191,3308 2281,3302 2371,3296 2460,3284 2550,3278 2639,3272 2729,3266 2819,3260 2908,3255 2998,3249 3087,3249 3177,3249 3266,3243 3356,3231 3446,3225"/>
                <TextEquiv>
                    <Unicode>erinnere, fangt wirklich in mir</Unicode>
                </TextEquiv>
            </TextLine>
            <TextLine id="tr_1_tl_8" custom="readingOrder {index:7;}">
                <Coords points="1797,3419 2110,3442 2250,3393 2312,3432 2374,3385 2825,3366 2876,3410 3072,3349 3236,3395 3483,3342 3487,3257 3295,3244 3195,3314 2787,3293 2667,3344 2559,3293 2374,3308 2231,3378 1916,3323 1799,3368"/>
                <Baseline points="1809,3416 1875,3416 1964,3410 2054,3404 2144,3392 2233,3392 2323,3386 2412,3386 2502,3380 2592,3374 2681,3368 2771,3362 2860,3362 2950,3350 3039,3350 3129,3350 3219,3350 3308,3338 3398,3338 3487,3338"/>
                <TextEquiv>
                    <Unicode>etwas zu naghn an, eine schöne</Unicode>
                </TextEquiv>
            </TextLine>
            <TextLine id="tr_1_tl_9" custom="readingOrder {index:8;}">
                <Coords points="1809,3538 3366,3438 3470,3421 3472,3374 1816,3423"/>
                <Baseline points="1821,3517 1863,3505 1953,3505 2042,3493 2132,3487 2221,3481 2311,3481 2400,3475 2490,3470 2580,3464 2669,3458 2759,3452 2848,3440 2938,3434 3028,3428 3117,3428 3207,3422 3296,3422 3386,3416 3475,3416"/>
                <TextEquiv>
                    <Unicode>zu auffreibende Dauer wie um</Unicode>
                </TextEquiv>
            </TextLine>
            <TextLine id="tr_1_tl_10" custom="readingOrder {index:9;}">
                <Coords points="1816,3598 2242,3574 2350,3617 3314,3495 3459,3532 3502,3408 3119,3468 2872,3444 2712,3519 2452,3474 2278,3523 2210,3489 2088,3559 1818,3542"/>
                <Baseline points="1827,3595 1887,3601 1976,3595 2066,3589 2156,3583 2245,3565 2335,3571 2424,3559 2514,3553 2604,3553 2693,3547 2783,3529 2872,3523 2962,3517 3051,3517 3141,3511 3231,3505 3320,3493 3410,3499 3499,3505"/>
                <TextEquiv>
                    <Unicode>einer Tagehörigen, der einem wahr¬</Unicode>
                </TextEquiv>
            </TextLine>
            <TextLine id="tr_1_tl_11" custom="readingOrder {index:10;}">
                <Coords points="1812,3744 1980,3687 2403,3659 2454,3700 2782,3621 2931,3668 3274,3589 3457,3617 3463,3529 1822,3606"/>
                <Baseline points="1827,3708 1851,3702 1941,3690 2030,3679 2120,3673 2209,3661 2299,3661 2388,3655 2478,3643 2568,3637 2657,3631 2747,3625 2836,3619 2926,3613 3016,3607 3105,3601 3195,3595 3284,3589 3374,3583 3464,3577"/>
                <TextEquiv>
                    <Unicode>haft schon ist und dan man vor</Unicode>
                </TextEquiv>
            </TextLine>
            <TextLine id="tr_1_tl_12" custom="readingOrder {index:11;}">
                <Coords points="1826,3793 2197,3776 2267,3817 2554,3730 3402,3685 3438,3634 3202,3598 2927,3676 2784,3619 2454,3700 2391,3659 1831,3727"/>
                <Baseline points="1839,3792 1917,3786 2006,3774 2096,3768 2185,3762 2275,3756 2365,3744 2454,3738 2544,3732 2633,3726 2723,3714 2813,3702 2902,3696 2992,3696 3081,3685 3171,3685 3260,3679 3350,3679 3440,3679"/>
                <TextEquiv>
                    <Unicode>etwas nicht erretten kann.</Unicode>
                </TextEquiv>
            </TextLine>
            <TextLine id="tr_1_tl_13" custom="readingOrder {index:12;}">
                <Coords points="2733,3859 2776,3866 2870,3819 3023,3810 3050,3836 3112,3804 3210,3813 3270,3789 3432,3815 3478,3804 3485,3687 3266,3742 3146,3693 3031,3732 2927,3727 2857,3766 2789,3738 2738,3755"/>
                <Baseline points="2747,3816 2765,3816 2854,3816 2944,3804 3034,3804 3123,3798 3213,3798 3302,3786 3392,3786 3481,3792"/>
                <TextEquiv>
                    <Unicode>als wieder mehr</Unicode>
                </TextEquiv>
            </TextLine>
            <TextLine id="tr_1_tl_14" custom="readingOrder {index:13;}">
                <Coords points="2167,3885 2220,3881 2250,3906 2276,3883 2291,3891 2295,3885 2329,3881 2327,3832 2314,3832 2297,3817 2291,3825 2246,3785 2216,3785 2199,3776 2180,3789 2163,3783"/>
                <Baseline points="2179,3876 2269,3882 2335,3882"/>
                <TextEquiv>
                    <Unicode>W.M.</Unicode>
                </TextEquiv>
            </TextLine>
            <TextLine id="tr_1_tl_15" custom="readingOrder {index:14;}">
                <Coords points="1786,4015 3359,3962 3489,3938 3498,3817 3248,3789 2782,3864 2669,3793 2463,3896 2363,3851 2252,3915 2118,3845 1792,3906"/>
                <Baseline points="1797,4001 1887,3989 1976,3971 2066,3959 2156,3947 2245,3947 2335,3941 2424,3935 2514,3935 2604,3923 2693,3911 2783,3906 2872,3906 2962,3894 3051,3888 3141,3888 3231,3882 3320,3882 3410,3876 3499,3882"/>
                <TextEquiv>
                    <Unicode>geführmäßig kaffee, werde ich Sie</Unicode>
                </TextEquiv>
            </TextLine>
        </TextRegion>
    </Page>
</PcGts>
