6696 4392
6251 389 6467 665 34
853 393 3032 722 hautel ceci sat et leben uit
3693 467 6272 799 Eine Nachricht. zutepriflich.“ Über¬
867 690 3251 966 benal herstil hin in hiedeholl
3651 711 6389 1047 Herzen in Wien. Wann kei ist did ecken,
5412 945 5695 1065 selv
913 881 3120 1157 de très obéissant - die doivent
3591 966 6428 1224 gab sie in Broxen auf schrieb eine hein.
5239 1107 5557 1274 self,
1008 1111 3113 1440 Cyche halle, -
3534 1210 6378 1525 Àterre depi, à étatist au je l
3587 1369 6109 1719 die Sepesche mit Alsahls Kirchenhor
983 1383 2993 1602 sich mit ein dann in der
5027 1514 6148 1670 sits erlemittet (ertendli
2635 1567 3141 1762 beleicht
3562 1620 6123 2016 auf. Als er in die Halle hat, in
945 1606 3201 1857 nächste könnte at en
5741 1769 6003 1924 selb
3573 1843 6028 2204 de, du die tiele homit, sat i
955 1801 3106 2069 undem Thun... Alrein? Es
948 2002 3099 2321 soo da er so nicht ähren
3534 2094 5904 2497 de Baussé que Cuier a fait
856 2285 2848 2536 l'aipte rueest en
3598 2363 6053 2717 mittel - de Barn, ou der war
1808 2462 3039 2685 bleibump - bestgebenten
3523 2547 5713 2961 veu fléché de Schiff et chacun
842 2547 3148 2826 de cu clepe heurene
3612 2724 6042 3187 Uccum, say for seien Lehrstuhl.
785 2710 3106 3046 nad til feh munt, obue
4493 2986 4938 3163 in it.
3637 2968 6031 3385 u qui fête s'en, obre ciel & erheben
817 2950 3184 3297 in most in Adele zu haben;
2338 3166 2621 3272 neh
845 3233 3007 3495 sich - und habete sich in ein¬
3527 3201 5893 3619 Also hat auf it zu.. theillichs
2253 3375 3109 3555 mal en finir,
4270 3424 5338 3640 theilte et son cnt.
874 3389 2887 3693 Hotel, nah ein finieren
3506 3438 6145 3831 mit erklärt ihn, dass er ist auf
1082 3629 1762 3767 to him
2126 3591 3063 3771 parl de toute le
884 3700 2816 3863 schl ist ud dort e
3583 3739 6077 4068 Sie nur in bleibe und nicht mit einer
902 3803 3078 4093 dreperte: nieder; er en art morg
