6728 4408
1016 442 3073 751 Ein it je viel met eusseren.
1638 574 2494 739 d'une ché Stulle.
1064 688 2911 916 we will.. bei ist geset...
1070 907 2905 1179 Iui pu en plottit aif;
1056 1113 2897 1453 farslicht zu und sagte.
1059 1250 2805 1587 brutist nicht bei alte mit
1147 1604 2968 1863 versenten frage
1079 1801 2597 2029 modé vite de bordl
1084 1969 2874 2232 erle le 2. 1 et
1104 2163 2768 2446 Nun Elhre selb
1076 2391 3022 2703 soll elaß es senie quy
1233 2620 1784 2802 betennt
1062 2665 2945 2922 sille bedurft.. in me
1013 2859 2934 3196 mit ein Carleeli in sich
1036 3136 3002 3484 in them -. she is a collt
1039 3339 2859 3641 noit will pay hla-
1059 3599 2797 3958 Wollt er ihr a.c. Hat.
1261 3838 3031 4101 in mis - ohu. woll c in
3730 454 5767 768 gul al sind hinweissen wäre
6096 508 6281 882 48
3758 739 5508 1027 there in in the kind
3718 985 5676 1318 la rece de de.. L. le
3861 1250 5562 1484 aen de Lais vont...
3550 1473 5608 1749 in hell et un die seule
3550 1715 5659 2120 And Mr. die Hände de
3573 1989 5499 2366 Aufsprüge zu heissen.
3596 2186 5590 2537 aufleb... ni willeib. il
3567 2471 5730 2848 aubri. en vier et voll. et
3579 2711 5816 3133 all... dei ces melle ces
3550 3062 5856 3436 de reuil n am mose, dep
3576 3299 5688 3698 be it where - class in heen.
3639 3556 5710 4032 and sehr durch. Dep.
