6744 4296
1201 373 3249 687 vie alle anders:
1250 646 3203 885 indem in deud exer
1212 833 3091 1092 a einem heller Heebile
1557 1017 2183 1158 u de leil
1178 1086 3194 1324 out ciece sont un bolavische
1201 1298 3223 1640 fait si Valeriwi als Elise
2278 1474 2829 1669 bellan.
1172 1568 3226 1804 die hs dahin beite, frisch
1925 1744 3180 1904 womt rige heile
1178 1876 3275 2083 genie cud beinehe febl jemant
1106 2039 3137 2292 Cbreses a, - sid ploff is an
1160 2252 3280 2605 Heisgriff    by selve
1201 2505 3188 2740 wie weit Ampt aufrichte und
1166 2677 3188 2996 Clerit riede lächelte, als
1178 2913 3102 3234 sei es da erst at Mitte
1175 3197 3008 3487 iben heer Angelegenheit
1181 3407 3168 3691 n Vllisartes. Pres ehe efill
1212 3688 3005 3947 aber statt in Buhr mit ein¬
3648 523 5791 862 fut Atillerm, die ex peilen,
3637 801 5662 1086 blebege in ple; ja u spiell
3556 1037 5716 1321 den Bewyter, den Bekenerten.
3533 1287 5851 1680 not wit de wie de Benys
3602 1545 5573 1810 2 verbeage rupte. Et nach ihr
3593 1795 5725 2106 Mr, daß sie in his even
4306 1968 5351 2174 ohne en i plaib¬
3571 2080 5754 2419 Egoist halte herilis u. bericht
3510 2373 5599 2700 halte, daß sie ihn ähnlich
3473 2585 5639 2996 pifelle not sehn weitmal
3467 2804 5716 3243 on't nachren d.A. Reinsgeheim
3502 3091 5797 3585 gehalten; er schweibe
3453 3404 5713 3800 Ils für kiel uit getrenkt, da
3562 3723 5817 3973 riect fus terilos i bmet hiels
