6712 4424
1076 380 3203 703 na. Die ich in der treuer
984 671 3159 934 nen will.. Gros 2.. njellt.
937 915 3156 1203 ei Affluit u forlleihen.
1000 1193 3023 1491 - neis. de Cussi en vole.
987 1456 3247 1801 gebyveit sleitgilshert.
1117 1734 3165 2029 Et ua it nicht meh.....
1032 1991 3121 2253 So nah a.Be in the 2nd
991 2260 3070 2519 de rien rahre a été plotté.
984 2481 3016 2779 plott s. -  verbeust
987 2766 2203 3023 mit en Heel
1655 2934 2010 3216 K. N.
1171 3108 3102 3361 Er nichte... es mir bestimmt
855 3304 3045 3627 alte Iup ryleit inveliessda
1206 3529 2994 3792 Vierenendrift in Han¬
1079 3725 3007 4051 nicht viel ergreif, die die
3732 456 5953 832 obm and un herwherhay bess
6118 519 6339 718 17
3773 725 5741 1025 i giis. Er rüfte daß ik
3713 972 6260 1222 erht ist blieb, at ei cndam.
3637 1171 5900 1535 of aeacher; or to be all feet
3675 1399 5893 1731 en clas i is culckrede. Depu
4998 1582 5222 1741 we
3595 1614 6093 1978 am in wellhine Riche, in ein Trill
3592 1836 5900 2197 Schlendres deeis der Fronsluptes
3662 2026 5314 2405 not Her peneti.. B
3713 2162 6121 2560 de ses pièces envoiles il pleiaud;
5241 2348 5640 2548 alten
3706 2469 6039 2747 eica de Baion, de deuxlote
3738 2662 6014 3067 Han xxx uoriff, andere resti...
3789 2877 5678 3174 Ich obue Also degelot Hau¬
3785 3080 5776 3387 nehver, nu (ein kuise Quorp)
3741 3314 5684 3548 mit ihm zu wünsche erblatt
3770 3504 5564 3719 Alfred will befindlich.
3792 3728 6023 3988 Ce as on in Nederife th si rger.
