6744 4296
3692 369 6000 725 Mit einem bale so hllse, wie in fiche
6298 476 6492 725 31
3710 587 5975 907 durch Elise gewe Königl ging; oder
3688 799 5846 1070 die Augen in offre juff ne un
4171 953 4555 1088 Hand
3685 984 5982 1251 beid Einen noch seine Hals, das
3658 1196 5699 1457 last offoet sie de luge, shet
3645 1395 5788 1660 einer lassen teufje an; - Alfred
3639 1586 6111 1826 Ooste sich in ihrem, aus ihrer Umklärner
3676 1786 5729 2010 upon and I Nett - sat work, he
3627 1979 5733 2164 sie sich vermittl sich zu erheben,
3609 2145 5828 2351 mit beid Cn de Hude Cre
3575 2330 5831 2551 in leere schlies, und plötzt is
3569 2536 5852 2739 de Lamp nach auf Tage zurücksamt,
3593 2662 5643 2926 Eo zu weil huis flache
4297 2840 4807 3018 regimpts
3581 2846 5880 3154 Alteum liege blieb. Also
3569 3089 5717 3372 sert und ogert dürfte
5130 3277 5410 3415 echer
3575 3310 5938 3544 in völlig Stäte
3535 3559 5668 3771 sie oben jeder Remplsein is, -
3556 3756 5948 3990 war sich ab nicht kla, wie beiden
