6712 4408
1045 510 3222 798 da bortie zie schon rede, und
1058 761 3204 1055 Une Slieue, die ihr bereich-
1027 1008 3145 1188 wee es heil d ein, daß er sie
1048 1203 3052 1484 selbt k vort zeigt.
1067 1435 3210 1719 en vie A ih haue geblut
1141 1698 3080 1973 at né Lereuretieté 2
1101 1970 3145 2236 Ce ses lois, Aie Ehelei,
1116 2162 3024 2465 veetindlich - er muss ich
1101 2378 3120 2703 nicht übelnebmen, daß er
1104 2564 3089 2929 it aifrem sibine the
1042 2796 3068 3182 peint sich geantwortet...
1135 3139 2960 3389 de date bale à jeun.
1188 3238 3170 3640 Lop liefe uit vermeldert
1184 3498 3157 3866 besser zu erferten.
1184 3742 3114 4101 ne sei mit ein Fall Ich
3776 430 6003 742 eil ein ande vulobt, der nie liebe
6176 492 6405 872 1.
3705 708 5730 974 ruel der Krip - die la Stelle
3683 912 5848 1252 uet  onbetr ind ihr Sibreis
3615 1147 6102 1491 habe it zu jederfals sehr zweierte.
3593 1385 5727 1704 & de Ter ihr Depart avis.
3559 1620 5672 1985 ne vei seit unsel 42 Jul ce
3532 1890 5814 2338 (e and seelok) in thehorent
3572 2149 5653 2533 21 cts; sie wenn an sei
3628 2347 5910 2740 nemen.. es nen eine viele
3581 2576 5780 3009 bien deutgils teut, die
3590 2848 5786 3281 Alfre heiml - ud in die
3637 3130 5718 3513 Alfrer ihn gleichilß seil
3618 3377 5777 3764 er in heif dies Jahr noe
3628 3646 5743 4014 ude hell in a all and
