6728 4408
1093 546 3082 847 Und es sehr talle nur
1567 756 2607 903 be rechte. Der
1060 834 3042 1063 Neure sera esseur siclants
1076 1034 3049 1325 verwahrt, dass er ihr
1096 1269 3085 1482 Nacht, oben die Schlimme an
1076 1466 3153 1750 dem du belor être Novem
1027 1678 2993 1943 at p to itre feslalt
1034 1917 2947 2136 at thei zu sehlen..... i
1063 2107 3075 2404 at this in fible remod
1014 2372 2960 2679 vogleben und so wollen
981 2597 3101 2918 nifs, wie nd in Litlen
952 2875 2898 3104 heit und vielmeinen
1030 3091 2924 3350 beschied ſereae:-
1040 3304 3134 3585 Er na slaken;  u lepeflich
1089 3513 2552 3765 Et thement House
1076 3736 3082 3971 Aca meel clalein... sein...
1060 3886 2977 4213 Zot mir empfang iten freundl
3752 487 5888 837 cite, behagt ist; dan Frubsti-
6081 438 6297 864 45
3566 765 5911 1066 bereit, de ritouvelle musée
3585 994 6052 1289 de Bar in lai te dans le hain
3634 1217 5944 1557 Rad va eine linde imitlen
3608 1479 5878 1799 that it serve flieder sollg-
3608 1740 5702 2031 hier haaritt und zu erst
3559 1943 5784 2323 leel wird, schon eit, dacht
3549 2215 6189 2561 ter lieue in Ruhl, die in heere, was
3572 2493 5666 2839 schlief; in aller intich
3562 2738 5937 3160 som p alle befeit; jegen hen
3556 2964 5757 3343 ein Augenblick, in den es
3559 3206 5888 3608 le ble irgento en soit je n'en
3687 3432 5836 3791 in vite a faud a chez bien
3585 3719 5712 4089 [illegible] dass seine Hause for
