6712 4392
1081 444 3067 705 Il lui doit a été - a slarrt
3748 468 5668 806 aul. Desgelt nichts
6030 488 6218 825 97
3718 692 5668 991 FJur Iniintdie, Adeli... Dr.
1076 697 2950 964 be out a - de durif me
1283 921 3002 1196 a beere.- die ein Kirbel
3663 942 4625 1166 dachst nicht
3576 1090 5772 1422 Hape and leit remort. bemh
1062 1171 2969 1395 recem by... in the
1841 1367 2018 1482 drie
3557 1378 5698 1721 ne offerba; ne la chelt vie de
1103 1405 3187 1640 raislte in feiner Zellen.
3511 1607 5665 1844 an ihre Aut... und erblatt ihn.
1030 1664 2879 1849 aich eine die ich
3565 1858 5649 2135 dep ex decite; The it ist, and
1125 1877 3168 2122 verm Zelle jaune...
5344 1967 6270 2168 die bnt sei auf
3568 2119 5633 2389 ne - ne cluif, veut il: - ne
967 2105 3037 2356 Und mich soll mie vak
3554 2334 5693 2647 lieb ab u. Mout.. was gern
964 2329 3094 2579 en ien te liegen ein Ne
981 2590 3124 2863 It are in to be in turent
3576 2539 5600 2887 Aure: demit ser de Cujelz
2408 2746 2702 2904 ab
1005 2844 3075 3116 verw - und er wicht. Clap
3527 2863 5682 3157 nalu alerst.. Und e veurs
2353 3012 2634 3179 ruß.
1111 3067 1416 3296 but
956 3124 2852 3440 er wap iie ein teile
3503 3108 5576 3407 dorewsch, must be cloued
1043 3326 2890 3707 ere in deps seu les
3541 3377 5363 3655 me wishlds, sleep ne ch
1035 3642 2906 3963 powll vene.. the e serl
3546 3653 5388 3966 Vele Rat viel gehoft
