<?xml version="1.0" encoding="UTF-8" standalone="yes"?>
<PcGts xmlns="http://schema.primaresearch.org/PAGE/gts/pagecontent/2013-07-15" xmlns:xsi="http://www.w3.org/2001/XMLSchema-instance" xsi:schemaLocation="http://schema.primaresearch.org/PAGE/gts/pagecontent/2013-07-15 http://schema.primaresearch.org/PAGE/gts/pagecontent/2013-07-15/pagecontent.xsd">
    <Metadata>
        <Creator>prov=READ-COOP:name=TrHtr:version=2.1.0:model_id=51170:date=14_08_2023_16:41</Creator>
        <Created>2023-05-10T14:28:09.011+02:00</Created>
        <LastChange>2023-08-14T16:41:23.237+02:00</LastChange>
        <TranskribusMetadata docId="1428632" pageId="55420266" pageNr="18" tsid="132816276" status="IN_PROGRESS" userId="64420" imgUrl="https://files.transkribus.eu/Get?id=CTLGECIOUBLHSRJITGVVWHRD&amp;fileType=view" xmlUrl="https://files.transkribus.eu/Get?id=SCLKZKOFCSZBYLHLXRIREDOM" imageId="44694368"/>
    </Metadata>
    <Page imageFilename="1428632_0018.jpg" imageWidth="6776" imageHeight="4280">
        <ReadingOrder>
            <OrderedGroup id="ro_1711820070566" caption="Regions reading order">
                <RegionRefIndexed index="0" regionRef="tr_1"/>
                <RegionRefIndexed index="1" regionRef="tr_2"/>
            </OrderedGroup>
        </ReadingOrder>
        <TextRegion id="tr_1" custom="readingOrder {index:0;}">
            <Coords points="1074,224 3223,224 3223,4045 1074,4045"/>
            <TextLine id="tr_1_tl_1" custom="readingOrder {index:0;}">
                <Coords points="1056,353 1123,379 1142,369 1158,385 1200,350 1216,356 1235,340 1280,359 1280,170 1261,170 1235,189 1146,173 1094,218 1056,218"/>
                <Baseline points="1074,274 1164,274 1253,274 1289,274"/>
                <TextEquiv>
                    <Unicode>/</Unicode>
                </TextEquiv>
            </TextLine>
            <TextLine id="tr_1_tl_2" custom="readingOrder {index:1;}">
                <Coords points="1235,709 1534,658 2047,722 2435,622 2971,677 3035,578 2782,513 2660,549 2442,446 2060,549 1803,424 1482,542 1239,549"/>
                <Baseline points="1253,650 1343,656 1432,656 1522,650 1611,644 1701,644 1790,644 1880,644 1969,644 2059,644 2148,644 2238,632 2328,626 2417,620 2507,626 2596,620 2686,620 2775,620 2865,614 2954,620 3044,626"/>
                <TextEquiv>
                    <Unicode>in teilerst Town</Unicode>
                </TextEquiv>
            </TextLine>
            <TextLine id="tr_1_tl_3" custom="readingOrder {index:2;}">
                <Coords points="1168,975 1912,972 2050,914 2760,969 3016,937 3019,809 2583,828 2403,725 2015,719 1547,834 1171,741"/>
                <Baseline points="1187,913 1235,913 1325,901 1414,901 1504,895 1593,889 1683,883 1772,889 1862,889 1951,889 2041,889 2131,889 2220,883 2310,889 2399,883 2489,883 2578,877 2668,877 2757,883 2847,883 2936,883 3026,883"/>
                <TextEquiv>
                    <Unicode>die Vorbereitung im</Unicode>
                </TextEquiv>
            </TextLine>
            <TextLine id="tr_1_tl_4" custom="readingOrder {index:3;}">
                <Coords points="1133,1213 2005,1197 2131,1136 2435,1206 2763,1126 3090,1197 3093,1017 2987,979 2650,1085 2400,998 2137,1081 1967,992 1139,966"/>
                <Baseline points="1152,1193 1217,1175 1307,1158 1396,1158 1486,1146 1575,1146 1665,1140 1754,1134 1844,1128 1934,1134 2023,1134 2113,1134 2202,1134 2292,1134 2381,1122 2471,1128 2560,1128 2650,1128 2739,1128 2829,1122 2918,1116 3008,1116 3098,1092"/>
                <TextEquiv>
                    <Unicode>Vleve de reisirech</Unicode>
                </TextEquiv>
            </TextLine>
            <TextLine id="tr_1_tl_5" custom="readingOrder {index:4;}">
                <Coords points="1110,1463 1438,1431 1713,1534 1909,1460 2038,1527 2041,1255 1884,1232 1787,1293 1662,1290 1559,1341 1300,1293 1235,1335 1113,1328"/>
                <Baseline points="1128,1432 1146,1432 1235,1420 1325,1408 1414,1408 1504,1408 1593,1408 1683,1402 1772,1402 1862,1408 1951,1408 2041,1408"/>
                <TextEquiv>
                    <Unicode>verwachte</Unicode>
                </TextEquiv>
            </TextLine>
            <TextLine id="tr_1_tl_6" custom="readingOrder {index:5;}">
                <Coords points="1206,1659 1566,1656 1768,1762 2070,1608 2663,1681 2862,1624 2865,1524 2628,1563 2384,1479 1893,1553 1396,1482 1210,1527"/>
                <Baseline points="1223,1641 1259,1641 1349,1641 1438,1641 1528,1635 1617,1635 1707,1629 1796,1629 1886,1623 1975,1617 2065,1605 2154,1605 2244,1611 2334,1611 2423,1611 2513,1611 2602,1611 2692,1611 2781,1611 2871,1605"/>
                <TextEquiv>
                    <Unicode>En schreibre et B Correin -</Unicode>
                </TextEquiv>
            </TextLine>
            <TextLine id="tr_1_tl_7" custom="readingOrder {index:6;}">
                <Coords points="1832,1752 1877,1771 1916,1752 2009,1758 2031,1746 2054,1765 2108,1755 2179,1787 2195,1630 2076,1608 2038,1636 1996,1624 1970,1643 1948,1636 1877,1694 1839,1685"/>
                <Baseline points="1850,1737 1928,1743 2017,1737 2107,1725 2196,1701"/>
                <TextEquiv>
                    <Unicode>Ceht</Unicode>
                </TextEquiv>
            </TextLine>
            <TextLine id="tr_1_tl_8" custom="readingOrder {index:7;}">
                <Coords points="1197,1884 2724,1890 2962,1778 3215,1794 3218,1704 2493,1640 2086,1768 1749,1771 1547,1662 1206,1678"/>
                <Baseline points="1217,1838 1253,1844 1343,1844 1432,1838 1522,1832 1611,1832 1701,1832 1790,1832 1880,1832 1969,1832 2059,1826 2148,1808 2238,1802 2328,1796 2417,1796 2507,1796 2596,1796 2686,1790 2775,1784 2865,1784 2954,1778 3044,1772 3133,1778 3223,1766"/>
                <TextEquiv>
                    <Unicode>Es u Frühjet.. Italien, Hollau</Unicode>
                </TextEquiv>
            </TextLine>
            <TextLine id="tr_1_tl_9" custom="readingOrder {index:8;}">
                <Coords points="1142,2095 1447,2150 1874,2073 2050,2147 2471,2050 3052,2111 3061,1855 2606,1861 2249,1970 1152,1912"/>
                <Baseline points="1164,2047 1181,2047 1271,2047 1361,2041 1450,2035 1540,2023 1629,2017 1719,2017 1808,2017 1898,2017 1987,2011 2077,2005 2166,2005 2256,1993 2345,1987 2435,1987 2525,1981 2614,1975 2704,1975 2793,1975 2883,1975 2972,1969 3062,1969"/>
                <TextEquiv>
                    <Unicode>trente de leur un et de la</Unicode>
                </TextEquiv>
            </TextLine>
            <TextLine id="tr_1_tl_10" custom="readingOrder {index:9;}">
                <Coords points="1165,2262 2362,2217 3039,2314 3048,2086 2641,2121 2490,2057 2137,2143 1858,2073 1595,2163 1168,2147"/>
                <Baseline points="1181,2238 1259,2244 1349,2244 1438,2232 1528,2232 1617,2232 1707,2226 1796,2220 1886,2214 1975,2220 2065,2214 2154,2214 2244,2208 2334,2208 2423,2202 2513,2184 2602,2184 2692,2184 2781,2184 2871,2184 2960,2184 3050,2184"/>
                <TextEquiv>
                    <Unicode>auf das reis Leres, du bn</Unicode>
                </TextEquiv>
            </TextLine>
            <TextLine id="tr_1_tl_11" custom="readingOrder {index:10;}">
                <Coords points="1158,2528 1351,2458 2044,2535 2188,2461 3074,2471 3116,2304 2269,2400 2002,2304 1861,2371 1162,2333"/>
                <Baseline points="1175,2441 1241,2447 1331,2447 1420,2453 1510,2453 1599,2447 1689,2447 1778,2447 1868,2453 1957,2453 2047,2453 2137,2453 2226,2447 2316,2447 2405,2441 2495,2441 2584,2435 2674,2429 2763,2435 2853,2429 2942,2429 3032,2435 3121,2435"/>
                <TextEquiv>
                    <Unicode>Rehand zu treffen, u. gewich¬</Unicode>
                </TextEquiv>
            </TextLine>
            <TextLine id="tr_1_tl_12" custom="readingOrder {index:11;}">
                <Coords points="1129,2673 1261,2724 1434,2683 1543,2760 1816,2695 2159,2750 2525,2708 2622,2766 2926,2711 2930,2548 2654,2538 2423,2631 1986,2509 1466,2631 1293,2564 1129,2593"/>
                <Baseline points="1146,2668 1235,2674 1325,2674 1414,2674 1504,2674 1593,2674 1683,2680 1772,2680 1862,2680 1951,2680 2041,2680 2131,2674 2220,2674 2310,2674 2399,2668 2489,2668 2578,2668 2668,2662 2757,2656 2847,2656 2936,2650"/>
                <TextEquiv>
                    <Unicode>durch die Hoffn, date</Unicode>
                </TextEquiv>
            </TextLine>
            <TextLine id="tr_1_tl_13" custom="readingOrder {index:12;}">
                <Coords points="1097,3010 1582,2907 2910,2942 3003,2923 3007,2785 2737,2718 2432,2788 2208,2721 1685,2862 1101,2760"/>
                <Baseline points="1116,2907 1134,2907 1223,2913 1313,2907 1402,2913 1492,2901 1581,2901 1671,2901 1760,2901 1850,2895 1940,2889 2029,2889 2119,2889 2208,2883 2298,2883 2387,2883 2477,2889 2566,2895 2656,2889 2745,2889 2835,2895 2924,2895 3014,2889"/>
                <TextEquiv>
                    <Unicode>door ue. Cal hicittne</Unicode>
                </TextEquiv>
            </TextLine>
            <TextLine id="tr_1_tl_14" custom="readingOrder {index:13;}">
                <Coords points="1110,3148 1755,3125 1989,3202 2278,3109 2583,3180 2920,3100 2923,2942 2018,3032 1492,2939 1110,3048"/>
                <Baseline points="1128,3139 1134,3139 1223,3145 1313,3139 1402,3127 1492,3127 1581,3121 1671,3115 1760,3115 1850,3115 1940,3115 2029,3110 2119,3104 2208,3104 2298,3104 2387,3104 2477,3104 2566,3104 2656,3104 2745,3098 2835,3098 2924,3098"/>
                <TextEquiv>
                    <Unicode>W. Dr erhal munt. A</Unicode>
                </TextEquiv>
            </TextLine>
            <TextLine id="tr_1_tl_15" custom="readingOrder {index:14;}">
                <Coords points="1120,3440 1697,3327 1800,3385 2381,3302 2936,3337 2942,3103 1858,3270 1758,3199 1328,3263 1129,3202"/>
                <Baseline points="1140,3354 1152,3360 1241,3360 1331,3354 1420,3348 1510,3348 1599,3336 1689,3324 1778,3324 1868,3318 1957,3312 2047,3307 2137,3307 2226,3307 2316,3301 2405,3295 2495,3301 2584,3301 2674,3301 2763,3295 2853,3295 2942,3295"/>
                <TextEquiv>
                    <Unicode>a in the d welk Re</Unicode>
                </TextEquiv>
            </TextLine>
            <TextLine id="tr_1_tl_16" custom="readingOrder {index:15;}">
                <Coords points="1113,3626 1653,3542 1938,3584 2301,3510 2496,3536 2644,3498 2647,3408 2365,3427 2163,3360 1900,3472 1611,3504 1123,3443"/>
                <Baseline points="1134,3557 1217,3557 1307,3551 1396,3545 1486,3539 1575,3539 1665,3533 1754,3527 1844,3527 1934,3521 2023,3521 2113,3515 2202,3503 2292,3498 2381,3498 2471,3492 2560,3492 2650,3492"/>
                <TextEquiv>
                    <Unicode>au jemand, dat ui is</Unicode>
                </TextEquiv>
            </TextLine>
            <TextLine id="tr_1_tl_17" custom="readingOrder {index:16;}">
                <Coords points="1129,3783 1659,3709 2211,3722 2294,3777 2532,3696 2869,3729 2898,3559 2461,3520 2217,3607 1633,3549 1383,3671 1133,3661"/>
                <Baseline points="1146,3730 1199,3736 1289,3730 1378,3724 1468,3718 1557,3712 1647,3706 1737,3706 1826,3706 1916,3706 2005,3700 2095,3683 2184,3677 2274,3671 2363,3677 2453,3677 2542,3683 2632,3689 2722,3683 2811,3671 2901,3671"/>
                <TextEquiv>
                    <Unicode>und schrieb... J. Leufd.</Unicode>
                </TextEquiv>
            </TextLine>
            <TextLine id="tr_1_tl_18" custom="readingOrder {index:17;}">
                <Coords points="1152,3992 1656,3915 2820,3969 2939,3921 2939,3806 2490,3863 2124,3793 1733,3857 1627,3799 1152,3825"/>
                <Baseline points="1169,3897 1259,3903 1349,3909 1438,3909 1528,3903 1617,3897 1707,3897 1796,3897 1886,3897 1975,3897 2065,3897 2154,3897 2244,3891 2334,3891 2423,3897 2513,3903 2602,3903 2692,3915 2781,3903 2871,3903 2948,3903"/>
                <TextEquiv>
                    <Unicode>fort. Langenule, und zu kle¬</Unicode>
                </TextEquiv>
            </TextLine>
            <TextLine id="tr_1_tl_19" custom="readingOrder {index:18;}">
                <Coords points="1630,4024 2926,4037 2926,3924 2830,3976 2628,3928 2484,3960 2330,3899 2153,3963 1630,3924"/>
                <Baseline points="1647,4005 1737,4011 1826,4017 1916,4029 2005,4029 2095,4023 2184,4023 2274,4029 2363,4029 2453,4023 2542,4029 2632,4035 2722,4035 2811,4029 2901,4023 2936,4011"/>
                <TextEquiv>
                    <Unicode>l'avec a été ce Boul.</Unicode>
                </TextEquiv>
            </TextLine>
        </TextRegion>
        <TextRegion id="tr_2" custom="readingOrder {index:1;}">
            <Coords points="3790,636 6482,636 6482,3322 3790,3322"/>
            <TextLine id="tr_2_tl_1" custom="readingOrder {index:0;}">
                <Coords points="3770,818 4223,757 4399,821 4630,725 5140,716 5185,658 4845,578 4617,642 4451,610 4072,667 3783,606"/>
                <Baseline points="3790,764 3850,752 3939,752 4029,746 4118,746 4208,740 4297,734 4387,734 4476,716 4566,710 4656,710 4745,704 4835,698 4924,698 5014,692 5103,686 5193,686"/>
                <TextEquiv>
                    <Unicode>Verslui nég de be eu</Unicode>
                </TextEquiv>
            </TextLine>
            <TextLine id="tr_2_tl_2" custom="readingOrder {index:1;}">
                <Coords points="3777,1049 4848,902 5320,956 5744,879 5756,700 5314,667 4951,796 4550,767 4322,863 3790,892"/>
                <Baseline points="3802,978 3874,978 3963,978 4053,972 4142,967 4232,955 4321,943 4411,931 4500,925 4590,913 4679,913 4769,901 4859,895 4948,895 5038,889 5127,889 5217,877 5306,871 5396,865 5485,865 5575,859 5664,853 5754,847"/>
                <TextEquiv>
                    <Unicode>ande en Bon überführt kund.</Unicode>
                </TextEquiv>
            </TextLine>
            <TextLine id="tr_2_tl_3" custom="readingOrder {index:2;}">
                <Coords points="5949,1004 6042,1046 6113,1004 6382,1043 6475,1011 6469,889 6385,879 6334,898 6302,879 6222,911 6183,889 6081,934 5943,914"/>
                <Baseline points="5963,978 6052,984 6142,990 6231,990 6321,996 6411,1002 6482,1002"/>
                <TextEquiv>
                    <Unicode>en un tout</Unicode>
                </TextEquiv>
            </TextLine>
            <TextLine id="tr_2_tl_4" custom="readingOrder {index:3;}">
                <Coords points="3796,1309 5574,1088 6280,1181 6286,1027 5150,1030 4897,953 4598,1059 3809,1036"/>
                <Baseline points="3820,1187 3874,1187 3963,1193 4053,1187 4142,1181 4232,1169 4321,1164 4411,1158 4500,1152 4590,1140 4679,1134 4769,1128 4859,1134 4948,1122 5038,1110 5127,1110 5217,1104 5306,1098 5396,1092 5485,1086 5575,1080 5664,1080 5754,1080 5843,1092 5933,1098 6023,1104 6112,1104 6202,1110 6291,1098"/>
                <TextEquiv>
                    <Unicode>Oue to bei Hachtamt, de m ik de bek</Unicode>
                </TextEquiv>
            </TextLine>
            <TextLine id="tr_2_tl_5" custom="readingOrder {index:4;}">
                <Coords points="3860,1409 4633,1450 4967,1325 6434,1274 6446,1120 3870,1306"/>
                <Baseline points="3880,1390 3939,1390 4029,1384 4118,1378 4208,1366 4297,1355 4387,1349 4476,1349 4566,1343 4656,1337 4745,1337 4835,1331 4924,1325 5014,1319 5103,1313 5193,1301 5282,1295 5372,1283 5461,1277 5551,1271 5641,1271 5730,1271 5820,1259 5909,1235 5999,1235 6088,1235 6178,1235 6267,1229 6357,1223 6446,1217"/>
                <TextEquiv>
                    <Unicode>und weit liep. d ich aus Monsieur</Unicode>
                </TextEquiv>
            </TextLine>
            <TextLine id="tr_2_tl_6" custom="readingOrder {index:5;}">
                <Coords points="3895,1598 5352,1611 5789,1534 5798,1396 5224,1389 5112,1447 4791,1386 4531,1492 3905,1450"/>
                <Baseline points="3915,1581 3921,1587 4011,1587 4100,1581 4190,1575 4280,1569 4369,1557 4459,1557 4548,1552 4638,1546 4727,1546 4817,1540 4906,1534 4996,1522 5085,1510 5175,1498 5264,1492 5354,1486 5444,1480 5533,1474 5623,1468 5712,1468 5802,1468"/>
                <TextEquiv>
                    <Unicode>arent at siebel. Judes by</Unicode>
                </TextEquiv>
            </TextLine>
            <TextLine id="tr_2_tl_7" custom="readingOrder {index:6;}">
                <Coords points="3854,1835 5497,1691 5756,1768 5769,1630 5529,1540 4512,1691 4297,1649 4101,1739 3867,1691"/>
                <Baseline points="3874,1814 3891,1814 3981,1814 4071,1808 4160,1796 4250,1790 4339,1778 4429,1778 4518,1772 4608,1766 4697,1766 4787,1749 4876,1743 4966,1737 5056,1725 5145,1719 5235,1707 5324,1695 5414,1695 5503,1689 5593,1683 5682,1671 5772,1671"/>
                <TextEquiv>
                    <Unicode>see bebreicht zu    oubsen -</Unicode>
                </TextEquiv>
            </TextLine>
            <TextLine id="tr_2_tl_8" custom="readingOrder {index:7;}">
                <Coords points="3831,2150 5131,1948 5917,1932 5994,1787 3847,1961"/>
                <Baseline points="3856,2059 3933,2059 4023,2059 4112,2041 4202,2041 4291,2029 4381,2023 4471,2023 4560,2005 4650,1999 4739,1987 4829,1981 4918,1975 5008,1963 5097,1945 5187,1945 5276,1940 5366,1922 5455,1916 5545,1910 5635,1904 5724,1898 5814,1898 5903,1904 5993,1910"/>
                <TextEquiv>
                    <Unicode>Der Schluss u. ein Schifnung von</Unicode>
                </TextEquiv>
            </TextLine>
            <TextLine id="tr_2_tl_9" custom="readingOrder {index:8;}">
                <Coords points="3918,2310 4274,2355 4717,2227 5971,2163 6126,2140 6135,2031 5696,1986 5442,2102 4906,2041 4351,2188 3931,2156"/>
                <Baseline points="3939,2274 3987,2274 4077,2274 4166,2274 4256,2262 4345,2250 4435,2244 4524,2232 4614,2220 4703,2214 4793,2202 4882,2196 4972,2184 5061,2184 5151,2184 5241,2166 5330,2160 5420,2148 5509,2142 5599,2137 5688,2125 5778,2125 5867,2131 5957,2131 6046,2125 6136,2125"/>
                <TextEquiv>
                    <Unicode>Ceyln nach Ceylen noch Häusig.</Unicode>
                </TextEquiv>
            </TextLine>
            <TextLine id="tr_2_tl_10" custom="readingOrder {index:9;}">
                <Coords points="3944,2545 4447,2551 4685,2439 4803,2474 5002,2400 5381,2407 5455,2394 5461,2291 5298,2259 4678,2403 4515,2323 4303,2362 4175,2304 3960,2371"/>
                <Baseline points="3969,2489 4029,2495 4118,2489 4208,2477 4297,2465 4387,2459 4476,2453 4566,2441 4656,2435 4745,2429 4835,2417 4924,2411 5014,2393 5103,2393 5193,2387 5282,2381 5372,2375 5461,2363"/>
                <TextEquiv>
                    <Unicode>und Alfse i. u. Leben</Unicode>
                </TextEquiv>
            </TextLine>
            <TextLine id="tr_2_tl_11" custom="readingOrder {index:10;}">
                <Coords points="5497,2525 5554,2528 5590,2509 5615,2519 5638,2506 5673,2519 5731,2493 5750,2503 5782,2487 5782,2362 5728,2358 5689,2381 5651,2355 5574,2352 5558,2368 5497,2384"/>
                <Baseline points="5515,2405 5605,2435 5694,2429 5784,2411 5790,2411"/>
                <TextEquiv>
                    <Unicode>xx</Unicode>
                </TextEquiv>
            </TextLine>
            <TextLine id="tr_2_tl_12" custom="readingOrder {index:11;}">
                <Coords points="4107,2760 4759,2670 4861,2740 5095,2638 5628,2589 6158,2612 6238,2593 6244,2458 5561,2528 5208,2400 4864,2551 4120,2580"/>
                <Baseline points="4130,2674 4184,2680 4274,2686 4363,2680 4453,2668 4542,2662 4632,2662 4721,2656 4811,2650 4900,2644 4990,2632 5079,2620 5169,2614 5258,2608 5348,2596 5438,2590 5527,2584 5617,2584 5706,2584 5796,2578 5885,2578 5975,2578 6064,2578 6154,2578 6243,2572"/>
                <TextEquiv>
                    <Unicode>Hier, das erst ltet. jene</Unicode>
                </TextEquiv>
            </TextLine>
            <TextLine id="tr_2_tl_13" custom="readingOrder {index:12;}">
                <Coords points="3988,3023 4678,2881 5063,2914 5189,2830 5721,2885 5737,2695 5532,2731 5346,2663 5063,2760 4736,2673 4540,2760 4390,2708 4011,2750"/>
                <Baseline points="4011,2936 4035,2930 4124,2930 4214,2924 4303,2913 4393,2907 4482,2889 4572,2877 4662,2877 4751,2871 4841,2865 4930,2853 5020,2847 5109,2835 5199,2823 5288,2823 5378,2823 5467,2817 5557,2817 5646,2805 5736,2811"/>
                <TextEquiv>
                    <Unicode>Velt aussich: kann.</Unicode>
                </TextEquiv>
            </TextLine>
            <TextLine id="tr_2_tl_14" custom="readingOrder {index:13;}">
                <Coords points="4123,3154 4576,3206 4977,3087 5349,3074 5721,3135 5837,3109 5843,2968 5160,2930 4807,3026 4390,2930 4130,3032"/>
                <Baseline points="4142,3139 4148,3139 4238,3139 4327,3127 4417,3121 4506,3115 4596,3110 4685,3104 4775,3104 4864,3098 4954,3080 5044,3074 5133,3068 5223,3068 5312,3062 5402,3056 5491,3056 5581,3050 5670,3050 5760,3044 5849,3038"/>
                <TextEquiv>
                    <Unicode>Et faudal qui Reur:. J et tod</Unicode>
                </TextEquiv>
            </TextLine>
            <TextLine id="tr_2_tl_15" custom="readingOrder {index:14;}">
                <Coords points="4139,3344 5827,3241 5859,3093 5538,3100 5333,3196 4974,3087 4441,3238 4149,3202"/>
                <Baseline points="4160,3312 4250,3307 4339,3301 4429,3295 4518,3289 4608,3283 4697,3277 4787,3265 4876,3259 4966,3247 5056,3241 5145,3235 5235,3235 5324,3235 5414,3229 5503,3223 5593,3217 5682,3205 5772,3187 5861,3193"/>
                <TextEquiv>
                    <Unicode>Überseis. Il ne n'aurel. tod 1.</Unicode>
                </TextEquiv>
            </TextLine>
        </TextRegion>
    </Page>
</PcGts>
