6648 4296
3488 643 5762 866 Es war später Herbst, und das gewiss
3464 852 5661 1082 Paar wandte sich viel haben,
3460 988 6260 1290 allen Sieden, sind wirts, wie die in de keiner
3457 1224 5588 1534 kalte unsate liebe im kalle
3436 1408 5891 1767 lionate inte den Thei - sal cuisite
3498 1666 5745 2003 siciliänische, nicht über Ihnen
3603 1982 4542 2253 u veelningen.
3617 2128 5755 2483 Eschaz Mai Frühgahe, und das
3599 2351 5769 2740 juge Paar i and den
3613 2542 5651 3008 parroi le  naudert
5251 2699 5717 2893 reiste
3641 2789 5856 3185 noch den Gerfe udttele nicht mein
3731 2904 6173 3411 an die Ufe de Genfer Lees, in den Frid
3717 3199 6399 3519 I have in noten, sties spates in die Hihle
3728 3446 5950 3811 Röhle, was in hoher immer in
3804 3491 4187 3690 Gelerst
3738 3679 5901 3905 nommige Vorträtte den
