6728 4280
1138 368 3056 704 beschur sie, sentant, sofr
1095 663 3328 927 Weil ihr een Aust aufzumücke.
1127 904 3142 1141 tias celeiellert, et ne sel-
1083 1158 3108 1419 es sui rleiflum eetlanté
1057 1428 3041 1700 and for the
1141 1645 3029 1920 Ventrée, at rie
1141 1874 3076 2149 überdem in Leichbarte
1112 2178 3119 2398 le tiel de Han huiss.
1103 2427 3079 2691 He een e Han vere ne
1112 2670 3067 2966 nil ousilieren, der ich
1127 2954 3116 3241 Mr Ereur vatur. Ils état
1153 3166 3073 3449 in it wil de sakk
1095 3447 3093 3748 Hier de Langeweile en
1112 3696 3137 3939 1 heilvst, die sie ihr e. xxx
3615 324 5761 875 glier Reis nenricht die ihr
3591 808 5671 1187 (plossit alem n0 no 10
4544 1002 5051 1170 at your
3559 1043 5651 1390 wch v Remplati kam et ei
3533 1332 5862 1671 me to she will beeneilt her
