2920 3592
430 417 1768 654 zu den Kapitel der Denkfehler:
428 594 2311 752 nass es einen Beweis für ein früheres Leben
428 714 2387 913 zu bedarten hätte, wenn uns bei manchen Erleb-
430 837 2352 1044 nis vorkomnt, als hätten wir schon lehnliches
420 983 2387 1167 erlobt? Nenn wir bei getrachtung einer Gögend
518 1147 707 1222 aube
1215 1122 2319 1270 schon in dieser regend ge-
415 1265 1003 1416 mesen u.s.n.
1227 1285 1660 1421 de elo tel
417 1371 2309 1539 Es handelt sich hier natürlich immer um Er-
853 1469 1084 1557 aui elen
425 1506 2311 1675 innerungendie in laufe der Zeit ihre Schär-
415 1642 2248 1798 fe verloren haben, manchmal auch nur um ein
430 1768 2344 1942 zusanvenfliessen verschiedener Frinnerungen,
2364 1783 2528 1904 1
420 1896 1992 2070 manchwal um Ideenassoziationen uss.n.
420 2007 2442 2165 Wie wir es auch bei anderen Denkfehlern sehen.,
455 2140 2206 2304 z.B. bei dem angeblichen Gsetz der Serie
417 2274 2203 2435 u.s.w, ist es weist das Bedürfnis sich in-
410 2397 2326 2535 teressant vorzukommen,die die Entstehung die
420 2555 1552 2701 ser Denkfehler begünstigt.
