<?xml version="1.0" encoding="UTF-8" standalone="yes"?>
<PcGts xmlns="http://schema.primaresearch.org/PAGE/gts/pagecontent/2013-07-15" xmlns:xsi="http://www.w3.org/2001/XMLSchema-instance" xsi:schemaLocation="http://schema.primaresearch.org/PAGE/gts/pagecontent/2013-07-15 http://schema.primaresearch.org/PAGE/gts/pagecontent/2013-07-15/pagecontent.xsd">
    <Metadata>
        <Creator>prov=READ-COOP:name=PyLaia@TranskribusPlatform:version=2.7.0:model_id=50870:lm=none:date=22_01_2024_21:46</Creator>
        <Created>2023-09-27T14:43:07.620+02:00</Created>
        <LastChange>2024-01-22T21:46:29.605+01:00</LastChange>
        <TranskribusMetadata docId="1589072" pageId="60127529" pageNr="96" tsid="145643657" status="IN_PROGRESS" userId="40391" imgUrl="https://files.transkribus.eu/Get?id=KNNPAEIQBNHOOUZLKXLHIZVB&amp;fileType=view" xmlUrl="https://files.transkribus.eu/Get?id=OZDGVXYLCITSZJVSWSJLSRZL" imageId="48552606"/>
    </Metadata>
    <Page imageFilename="1589072_0096.jpg" imageWidth="2824" imageHeight="3384">
        <ReadingOrder>
            <OrderedGroup id="ro_1711786975737" caption="Regions reading order">
                <RegionRefIndexed index="0" regionRef="tr_1"/>
            </OrderedGroup>
        </ReadingOrder>
        <TextRegion orientation="0.0" id="tr_1" custom="readingOrder {index:0;}">
            <Coords points="462,404 462,2483 2441,2483 2441,404"/>
            <TextLine id="tr_1_tl_1" custom="readingOrder {index:0;}">
                <Coords points="1133,532 1333,579 1379,540 1689,525 2080,549 2309,474 2312,398 2092,342 1860,356 1775,427 1599,381 1462,427 1135,430"/>
                <Baseline points="1145,495 1203,492 1262,491 1320,489 1379,486 1438,487 1496,487 1555,483 1614,482 1672,480 1731,480 1790,477 1848,477 1907,475 1966,474 2024,473 2083,469 2142,471 2200,467 2259,465 2318,465"/>
                <TextEquiv>
                    <Unicode>leute zethetnnn lächeln, die</Unicode>
                </TextEquiv>
            </TextLine>
            <TextLine id="tr_1_tl_2" custom="readingOrder {index:1;}">
                <Coords points="1106,637 1216,691 1797,654 1975,684 2322,608 2324,474 2080,547 2009,518 1108,574"/>
                <Baseline points="1119,620 1179,612 1239,616 1300,614 1360,614 1421,612 1481,611 1541,611 1602,609 1662,610 1723,605 1783,605 1843,604 1904,602 1964,602 2025,601 2085,597 2145,596 2206,594 2266,590 2327,587"/>
                <TextEquiv>
                    <Unicode>Vernunft zur Erklärung nen-</Unicode>
                </TextEquiv>
            </TextLine>
            <TextLine id="tr_1_tl_3" custom="readingOrder {index:2;}">
                <Coords points="747,696 779,706 808,686 842,706 872,688 918,713 972,686 1077,681 1079,566 1033,552 976,579 903,552 857,566 752,552"/>
                <Baseline points="763,626 789,626 816,627 843,628 869,629 896,629 923,627 949,626 976,624 1003,622 1029,621 1056,619 1083,617"/>
                <TextEquiv>
                    <Unicode>dass di</Unicode>
                </TextEquiv>
            </TextLine>
            <TextLine id="tr_1_tl_4" custom="readingOrder {index:3;}">
                <Coords points="461,691 559,698 610,684 640,703 666,706 666,566 605,574 574,561 552,576 525,566 461,574"/>
                <Baseline points="474,632 502,632 530,632 558,632 586,632 614,632 642,631 671,629"/>
                <TextEquiv>
                    <Unicode>finde</Unicode>
                </TextEquiv>
            </TextLine>
            <TextLine id="tr_1_tl_5" custom="readingOrder {index:4;}">
                <Coords points="1116,823 1245,793 1475,840 1733,789 2334,825 2339,642 1118,688"/>
                <Baseline points="1130,754 1190,748 1251,744 1311,743 1372,745 1433,741 1493,740 1554,737 1614,735 1675,734 1736,734 1796,732 1857,728 1917,729 1978,728 2039,727 2099,723 2160,722 2220,720 2281,722 2342,719"/>
                <TextEquiv>
                    <Unicode>ht augreicht und niemals aus-</Unicode>
                </TextEquiv>
            </TextLine>
            <TextLine id="tr_1_tl_6" custom="readingOrder {index:5;}">
                <Coords points="498,842 676,815 764,832 837,815 881,825 886,706 854,696 832,708 810,688 774,706 727,688 618,713 571,693 503,696"/>
                <Baseline points="513,766 538,763 563,761 588,759 613,757 638,757 663,757 688,755 713,754 738,754 763,754 788,754 813,753 838,752 863,753 889,754"/>
                <TextEquiv>
                    <Unicode>cher pine</Unicode>
                </TextEquiv>
            </TextLine>
            <TextLine id="tr_1_tl_7" custom="readingOrder {index:6;}">
                <Coords points="505,935 686,945 752,915 896,952 1084,945 1086,842 1028,810 959,828 703,820 659,840 581,820 508,845"/>
                <Baseline points="519,889 547,886 576,884 604,883 633,883 661,883 690,883 718,885 747,885 775,883 804,883 832,882 861,880 889,880 918,879 946,878 975,877 1003,877 1032,879 1060,882 1089,886"/>
                <TextEquiv>
                    <Unicode>reichen wird.</Unicode>
                </TextEquiv>
            </TextLine>
            <TextLine id="tr_1_tl_8" custom="readingOrder {index:7;}">
                <Coords points="474,1081 2109,1060 2297,984 2431,996 2434,915 2361,884 1980,940 478,962"/>
                <Baseline points="489,1014 586,1012 684,1014 781,1011 879,1005 977,1007 1074,1005 1172,1002 1269,1000 1367,996 1465,992 1562,990 1660,990 1757,987 1855,984 1953,981 2050,978 2148,978 2245,975 2343,972 2441,969"/>
                <TextEquiv>
                    <Unicode>Ein Mystiker ist wie ein nächtlicher Handerer</Unicode>
                </TextEquiv>
            </TextLine>
            <TextLine id="tr_1_tl_9" custom="readingOrder {index:8;}">
                <Coords points="449,1218 1560,1191 1724,1116 1870,1150 2070,1106 2317,1121 2319,1028 2270,1018 2109,1060 452,1086"/>
                <Baseline points="462,1139 555,1142 648,1136 741,1136 834,1134 927,1136 1020,1133 1113,1130 1206,1128 1299,1125 1393,1124 1486,1122 1579,1119 1672,1118 1765,1111 1858,1113 1951,1108 2044,1107 2137,1104 2230,1104 2324,1098"/>
                <TextEquiv>
                    <Unicode>der die jaterne auslöscht, die ihm die näch-</Unicode>
                </TextEquiv>
            </TextLine>
            <TextLine id="tr_1_tl_10" custom="readingOrder {index:9;}">
                <Coords points="452,1345 1670,1316 1797,1277 2051,1318 2251,1274 2253,1157 2007,1172 1924,1116 1684,1201 1018,1182 544,1196 454,1235"/>
                <Baseline points="468,1271 557,1271 646,1268 736,1268 825,1265 915,1262 1004,1259 1093,1256 1183,1253 1272,1253 1362,1247 1451,1247 1540,1247 1630,1247 1719,1244 1809,1238 1898,1241 1987,1235 2077,1232 2166,1232 2256,1232"/>
                <TextEquiv>
                    <Unicode>sten schritte, in die Einsternis bleuchtet</Unicode>
                </TextEquiv>
            </TextLine>
            <TextLine id="tr_1_tl_11" custom="readingOrder {index:10;}">
                <Coords points="464,1404 564,1440 644,1411 715,1457 1028,1394 1421,1460 1526,1418 1589,1453 1899,1440 2038,1370 2319,1394 2322,1284 466,1340"/>
                <Baseline points="477,1399 569,1396 662,1394 754,1393 847,1393 939,1390 1032,1384 1124,1384 1217,1383 1309,1381 1402,1375 1494,1375 1587,1377 1679,1372 1772,1370 1864,1369 1957,1366 2049,1363 2142,1363 2234,1357 2327,1357"/>
                <TextEquiv>
                    <Unicode>nur darum, weil sie nicht zugleich die Kraft</Unicode>
                </TextEquiv>
            </TextLine>
            <TextLine id="tr_1_tl_12" custom="readingOrder {index:11;}">
                <Coords points="493,1594 1594,1558 1799,1589 2366,1499 2368,1411 2314,1392 1880,1460 1816,1423 1416,1460 1257,1421 1167,1462 818,1433 498,1465"/>
                <Baseline points="510,1527 603,1524 696,1518 789,1519 883,1518 976,1515 1069,1515 1162,1512 1256,1509 1349,1506 1442,1504 1535,1506 1629,1501 1722,1498 1815,1497 1908,1492 2002,1495 2095,1489 2188,1489 2281,1486 2375,1480"/>
                <TextEquiv>
                    <Unicode>hat hunderttausend Meilen durch das Maldes-</Unicode>
                </TextEquiv>
            </TextLine>
            <TextLine id="tr_1_tl_13" custom="readingOrder {index:12;}">
                <Coords points="452,1719 759,1704 959,1758 1201,1699 2021,1728 2139,1680 2300,1687 2305,1555 454,1609"/>
                <Baseline points="468,1653 560,1653 652,1650 744,1650 836,1650 928,1644 1020,1642 1112,1644 1204,1640 1296,1637 1388,1638 1480,1635 1572,1632 1664,1630 1756,1626 1848,1625 1940,1623 2032,1622 2124,1623 2216,1618 2309,1614"/>
                <TextEquiv>
                    <Unicode>dunkel bis ang unbekannte Ende des Negs zu</Unicode>
                </TextEquiv>
            </TextLine>
            <TextLine id="tr_1_tl_14" custom="readingOrder {index:13;}">
                <Coords points="496,1838 559,1828 676,1872 737,1848 784,1860 825,1836 874,1855 872,1736 764,1704 723,1721 698,1706 632,1721 496,1709"/>
                <Baseline points="510,1775 536,1778 562,1781 588,1779 614,1779 641,1781 667,1781 693,1781 719,1779 745,1779 772,1781 798,1780 824,1778 850,1780 877,1781"/>
                <TextEquiv>
                    <Unicode>dringen.</Unicode>
                </TextEquiv>
            </TextLine>
            <TextLine id="tr_1_tl_15" custom="readingOrder {index:14;}">
                <Coords points="1186,2236 1211,2226 1250,2234 1262,2222 1301,2219 1335,2222 1362,2236 1387,2226 1389,2099 1357,2102 1343,2092 1311,2102 1296,2090 1262,2099 1230,2080 1189,2095"/>
                <Baseline points="1199,2205 1226,2205 1254,2205 1282,2205 1309,2204 1337,2202 1365,2204 1393,2208"/>
                <TextEquiv>
                    <Unicode></Unicode>
                </TextEquiv>
            </TextLine>
            <TextLine id="tr_1_tl_16" custom="readingOrder {index:15;}">
                <Coords points="1370,2500 1396,2493 1438,2497 1457,2480 1501,2497 1518,2495 1516,2351 1496,2348 1472,2370 1460,2363 1435,2370 1411,2356 1367,2368"/>
                <Baseline points="1381,2446 1409,2450 1437,2452 1465,2452 1493,2450 1521,2449"/>
                <TextEquiv>
                    <Unicode></Unicode>
                </TextEquiv>
            </TextLine>
            <TextEquiv>
                <Unicode></Unicode>
            </TextEquiv>
        </TextRegion>
    </Page>
</PcGts>
