2936 3592
2350 466 2591 669 1919
2115 593 2399 717 dannt
642 656 2603 842 Dein Nebenmench ist allzu sehr auf fadel be-
852 798 1432 905 de Kligue ii n
605 808 2362 1010 dachtfals dass er je anerkennen würde, du
608 949 2438 1122 hättest in irgend einer sache das richtige
654 1066 2579 1240 Wass eingehalten. er wird dir also inmer den
654 1196 2591 1337 vorwürk machen, entweder, du seist zu tyrannich
608 1315 2491 1476 oder du seist zu nachgiehig gewesen, zu vor-
610 1447 2564 1620 laut oder zu bescheiden, zu vorsichtig oder zu
608 1566 2447 1718 unbedacht. Und er wird immer irgendwie reht
603 1696 2516 1874 haben, da es ja in keiner sache eine nathena-
654 1850 1696 2003 tische Richtigkeit gibt.
