2968 3608
521 256 708 514 ser
751 539 2506 781 die Löhre von freien Millen niderspricht
756 694 2595 899 dem Grundgesetz alles irdischen Geschehens
751 807 2425 1026 und dem höchsten ja einzigen Dogma der
770 968 2609 1132 menschlichen Intelligenz, durch dessen Leug
761 1095 2552 1288 Aeehaben Füsste, nän-
765 1208 2429 1415 lich den Idee der Kausalität. Menn wir
781 1335 2395 1533 überhaupt daran glauben-und es ist im
784 1443 2612 1660 grossen Gehsinnis alles Daseins das einzig
779 1560 2612 1796 sichero, woran wir uns halten können - dass
784 1710 2570 1911 eine Tatsache inner aus der andern folgt.
772 1823 2492 2038 mit Notwendigkeit folgeh nuss, haben wir
2372 1918 2577 2118 gen
795 1985 2326 2128 die Existenz eines freyen Millens a
800 2077 2628 2273 aufgehoben. Denn darnach ist das Ludiriduun
795 2222 2499 2406 in keinen Augenblick seines Daseins vor
800 2360 2648 2549 eine Mahl gestellt,da ja diese inner schon
800 2480 2469 2669 durch die sperifische Orgenisation des
795 2595 2637 2794 betreffende individuums, die mit Nolren-
800 2736 2607 2907 digkeit aus der Organisation seiner Vortl-
802 2837 2517 3075 tern folgt, und durch sänntliche äussere
