2920 3592
798 594 2370 887 pevohovatholoelochen zudiventen, die-
522 781 2341 1005 auch im gesundesten behirn enthalten sind,
514 894 2370 1137 gehört unter andern das Bedürfnis nach Nun-
524 1036 2387 1255 AertlautensIch erinnere mich eines Spazler-
524 1159 2262 1389 gangs, an während dessen Ich längere zeit
531 1262 2375 1452 hindurch in der Ferne Kuppeln erbddckte, de-
526 1404 2413 1647 ren Vorhandesein ich mir unmögläch erklären
1620 1543 1930 1618 ainbericifel
526 1550 2397 1736 konnte. Es war mir eine ausgesprockene Pnt-
536 1656 2469 1873 täusehung alssich entdeckte, dass es die Kuppel
534 1824 2252 1983 der Museen waren und nicht irgend eines
534 1925 2416 2106 Zauberpalastes, der In laufe der Nacht ent-
553 2094 1084 2274 standen war.
2380 349 2668 538 1924
2627 1130 2776 1187 eeie
