<?xml version="1.0" encoding="UTF-8" standalone="yes"?>
<PcGts xmlns="http://schema.primaresearch.org/PAGE/gts/pagecontent/2013-07-15" xmlns:xsi="http://www.w3.org/2001/XMLSchema-instance" xsi:schemaLocation="http://schema.primaresearch.org/PAGE/gts/pagecontent/2013-07-15 http://schema.primaresearch.org/PAGE/gts/pagecontent/2013-07-15/pagecontent.xsd">
    <Metadata>
        <Creator>prov=READ-COOP:name=PyLaia@TranskribusPlatform:version=2.7.0:model_id=50870:lm=none:date=22_01_2024_21:46</Creator>
        <Created>2023-09-27T14:42:57.766+02:00</Created>
        <LastChange>2024-01-22T21:46:18.709+01:00</LastChange>
        <TranskribusMetadata docId="1589072" pageId="60127300" pageNr="34" tsid="145643593" status="IN_PROGRESS" userId="40391" imgUrl="https://files.transkribus.eu/Get?id=HTCRTHXMLUQDMTNFVUGDTYAJ&amp;fileType=view" xmlUrl="https://files.transkribus.eu/Get?id=MKSHPTLUNPCUTLSDNXKJPFOE" imageId="48552377"/>
    </Metadata>
    <Page imageFilename="1589072_0034.jpg" imageWidth="2920" imageHeight="3592">
        <ReadingOrder>
            <OrderedGroup id="ro_1711786874746" caption="Regions reading order">
                <RegionRefIndexed index="0" regionRef="tr_1"/>
            </OrderedGroup>
        </ReadingOrder>
        <TextRegion orientation="0.0" id="tr_1" custom="readingOrder {index:0;}">
            <Coords points="390,394 390,3074 2485,3074 2485,394"/>
            <TextLine id="tr_1_tl_1" custom="readingOrder {index:0;}">
                <Coords points="444,545 470,540 488,553 504,537 589,509 607,522 648,506 671,511 687,346 628,338 609,356 578,328 555,323 509,343 462,333"/>
                <Baseline points="465,471 492,469 520,466 547,463 575,460 603,459 630,457 658,454 686,450"/>
                <TextEquiv>
                    <Unicode>de:</Unicode>
                </TextEquiv>
            </TextLine>
            <TextLine id="tr_1_tl_2" custom="readingOrder {index:1;}">
                <Coords points="1203,775 1444,813 2353,715 2358,607 2301,573 1983,586 1857,677 1426,687 1209,646"/>
                <Baseline points="1220,748 1279,745 1339,741 1399,741 1459,742 1519,741 1579,736 1639,736 1699,733 1759,731 1819,727 1879,727 1939,725 1999,727 2059,725 2119,721 2179,718 2239,717 2299,716 2359,713"/>
                <TextEquiv>
                    <Unicode>auch von sonst klugen Men-</Unicode>
                </TextEquiv>
            </TextLine>
            <TextLine id="tr_1_tl_3" custom="readingOrder {index:2;}">
                <Coords points="416,798 571,770 832,808 940,759 1051,793 1054,666 917,651 829,690 607,700 558,666 501,687 418,664"/>
                <Baseline points="429,766 460,763 492,763 523,763 555,761 586,760 618,760 649,760 681,760 712,758 744,754 775,756 807,758 838,760 870,758 901,757 933,756 964,754 996,752 1027,751 1059,751"/>
                <TextEquiv>
                    <Unicode>Man hört manch</Unicode>
                </TextEquiv>
            </TextLine>
            <TextLine id="tr_1_tl_4" custom="readingOrder {index:3;}">
                <Coords points="380,901 447,932 630,894 746,948 987,901 1250,940 1498,875 1885,922 1986,860 2428,857 2412,767 382,834"/>
                <Baseline points="393,897 495,893 597,889 699,889 801,889 903,884 1005,883 1107,877 1209,877 1311,877 1413,870 1515,867 1617,863 1719,859 1821,859 1923,857 2025,853 2127,852 2229,846 2331,842 2434,841"/>
                <TextEquiv>
                    <Unicode>schen die Ansicht ausgrechen, dass die mitwe ei-</Unicode>
                </TextEquiv>
            </TextLine>
            <TextLine id="tr_1_tl_5" custom="readingOrder {index:4;}">
                <Coords points="1519,943 1537,943 1544,935 1580,940 1593,932 1609,948 1617,940 1645,943 1655,935 1668,943 1710,940 1715,894 1694,891 1684,899 1676,886 1653,883 1645,891 1604,896 1552,870 1524,873"/>
                <Baseline points="1533,936 1559,930 1585,927 1612,927 1638,926 1665,925 1691,923 1718,921"/>
                <TextEquiv>
                    <Unicode>denen</Unicode>
                </TextEquiv>
            </TextLine>
            <TextLine id="tr_1_tl_6" custom="readingOrder {index:5;}">
                <Coords points="374,1067 1384,1056 1516,997 1679,1051 1916,1048 2112,984 2428,984 2430,904 2244,927 2193,894 1772,909 1717,950 377,963"/>
                <Baseline points="390,1023 492,1023 594,1023 696,1019 798,1014 900,1011 1002,1010 1104,1007 1206,1003 1308,1002 1410,998 1512,994 1614,990 1716,984 1818,982 1920,982 2022,981 2124,975 2226,975 2328,972 2431,966"/>
                <TextEquiv>
                    <Unicode>des grossen Mannes nach seinem Tod verpflichtet</Unicode>
                </TextEquiv>
            </TextLine>
            <TextLine id="tr_1_tl_7" custom="readingOrder {index:6;}">
                <Coords points="374,1193 718,1152 987,1198 1242,1157 1459,1191 1593,1147 1704,1193 1885,1110 1921,1147 2105,1118 2162,1149 2409,1103 2409,1048 2296,1028 1914,1072 1803,1033 1645,1059 1519,997 1353,1085 1116,1046 901,1100 491,1067 377,1116"/>
                <Baseline points="390,1154 491,1148 592,1148 693,1144 795,1142 896,1139 997,1135 1099,1133 1200,1131 1301,1130 1403,1126 1504,1122 1605,1121 1706,1115 1808,1114 1909,1112 2010,1109 2112,1105 2213,1103 2314,1098 2416,1097"/>
                <TextEquiv>
                    <Unicode>sei auf ihr weiteres eigends leben gewisgermas-</Unicode>
                </TextEquiv>
            </TextLine>
            <TextLine id="tr_1_tl_8" custom="readingOrder {index:7;}">
                <Coords points="382,1294 1118,1335 1485,1291 1562,1325 1642,1284 2169,1299 2309,1242 2311,1185 2208,1167 385,1209"/>
                <Baseline points="396,1279 497,1275 598,1275 699,1273 800,1267 901,1266 1002,1264 1103,1261 1204,1260 1305,1255 1406,1253 1507,1247 1608,1249 1709,1244 1810,1241 1911,1241 2012,1238 2113,1235 2214,1233 2315,1232"/>
                <TextEquiv>
                    <Unicode>sen zu verzichten und nur den Gedächtnis des</Unicode>
                </TextEquiv>
            </TextLine>
            <TextLine id="tr_1_tl_9" custom="readingOrder {index:8;}">
                <Coords points="382,1415 501,1457 578,1413 863,1444 919,1405 1250,1451 1555,1413 2298,1454 2407,1407 2409,1284 382,1338"/>
                <Baseline points="396,1405 496,1404 597,1404 698,1401 798,1399 899,1393 1000,1392 1100,1388 1201,1387 1302,1384 1403,1381 1503,1382 1604,1384 1705,1381 1805,1381 1906,1379 2007,1375 2107,1372 2208,1369 2309,1367 2410,1369"/>
                <TextEquiv>
                    <Unicode>Dahingeschiedenen zu leben. WiiratkaExABiahaux</Unicode>
                </TextEquiv>
            </TextLine>
            <TextLine id="tr_1_tl_10" custom="readingOrder {index:9;}">
                <Coords points="393,1580 754,1596 932,1542 1343,1529 1506,1560 1578,1519 1650,1557 1963,1516 2143,1552 2337,1500 2404,1534 2407,1436 2205,1469 1846,1423 1583,1464 395,1454"/>
                <Baseline points="408,1548 508,1542 608,1540 708,1539 808,1536 908,1535 1008,1531 1108,1527 1208,1527 1308,1527 1409,1522 1509,1518 1609,1518 1709,1515 1809,1512 1909,1509 2009,1506 2109,1505 2209,1505 2309,1501 2410,1500"/>
                <TextEquiv>
                    <Unicode>EeRAAEXAExAAALIExEEEx Damit stellt man in ganz</Unicode>
                </TextEquiv>
            </TextLine>
            <TextLine id="tr_1_tl_11" custom="readingOrder {index:10;}">
                <Coords points="390,1715 793,1694 891,1733 1051,1681 1495,1699 1614,1648 2402,1645 2404,1550 1857,1591 1565,1526 909,1635 651,1604 589,1653 475,1611 393,1663"/>
                <Baseline points="405,1700 505,1700 605,1695 705,1691 805,1685 905,1681 1005,1674 1105,1667 1205,1661 1305,1655 1406,1650 1506,1649 1606,1646 1706,1645 1806,1641 1906,1637 2006,1634 2106,1634 2206,1629 2306,1626 2407,1619"/>
                <TextEquiv>
                    <Unicode>eigentlichem sinne die Forderung einer Irt von</Unicode>
                </TextEquiv>
            </TextLine>
            <TextLine id="tr_1_tl_12" custom="readingOrder {index:11;}">
                <Coords points="403,1867 625,1826 953,1849 1082,1795 1441,1836 1593,1779 2464,1785 2466,1697 2136,1717 1999,1650 1787,1720 1519,1694 1134,1735 958,1697 405,1759"/>
                <Baseline points="417,1831 519,1820 622,1811 724,1801 827,1797 930,1793 1032,1790 1135,1787 1238,1784 1340,1781 1443,1778 1546,1775 1648,1772 1751,1772 1854,1768 1956,1766 2059,1763 2162,1760 2264,1756 2367,1752 2470,1751"/>
                <TextEquiv>
                    <Unicode>platonischer Mitwenverbrennung auf. Diese Forde-</Unicode>
                </TextEquiv>
            </TextLine>
            <TextLine id="tr_1_tl_13" custom="readingOrder {index:12;}">
                <Coords points="398,1955 1671,1906 1849,1942 1942,1903 2402,1890 2404,1782 2329,1779 1981,1792 1779,1854 1560,1810 1433,1852 1260,1821 1191,1862 870,1875 648,1831 400,1867"/>
                <Baseline points="411,1933 510,1933 610,1930 710,1927 810,1925 910,1921 1009,1918 1109,1915 1209,1912 1309,1911 1409,1909 1508,1906 1608,1903 1708,1903 1808,1900 1908,1894 2007,1891 2107,1890 2207,1885 2307,1883 2407,1882"/>
                <TextEquiv>
                    <Unicode>rung ist schlimmer als unbillig.Sie ist unver-</Unicode>
                </TextEquiv>
            </TextLine>
            <TextLine id="tr_1_tl_14" custom="readingOrder {index:13;}">
                <Coords points="387,2063 498,2102 904,2097 1077,2048 1488,2100 1896,2027 1983,2063 2366,2048 2415,2038 2417,1955 1836,1939 1761,1978 1364,1924 1227,1989 1162,1958 904,2014 591,1960 387,2014"/>
                <Baseline points="402,2061 503,2061 604,2058 705,2058 806,2055 907,2055 1008,2049 1109,2046 1210,2046 1311,2040 1412,2040 1513,2037 1614,2034 1715,2030 1816,2028 1917,2023 2018,2019 2119,2021 2220,2016 2321,2014 2422,2010"/>
                <TextEquiv>
                    <Unicode>schänt, denn der Unbeteiligte, der Zuschauer, for-</Unicode>
                </TextEquiv>
            </TextLine>
            <TextLine id="tr_1_tl_15" custom="readingOrder {index:14;}">
                <Coords points="382,2286 527,2311 602,2262 749,2288 1160,2239 1333,2283 1462,2231 1890,2278 2017,2224 2322,2236 2324,2094 2216,2087 1983,2159 1828,2131 1756,2172 1699,2133 1544,2180 1170,2133 604,2195 387,2149"/>
                <Baseline points="399,2252 495,2252 591,2250 688,2248 784,2246 881,2244 977,2243 1073,2240 1170,2237 1266,2234 1363,2231 1459,2229 1555,2227 1652,2222 1748,2222 1845,2218 1941,2213 2037,2216 2134,2210 2230,2207 2327,2207"/>
                <TextEquiv>
                    <Unicode>dert ein solches Opfer, von dem er pereönlich</Unicode>
                </TextEquiv>
            </TextLine>
            <TextLine id="tr_1_tl_16" custom="readingOrder {index:15;}">
                <Coords points="405,2428 966,2373 1067,2404 1531,2376 1637,2430 2118,2358 2433,2384 2435,2244 2373,2231 2249,2267 2076,2229 1950,2280 1521,2236 1382,2311 1245,2257 1020,2304 408,2319"/>
                <Baseline points="420,2395 520,2383 621,2379 722,2379 823,2377 924,2371 1025,2369 1125,2368 1226,2365 1327,2362 1428,2361 1529,2356 1630,2350 1731,2348 1831,2346 1932,2346 2033,2344 2134,2344 2235,2340 2336,2336 2437,2330"/>
                <TextEquiv>
                    <Unicode>nicht einnal den geringeten Vortell hat,gleich-</Unicode>
                </TextEquiv>
            </TextLine>
            <TextLine id="tr_1_tl_17" custom="readingOrder {index:16;}">
                <Coords points="398,2585 597,2510 824,2552 1183,2492 1457,2526 1513,2490 2105,2479 2169,2518 2451,2479 2453,2417 2208,2368 1942,2417 1723,2391 1640,2433 400,2440"/>
                <Baseline points="411,2514 513,2513 615,2507 718,2509 820,2503 922,2503 1025,2500 1127,2494 1229,2494 1332,2491 1434,2488 1536,2485 1639,2483 1741,2482 1843,2478 1946,2476 2048,2470 2150,2473 2253,2472 2355,2468 2458,2467"/>
                <TextEquiv>
                    <Unicode>san nur zu seiner äethetischen Befrledigung,was</Unicode>
                </TextEquiv>
            </TextLine>
            <TextLine id="tr_1_tl_18" custom="readingOrder {index:17;}">
                <Coords points="400,2663 475,2691 615,2642 728,2678 888,2639 989,2699 1183,2642 2471,2606 2471,2541 2340,2508 1880,2544 1684,2487 1082,2513 994,2557 868,2533 726,2588 403,2570"/>
                <Baseline points="414,2643 517,2643 620,2638 723,2637 827,2634 930,2631 1033,2628 1136,2625 1240,2623 1343,2617 1446,2616 1549,2613 1653,2611 1756,2607 1859,2607 1962,2606 2066,2602 2169,2601 2272,2594 2375,2592 2479,2586"/>
                <TextEquiv>
                    <Unicode>doch in diesen Fall ein stuas kosterieliges Ver-</Unicode>
                </TextEquiv>
            </TextLine>
            <TextLine id="tr_1_tl_19" custom="readingOrder {index:18;}">
                <Coords points="403,2794 604,2818 795,2779 909,2833 1082,2756 1224,2794 1348,2750 1823,2794 1890,2740 2257,2732 2482,2787 2484,2650 2443,2632 1836,2688 1679,2647 1441,2681 1286,2634 1198,2688 1110,2650 883,2706 615,2642 408,2688"/>
                <Baseline points="420,2777 523,2771 626,2767 729,2765 833,2765 936,2761 1039,2756 1142,2753 1246,2750 1349,2747 1452,2747 1555,2744 1659,2741 1762,2738 1865,2732 1968,2729 2072,2729 2175,2726 2278,2723 2381,2721 2485,2720"/>
                <TextEquiv>
                    <Unicode>gnügen ist, nur eben eines auf frende Kosten.Aber</Unicode>
                </TextEquiv>
            </TextLine>
            <TextLine id="tr_1_tl_20" custom="readingOrder {index:19;}">
                <Coords points="405,2936 935,2903 1077,2954 1836,2869 2043,2903 2412,2872 2415,2774 1983,2768 1883,2818 1795,2784 1449,2810 1382,2774 1291,2818 904,2836 759,2787 633,2833 408,2802"/>
                <Baseline points="420,2896 525,2899 630,2896 735,2896 840,2893 946,2890 1051,2886 1156,2882 1261,2881 1366,2875 1472,2873 1577,2872 1682,2867 1787,2861 1892,2863 1998,2859 2103,2858 2208,2854 2313,2852 2419,2852"/>
                <TextEquiv>
                    <Unicode>tatsächlich stelt das Publikun der Kirklichkeit</Unicode>
                </TextEquiv>
            </TextLine>
            <TextLine id="tr_1_tl_21" custom="readingOrder {index:20;}">
                <Coords points="424,3120 591,3068 865,3104 961,3063 1056,3112 1265,3042 1415,3084 1622,3009 2112,3086 2293,3042 2381,3086 2477,3050 2482,2918 2293,2941 2012,2887 1655,2949 1467,2905 1364,2954 1154,2918 1028,2972 597,2985 550,2941 429,2939"/>
                <Baseline points="441,3046 543,3043 645,3040 747,3039 849,3033 951,3029 1053,3022 1155,3019 1257,3021 1359,3013 1461,3012 1563,3007 1665,3005 1767,3001 1869,2992 1971,2992 2073,2992 2175,2989 2277,2985 2379,2981 2482,2977"/>
                <TextEquiv>
                    <Unicode>in allgeneinen mit viel etrengeren dethetlschen</Unicode>
                </TextEquiv>
            </TextLine>
            <TextEquiv>
                <Unicode></Unicode>
            </TextEquiv>
        </TextRegion>
    </Page>
</PcGts>
