2936 3608
2420 146 2623 239 1511
437 690 2493 885 Eine beliebte und oft genug die letzte Ausfluch
409 828 2376 1002 von Menschen, die überall versagt haben, bleibt
401 953 2496 1163 die,dass es überhaupt nicht auf die leistung ar
403 1098 2152 1239 käme, sondern nur auf die Pereönlichkeit.
419 1197 2418 1413 In einen gerlegen Sinn ist das geytes richtig.
406 1338 2462 1517 nur vergiest man, dass die Leistung mit der Per-
416 1478 2428 1655 sönlichkeit in einem untrehhbaren Zusanmenhang
1694 1588 1887 1668 unter
2220 1564 2657 1676 nrbtud
414 1595 2462 1767 stoht, ja dass es nicht ganz leicht ist, die Per-
414 1741 2431 1913 sönlichkeit zu beurtellen oder auch nur zu er-
414 1866 2470 2038 kemen, ohne die leistung mit in Betracht zu zie
403 2014 614 2217 non.
