2904 3608
299 573 524 702 Irea
426 658 2438 864 Die Besten innerhalb eines standes sind keines
415 820 2211 983 wegs die, die das Wesen dieses Standes am
431 913 2469 1109 reinsten repräsentieren, sondern die jenigen, wel-
475 1047 2479 1233 ehe sich über seine Vorurteile an höchsten er-
426 1176 2214 1367 hohen haben. Daher beteht die eigentliche
439 1272 2436 1484 standesehre nur darinrecht zu handeln, selbst
433 1427 2510 1618 auf die gefahr hin,dass einzelne Standesgenosee
441 1574 2466 1772 oder der ganze Stand verletzt, ja selbst auf die
1718 1680 2067 1765 uevorente
475 1739 2423 1868 Gefahr hin,dass der Sinn,diesdee dieses Stan-
983 1809 2286 1930 in drerpoleelt wei weilthe nnzeobe
439 1878 1607 2023 des damit (aufgeheben wurd.
