2808 3384
2274 240 2511 386 1960
637 383 2533 587 Es gehört zu den übeln Methoden der Polenik,
582 549 2506 714 dass man schon dem Wort, das den Fegpner ein-
642 661 2432 865 fach bexiehnen sollte, einen Nebenton von
652 788 2427 963 verachtung leiht. So klingt z.B. das Wort
604 908 2423 1097 Rational ist geradego wie das Nort Uystiker
611 1045 2506 1220 ohneweiters als Schnähwort je nachdem es der
606 1165 2483 1332 Mystikor oder der pationalist in der Diskue-
613 1318 1229 1490 ston anwendet.
647 1409 2490 1610 der Mystiker hat insofern genies Recht ale
609 1567 2356 1764 es tatsächlich hinge zwischen kinnel und
654 1680 2490 1881 Erde, ja auf der Erde selbst gibt, von den-
664 1816 2487 2008 unsere Schulweisheit nichts träumt.Aber er-
625 1970 2449 2140 hat Anrecht sich über die Leute erhaben zu
657 2085 2399 2250 dunken, die sich, so meit og oben möglich,
635 2202 2415 2382 ihrer Vernunft bedienen,um eben zu erfor-
618 2332 2363 2523 sche, was eben noch erforsehbar ist oder
666 2492 1026 2653 scheint.
666 2566 2423 2756 der pationalist hat gerles Rocht,wenn er
676 2705 2526 2926 auf das Rostbare, ja in diesen Fall einzige
685 2842 2490 3010 Hilfgrittel der Vernunft nicht früher ver-
678 2979 2430 3149 richtet als es eben versagt. Aber er soll
