2968 3624
2258 292 2465 472 1a
425 604 2440 924 Mancho leute, Frauen besanders, bilden sich ein-
442 764 2413 994 durch irgend einen Schlcksalsschleg alde Plad
460 882 2408 1096 ben bekehrt worden zu soin. Der Tod, eines ge
467 1011 2450 1234 Wotten vongehen, calton, Sohnobtr. Kier le or-
472 1114 2290 1431 eton rugenblick isinnlos orachten, Sthötli
485 1241 2408 1553 für sie, so sagen sie, in laufe ihres roitoren
482 1374 2323 1631 lebens irgendnte einen sinn, wenn sie sich
485 1506 2465 1743 auch nanchnal nicht weiter durchringen können.
537 1638 2380 1953 als zu der neberzougune, dass es abch einen
1553 1801 1768 1891 node
509 1773 2470 2078 sinn gehabt haben aussdzwell oben alles einen
1321 1951 1459 2035 dei
512 1906 2460 2203 einn haben aueso sdangt wäre es oben stuntor-
532 2050 2443 2310 in dieson Gleuben behaupten sie dann oinen
524 2170 2448 2448 vrntordaroa erggt dn Einton, dad dieser srort
537 2270 2532 2585 onseinden eiosuaso runderbaror, so wehr ihr lo¬
557 2400 2278 2700 von einen neuen inhalt bekonnen hat, sol
569 2535 2485 2820 duret eine lebert, durch eine Tätigkoitsouret
587 2667 2535 2907 irgend eine neue beglückende gezlehung, bnd zu
617 2772 2517 3049 dieger ratlekelt, zu dieser Beriohahe häro or
627 2940 2433 3164 nicht gekommen fwahrscheinlich) wenn eben
637 3024 2500 3334 nicht ihre Fristenz durch jenen Schlcksale
