2968 3592
574 289 714 475 A.
467 469 2506 688 Hat man zu einem Gegenstand, zu einer Frage, zu
477 623 2550 816 einem Menschen nur eine intellektuelle, verstan-
472 759 2480 928 desmässige Beziehung, so hät man keine. Denn ge-
475 884 2375 1064 rade das lutellektuelle ist relativ; es ist
469 1030 2555 1197 durch neue Erfahrungen etc. Veränderungen unter-
454 1147 2456 1314 worfen. Nur auf die gefühlsmässigen Beziehun-
475 1280 2495 1458 gen kommt es an; sie sind düe reichern und die
448 1392 2542 1572 wahrern. Ihre Motive liegen im Unbewussten, viel-
448 1507 983 1716 mehr in Vere
1035 1531 2125 1729 ssenem, Zusamnengefasstem.
