2968 3624
426 426 873 660 Hed
487 577 2451 815 schlag in irgend einen zugenblick loer sinn-
464 768 1269 928 los geworden wäre.
723 833 2461 1064 In Mahrhait verhält eo sich aber so,dass
457 971 2459 1187 ihr Schmerz über den verlust, den sie erlitten,
474 1116 2396 1315 nach allgemeine menschlichen gesetzen allmäh
487 1242 2496 1458 lich abgeklungen iat,dass ihr leben ihr Liebes-
489 1352 2265 1578 trieb neu ernachf, und aus der unbewügsten
484 1480 2411 1681 Sckam sich die Vergänglichkeit eines Gefühle
494 1616 2471 1806 einzugestohen, dass sie für enig hielten, fluch-
497 1754 2366 1927 ten sie sich in den Mahn,dase lhnen nunnder
502 1869 2386 2077 thefo sinn ihres traglschen Erlebniesos auf-
507 1979 2366 2228 gegangen sel Denn es würde lhron stolz,ihre
507 2117 2391 2331 Eltelkeit befelltgen, wenn eie etntact einge
509 2243 2398 2469 hen wüssten, dass ihr gefühl in irgend einen
529 2346 2521 2592 zugenblick einfsch durch die Tatrache, dare das
527 2501 2541 2694 objekt dieses Gefuhle nicht mehr auf Erden man
575 2622 2501 2822 zun allnählichen Kinschminden verurtellt war
