2728 3336
275 184 434 365 Rit
506 454 2394 635 Ob es Nahrheiten in höchsten Sinne gibt ist.
533 593 2412 767 fraglich. Ueberzzugungen gibt es jedenfalls.
521 715 2377 849 Diese aber sind von sehr verschiedem Range.
521 841 2447 983 Am höchsten und nach unserem menschlichen Er
511 960 2392 1131 vossson identisch mit Wahrheit sind wohl nur
511 1087 2389 1243 die mathematischen Ueberzeggungen. Ihnen fol-
511 1208 2469 1350 gen die ehkischen, die aber schon nach Rassen-
529 1327 2357 1486 und verschiodenen anderen-Unterschieden und
533 1449 2407 1600 gleich sind,Es folgen dann die historischen,
526 1573 2365 1739 dann die politischen Heberzeugungen, die ei-
521 1702 2332 1868 gentlich, wenn nicht parteigenössische Vor-
519 1841 2375 1983 blendung vorliegt, mit den ethischen gleich-
519 1953 2449 2124 wertig sein müssten. Die sogenannten religit
524 2089 2270 2243 sen Ueberzeugungen aber, someit sie nicht
524 2196 2367 2367 mit den philosophischen zusammenfallen, son-
514 2325 2509 2511 dem dognatischer Natur sind,bilden den Ueber-
506 2459 2255 2647 gang zu den fixen ldeen, den Monomanieen.
