2920 3608
99 200 233 328 11
506 263 772 487 Ret
660 493 2549 780 Ee ist eine meist, borueste Bnaufrichtiekelt
662 704 2601 923 die Nognen der Kirohe mit den Doguen der Mis
654 819 2584 1021 denschaft selbet wen diese weifelhaft sein
652 958 2352 1142 sollten, auf eine Shufe zu stöllen. Was
635 1079 909 1152 selbst
515 1090 2713 1287 zusrocht- als rieseresththeg
627 1215 2554 1432 Dogna gilt, verdenkt seinen Rang in Joden Fal-
610 1341 2543 1582 le dauzgutenzKElanzderakerknektugt dexEEEEE
602 1462 2538 1662 eehangestateexxx der Ehrlichkelt und der Mr
589 1580 2376 1796 he von Denken und Forschern und der Rach-
578 1692 2705 1979 prüfenden Beebechtung von Kunderttausenden Besbact
564 1826 2321 2039 Das kircliche Dogma ist Um besten Falle
567 1960 2445 2198 die gutgläubige Behauptung eines Visionäre;
851 2059 1330 2163 d. milthelich
556 2097 2376 2313 an die zu glauben Kudderttausendeloft nur)
537 2201 2119 2456 durch Torrbrienusfgernungen werden.-
