2952 3608
654 458 2622 667 Was hilft pädagogisches Talent ohne Menschen-
652 592 2500 798 liebe? Was hilft Güte, wenn sie mit zu viel
980 714 1266 796 sankeil
647 714 2612 898 Empfindlickkeit (in der gleichen Seeld vereint
1644 843 2112 933 mir ie edele
644 841 2567 1052 istz Mit irgend einer sehr hehen Eigenschaft
634 990 2527 1194 an sich ist nichts getan, Und das Schlimmste
629 1109 2627 1289 ist, dass die jenigen, in welchen eine von diesen
1853 1234 2020 1331 nach
632 1239 2560 1410 heken figenschaften, also z.B. erzieherisches
629 1376 2507 1542 Talent oder Seelengüte in hohem Masse vor-
622 1502 2619 1672 handen sind, sieh andee Eigenschaften ab -oder
622 1617 2582 1806 vielmehr anzuzwingen suchen,die ihnen von der
614 1754 2537 1940 Natur nicht gegeben sind, auf welcheseelenar-
604 1848 2500 2057 bott sie so viel kraft verschwenden müssen,
604 2022 2552 2196 dass ihnen für die Betätigung der ihnen ange-
1114 2122 1627 2204 evil Eipmto
604 2137 2500 2346 borenen haben toötiochet rtgensehaft nichts
604 2279 1405 2495 mohr übrig bleibt.
