2840 3416
214 266 604 484 Sigil 1ber
2308 160 2601 343 1924
620 395 2470 597 Die ingst ist der einzige seelenzustand, der
1471 543 1685 620 weisend
660 545 2550 731 koines ihn bewussten abjektes bedarf, auf das
623 677 1330 841 er sich bezieht.
658 728 2423 992 Beneis-Todegangst des Plers.Das Pler hat
627 912 2486 1093 keine Vorstellung, keinen gegriff vom Nicht-
667 1048 2489 1217 sein;so wenig wie das rind und doch hat es
637 1156 2381 1356 die Angst vor dem Nieht-sein: Wicht nur
649 1276 2505 1490 vor dem Schwerz des Sterbensidenn die ingst
651 1398 2524 1624 Ist schon vorhänden, auch wo keinerlei Erfah-
686 1535 2348 1734 rung über die Begleiterscheinungen des
696 1706 1535 1887 storbens vorliegt).
696 1826 2505 2007 Die zelle schon reagiert gegen die Gefahr.
707 1955 2524 2162 1Gefahr heisst inver.vöglichkeit, wenn auch
705 2120 2000 2272 entfernteste, der Vernichtung).
703 2209 2540 2402 das sich Rot stellen bei insekten: Bin ich
707 2317 2486 2531 tot,so bestoht für dich, Mensch, keine Not-
670 2449 2475 2653 wendigkeit mehr nich zu töten. Rodurch un-
677 2566 2564 2804 terscheidet sich ein solcher angeblicher In-
717 2684 2496 2952 sbinkt von einen nirktichen Gedankengangs
