2808 3384
518 201 746 387 Seru
354 441 2186 635 Die Behauptung, dass es ein Gesetz de Serle
407 573 2119 751 gäbe, d.h. dass gewisse gleichartige oder
404 679 2328 885 ähnliche Freigniese sich im Allgemeinen häu-
392 808 2320 991 Eiger wiöderholen als es nach dem Gegetz der
402 959 2258 1118 Wahrscheinlichkeit zu erwarten wäre, beruht
407 1071 2335 1257 zum Tell auf Beobachtungs-, zum Teil auf Denk-
419 1202 2347 1388 fehlern, die ihrerseits dem Bedürfnie, vieler,
399 1339 2273 1519 Menechen entstammen, sich selbst intoressan-
2077 1433 2263 1497 ide
409 1470 2288 1648 ter und das Leben-geheimnisvoller zu nechen.
382 1619 1663 1787 etoestot. Aiiud
2060 1708 2526 1876 en guai Alaben
726 1757 1272 1901 Fatte Miederholige
2303 1814 2518 1971 frr
409 1824 2325 2008 Duplizität der Fälle oder gar serlenfallen
407 1963 2280 2142 uns begreiflicherweise auf. Wir behalten sie
384 2097 2300 2268 treuer im Gedächtnis und sprechen lieber von
424 2218 2417 2385 ihned als von den unzähligen Einzelerlebniegen
1024 2345 1378 2427 bet. iel
595 2360 786 2437 duge
407 2360 2342 2541 kleinorar und gebeserer Art, aus denen unseee
468 2504 1215 2692 Kxistenz besteht.
243 2593 2166 2801 Alu Fur jodo, Duplirirtt und jedo sortonfolge
382 2729 2261 2903 lässt sich stets eine vollkonnen natürliche
431 2858 1990 3056 Erklärung finden, - unt. de Auatie
944 2962 2461 3165 sense accut ust et trlasetusti
