2920 3608
380 375 533 540 Ser
273 1100 533 1176 ie
2398 134 2597 273 15c1
531 521 2410 722 Die Spozies Mensch wirkt unso erträglicher,
538 648 2370 830 auf eine jo geringere Anzahl unserer Stöne
538 794 2336 961 sie wirkt. In der Entfernung AlrrGruppgals
524 913 2212 1088 Bild, als Farbenflock uftanx kann eine
1518 1033 2188 1165 geertreulich se
540 1191 2255 1365 also als Reiz auf den Schnerv), die, wenn
536 1286 2458 1463 wir näher kommen, uns durch die Stimmen, durch
533 1416 2377 1602 die Ausdünstung beleidigt oder orschreckt.
