2920 3608
435 482 2322 698 Wirgends ist. die Spannung zwischen Idee und
432 643 2258 795 Wirklichkeit so ungeheuer, wie zwischen der
442 770 2119 936 Idee Staat und der Wirklichkeit Staat.
427 969 2392 1135 Die tiefe Irworalität des Staates besteht vor-
735 1063 1602 1135 en
442 1103 2355 1264 allen darin;dass er es seinen Bearten und Be-
437 1222 2389 1388 soldeten nicht nur leicht mecht, sie nicht nur
427 1306 2340 1458 erwutigt, sondern Ihnen unter Urständen sogat
422 1443 2422 1607 nötigt ihre angeborenen, allgemein-menschlichen
425 1567 2404 1719 minderen Eigenschaften: leichtfertigkeit, Miss
432 1699 2374 1858 trauen, Machtdünkel, Weid; Rachsucht ungestraft,
440 1821 2258 1970 ja galdectuttion mit Aussicht auf Belohnung
427 1992 2382 2134 walten zu lassen.Und der Staat stellt sich -
427 2084 2250 2253 an, jasorklärt eg als Dogme, dass der Beamte
628 2203 1155 2290 in heren Fell
435 2223 2290 2374 nicht nur a priari der Anständigere, ja dass
782 2327 909 2369 Si
502 2327 1220 2424 din kot ermub
425 2355 2295 2501 er der gerechtere und höhere Mensch sei.Und
1396 2454 1632 2531 dem
427 2474 2394 2663 sohon ein zweifel an aeler Anbestechlichkeit,
432 2610 2404 2754 an getner Rechtsgefühl, an seiner Neidlosigkeit
435 2727 2365 2904 bedeutet eine Beleidigung, die der ihndung un-
1428 2836 2193 2985 t der Steat gerade
425 2864 1356 3003 terliegt..Dabei benöt,
1423 2854 2392 3067 genschaften, un sich zu
700 2968 1314 3060 en allgemeinen.
512 2978 671 3053 üb
474 3040 1878 3187 einer Nacht behaupten zu können.
