2968 3624
392 511 1041 682 Popper-Lynkeus.
392 530 2290 793 nen die Macht gegeben is, in deren Hände die
392 719 1450 920 Entscheidung gelegt ist.
228 778 2226 1024 Und noch, ja de Moiterentricklung der Menschheit
397 917 2283 1160 wäre (absolat fundenkbar und sie stände heute.
402 1031 2298 1279 un Jahrhinzerte zurück)wenn niemals noch ir-
1839 1138 2092 1225 ireder
411 1138 2365 1433 gend ein wönschliches Individuum ungetregt, so
429 1368 1259 1515 opfert worden wäre.
429 1430 2214 1661 leider aber ist die Verantwortung, die die
439 1537 2340 1785 opferer auf sich nehmen, nur akadewischer Ma-
451 1760 649 1928 tur.
444 1780 2377 2045 weist ist es die Goschichte erst, die das end-
466 1919 2372 2166 gültige Urteil über die Missbraucher der Ver-
461 2067 2399 2308 antwortlichkeit ausspricht und dann haben sie
464 2186 2427 2422 sich längstden Richterspruch in die Erigkeit
578 2362 868 2447 juereile
471 2278 2214 2578 undlacht auch sy die Onsterblichkeit e
2476 1118 2749 1234 do h
2414 2223 2598 2412 aler
