2968 3624
190 844 419 1119 Ansen
417 419 1073 656 Eoppor-Esäkous
430 610 2310 805 für künftige, noch ungeborene Menschen)aufge-
417 774 1047 921 opfe rt werden.
445 831 2452 1075 zweifellos gibt es (wirklichsldeen, die das Opfer
427 1021 2341 1183 lvon Menschenleben wert sind, indem es ja eben
422 1124 2428 1309 der Sinn de ser ldee ist andereiwenn auch künf-
430 1261 2416 1441 tige Menschenleben zu erhalten oder (wenigstens
424 1381 2380 1580 die Lebensgefahren zu vermindern oder) das le-
422 1507 2387 1685 ben dieser künftigen Menschätflebenswerter zu
409 1649 1911 1816 machen als es das der jetzigen ist
417 1739 2385 1940 Aber wie bestömmen, ob diese künftigen Fristen-
422 1893 2364 2086 zen wertvoller sind als die gegenwärtigen,die
404 2009 1124 2181 geöpfert worden?
394 2127 2418 2313 Redeutet es schon einen grösseren Wert,dass es
412 2266 2444 2452 sich in jedem Fall, wenigstens der Absicht nach.
414 2380 2421 2572 um eine grösere Anzahl von Menschen handelt,de
406 2526 2326 2696 ren Leben lebenswerter gemacht und gesichert
412 2668 939 2817 worden solli
396 2760 2464 2956 Und wer hat das Recht die Entscheidungensu tref
399 2940 605 3056 fen?
394 3012 2387 3231 coniss in den ed tensten Fällen diejenigentde-
