<?xml version="1.0" encoding="UTF-8" standalone="yes"?>
<PcGts xmlns="http://schema.primaresearch.org/PAGE/gts/pagecontent/2013-07-15" xmlns:xsi="http://www.w3.org/2001/XMLSchema-instance" xsi:schemaLocation="http://schema.primaresearch.org/PAGE/gts/pagecontent/2013-07-15 http://schema.primaresearch.org/PAGE/gts/pagecontent/2013-07-15/pagecontent.xsd">
    <Metadata>
        <Creator>prov=READ-COOP:name=PyLaia@TranskribusPlatform:version=2.7.0:model_id=50870:lm=none:date=22_01_2024_21:46</Creator>
        <Created>2023-09-27T14:43:04.493+02:00</Created>
        <LastChange>2024-01-22T21:46:26.617+01:00</LastChange>
        <TranskribusMetadata docId="1589072" pageId="60127480" pageNr="79" tsid="145643640" status="IN_PROGRESS" userId="40391" imgUrl="https://files.transkribus.eu/Get?id=VELALPCFEUUVLTQUDVDGAPQX&amp;fileType=view" xmlUrl="https://files.transkribus.eu/Get?id=FHBEGVCSWVJPMCJIGAVREEKH" imageId="48552557"/>
    </Metadata>
    <Page imageFilename="1589072_0079.jpg" imageWidth="2952" imageHeight="3592">
        <ReadingOrder>
            <OrderedGroup id="ro_1711786947951" caption="Regions reading order">
                <RegionRefIndexed index="0" regionRef="tr_1"/>
            </OrderedGroup>
        </ReadingOrder>
        <TextRegion orientation="0.0" id="tr_1" custom="readingOrder {index:0;}">
            <Coords points="322,317 322,2613 2464,2613 2464,317"/>
            <TextLine id="tr_1_tl_1" custom="readingOrder {index:0;}">
                <Coords points="309,425 420,454 483,413 587,410 765,456 852,403 985,410 994,258 900,229 751,302 690,287 620,316 553,290 316,297"/>
                <Baseline points="322,426 355,424 389,420 422,415 456,408 489,404 523,402 556,402 590,402 623,402 657,399 691,396 724,396 758,391 791,390 825,390 858,390 892,383 925,380 959,378 993,378"/>
                <TextEquiv>
                    <Unicode>Stit. Sope Lynter</Unicode>
                </TextEquiv>
            </TextLine>
            <TextLine id="tr_1_tl_2" custom="readingOrder {index:1;}">
                <Coords points="512,676 1569,717 1885,632 2298,649 2334,570 2047,480 1813,546 1511,519 1410,560 1335,517 1118,579 514,555"/>
                <Baseline points="525,662 615,660 706,659 796,654 887,653 978,651 1068,644 1159,642 1250,641 1340,638 1431,636 1522,632 1612,629 1703,627 1794,623 1884,620 1975,617 2066,614 2156,614 2247,611 2338,614"/>
                <TextEquiv>
                    <Unicode>Aus Habek, Ethik des Sozlalisaus (Zoitschr.</Unicode>
                </TextEquiv>
            </TextLine>
            <TextLine id="tr_1_tl_3" custom="readingOrder {index:2;}">
                <Coords points="519,828 1096,852 1569,765 1859,768 1861,700 1711,669 1571,714 1130,690 1050,736 1004,695 524,707"/>
                <Baseline points="534,787 600,787 667,784 733,786 800,787 867,787 933,783 1000,778 1067,775 1133,773 1200,772 1267,769 1333,766 1400,761 1467,760 1533,760 1600,757 1667,754 1733,754 1800,756 1867,754"/>
                <TextEquiv>
                    <Unicode>für Allg. Nährpfl. Oktober 1925).</Unicode>
                </TextEquiv>
            </TextLine>
            <TextLine id="tr_1_tl_4" custom="readingOrder {index:3;}">
                <Coords points="517,965 671,982 850,908 978,932 1014,900 2315,903 2317,794 2143,748 1953,775 1917,736 1757,794 1530,775 1096,850 729,869 519,830"/>
                <Baseline points="531,915 620,912 710,912 799,912 889,906 978,903 1068,900 1157,897 1247,895 1336,892 1426,889 1515,889 1605,883 1694,883 1784,877 1873,874 1963,868 2052,868 2142,868 2231,862 2321,868"/>
                <TextEquiv>
                    <Unicode>Was also ist das Wesen der sozialen Idee?</Unicode>
                </TextEquiv>
            </TextLine>
            <TextLine id="tr_1_tl_5" custom="readingOrder {index:4;}">
                <Coords points="517,1077 1021,1110 1477,1016 2127,1028 2242,997 2245,939 1687,883 1412,970 1139,900 932,990 519,994"/>
                <Baseline points="531,1038 616,1038 702,1038 788,1035 874,1035 960,1031 1046,1026 1132,1023 1218,1023 1304,1020 1390,1015 1475,1012 1561,1009 1647,1008 1733,1007 1819,1004 1905,999 1991,998 2077,996 2163,996 2249,990"/>
                <TextEquiv>
                    <Unicode>nie Ad ligkeit und Unverletzlichkeit des</Unicode>
                </TextEquiv>
            </TextLine>
            <TextLine id="tr_1_tl_6" custom="readingOrder {index:5;}">
                <Coords points="521,1185 714,1226 871,1178 1021,1224 1212,1154 1610,1139 1690,1175 1962,1130 2003,1166 2177,1130 2182,1050 1868,1038 1825,1072 1554,1021 1062,1125 524,1105"/>
                <Baseline points="537,1175 619,1166 701,1166 784,1163 866,1160 949,1159 1031,1157 1114,1157 1196,1154 1279,1151 1361,1145 1443,1142 1526,1139 1608,1139 1691,1136 1773,1133 1856,1130 1938,1128 2021,1123 2103,1121 2186,1118"/>
                <TextEquiv>
                    <Unicode>Ind ividuums. Am radikalsten formuliert</Unicode>
                </TextEquiv>
            </TextLine>
            <TextLine id="tr_1_tl_7" custom="readingOrder {index:6;}">
                <Coords points="509,1344 695,1369 804,1303 968,1287 2291,1272 2421,1258 2426,1161 2165,1130 1653,1219 512,1224"/>
                <Baseline points="522,1300 617,1297 712,1294 807,1294 903,1291 998,1285 1093,1282 1189,1278 1284,1276 1379,1273 1475,1268 1570,1266 1665,1261 1760,1261 1856,1256 1951,1252 2046,1250 2142,1247 2237,1244 2332,1241 2428,1241"/>
                <TextEquiv>
                    <Unicode>dies Popper-Lynkeus mit den bekannten Norten</Unicode>
                </TextEquiv>
            </TextLine>
            <TextLine id="tr_1_tl_8" custom="readingOrder {index:7;}">
                <Coords points="533,1470 678,1434 970,1484 1366,1402 2180,1373 2380,1434 2382,1328 2223,1306 1564,1357 1031,1337 770,1381 538,1344"/>
                <Baseline points="548,1429 640,1423 732,1420 824,1417 916,1417 1008,1414 1100,1413 1192,1408 1284,1407 1376,1402 1468,1399 1560,1395 1652,1393 1744,1390 1836,1385 1928,1382 2020,1381 2112,1376 2204,1372 2296,1369 2389,1369"/>
                <TextEquiv>
                    <Unicode>„Wenn irgend ein,selbst noch so unbedeuten-</Unicode>
                </TextEquiv>
            </TextLine>
            <TextLine id="tr_1_tl_9" custom="readingOrder {index:8;}">
                <Coords points="538,1574 799,1600 934,1557 1033,1595 1441,1525 1617,1552 2397,1506 2399,1434 2141,1460 1919,1414 1726,1470 1651,1434 1335,1489 881,1455 654,1509 541,1475"/>
                <Baseline points="551,1551 643,1551 736,1549 828,1546 921,1539 1014,1539 1106,1536 1199,1536 1292,1533 1384,1526 1477,1525 1570,1521 1662,1521 1755,1517 1848,1513 1940,1509 2033,1507 2126,1504 2218,1497 2311,1500 2404,1500"/>
                <TextEquiv>
                    <Unicode>des Individuum, das ke ines anderen Leben mit</Unicode>
                </TextEquiv>
            </TextLine>
            <TextLine id="tr_1_tl_10" custom="readingOrder {index:9;}">
                <Coords points="521,1716 929,1735 1279,1658 1854,1682 1914,1641 2438,1634 2462,1509 2312,1564 2093,1525 1938,1581 1646,1533 1523,1610 524,1600"/>
                <Baseline points="534,1679 630,1679 727,1676 823,1673 920,1671 1016,1668 1113,1665 1209,1661 1306,1658 1402,1654 1499,1652 1595,1646 1692,1649 1788,1646 1885,1640 1981,1636 2078,1633 2174,1631 2271,1626 2367,1625 2464,1622"/>
                <TextEquiv>
                    <Unicode>Absicht gefährdet ohne oder gar wider seinen</Unicode>
                </TextEquiv>
            </TextLine>
            <TextLine id="tr_1_tl_11" custom="readingOrder {index:10;}">
                <Coords points="526,1871 739,1834 932,1875 1400,1789 1743,1830 2105,1764 2440,1774 2440,1699 2250,1646 1890,1692 1711,1668 1506,1735 1154,1694 978,1757 531,1721"/>
                <Baseline points="542,1810 637,1808 732,1805 827,1801 922,1798 1018,1795 1113,1792 1208,1789 1303,1789 1398,1784 1494,1784 1589,1775 1684,1775 1779,1772 1874,1769 1970,1766 2065,1766 2160,1762 2255,1759 2350,1754 2446,1757"/>
                <TextEquiv>
                    <Unicode>Willen aus der Helt verschmindet, so ist das</Unicode>
                </TextEquiv>
            </TextLine>
            <TextLine id="tr_1_tl_12" custom="readingOrder {index:11;}">
                <Coords points="538,1994 777,1960 1007,1987 1192,1926 1277,1953 1542,1907 2397,1921 2382,1798 2018,1851 1395,1827 1077,1890 821,1839 541,1859"/>
                <Baseline points="551,1933 643,1933 736,1934 828,1933 921,1930 1013,1927 1106,1924 1198,1921 1291,1917 1383,1913 1476,1911 1568,1908 1661,1906 1753,1903 1846,1900 1938,1895 2031,1894 2123,1892 2216,1891 2308,1885 2401,1888"/>
                <TextEquiv>
                    <Unicode>ein ungleich richtigeres Freignis als alle</Unicode>
                </TextEquiv>
            </TextLine>
            <TextLine id="tr_1_tl_13" custom="readingOrder {index:12;}">
                <Coords points="536,2119 1204,2107 1315,2047 1400,2083 1721,2032 2373,2049 2375,1936 2206,1902 1987,1902 1752,1987 541,1996"/>
                <Baseline points="551,2073 642,2064 733,2063 824,2061 916,2055 1007,2052 1098,2051 1190,2049 1281,2044 1372,2041 1464,2038 1555,2036 1646,2034 1737,2031 1829,2028 1920,2023 2011,2020 2103,2019 2194,2016 2285,2013 2377,2001"/>
                <TextEquiv>
                    <Unicode>politischen, roliglösen oder nationalen Br-</Unicode>
                </TextEquiv>
            </TextLine>
            <TextLine id="tr_1_tl_14" custom="readingOrder {index:13;}">
                <Coords points="536,2197 982,2240 1038,2209 1431,2233 1511,2180 1719,2160 2230,2160 2344,2197 2373,2052 1900,2035 1735,2119 538,2127"/>
                <Baseline points="548,2192 639,2195 730,2192 822,2188 913,2183 1005,2182 1096,2180 1188,2177 1279,2177 1371,2171 1462,2168 1553,2165 1645,2160 1736,2159 1828,2156 1919,2154 2011,2154 2102,2149 2194,2145 2285,2142 2377,2136"/>
                <TextEquiv>
                    <Unicode>eignisse und als säumtliche wissenschaftli-</Unicode>
                </TextEquiv>
            </TextLine>
            <TextLine id="tr_1_tl_15" custom="readingOrder {index:14;}">
                <Coords points="536,2332 714,2392 806,2358 956,2390 1600,2293 1982,2320 2131,2276 2308,2312 2351,2295 2356,2177 1895,2163 1682,2240 1243,2252 1043,2209 924,2254 818,2218 536,2264"/>
                <Baseline points="548,2327 638,2324 729,2321 819,2318 910,2315 1000,2312 1091,2307 1181,2306 1272,2303 1362,2298 1453,2297 1544,2294 1634,2291 1725,2288 1815,2285 1906,2282 1996,2279 2087,2276 2177,2273 2268,2273 2359,2276"/>
                <TextEquiv>
                    <Unicode>chen, künstlerischen und technischen Fort-</Unicode>
                </TextEquiv>
            </TextLine>
            <TextLine id="tr_1_tl_16" custom="readingOrder {index:15;}">
                <Coords points="538,2479 915,2462 1125,2515 1405,2467 1567,2515 1781,2419 2303,2416 2305,2308 2008,2344 1938,2291 1687,2365 1142,2339 958,2390 541,2397"/>
                <Baseline points="554,2455 641,2452 729,2446 816,2444 904,2440 992,2440 1079,2439 1167,2435 1254,2434 1342,2431 1430,2427 1517,2422 1605,2424 1692,2421 1780,2415 1868,2412 1955,2407 2043,2407 2130,2404 2218,2404 2306,2398"/>
                <TextEquiv>
                    <Unicode>schritte aller Jahrhunderte und Völker zu-</Unicode>
                </TextEquiv>
            </TextLine>
            <TextLine id="tr_1_tl_17" custom="readingOrder {index:16;}">
                <Coords points="548,2597 644,2614 719,2592 859,2643 970,2614 1038,2648 1127,2621 1250,2638 1253,2493 1120,2513 1069,2489 958,2530 830,2527 782,2491 700,2532 550,2515"/>
                <Baseline points="560,2583 594,2583 629,2580 664,2578 699,2577 734,2577 769,2577 804,2574 839,2576 874,2576 909,2573 943,2571 978,2571 1013,2571 1048,2570 1083,2568 1118,2565 1153,2565 1188,2566 1223,2569 1258,2571"/>
                <TextEquiv>
                    <Unicode>sanmengenomnen.</Unicode>
                </TextEquiv>
            </TextLine>
            <TextEquiv>
                <Unicode></Unicode>
            </TextEquiv>
        </TextRegion>
    </Page>
</PcGts>
