2952 3592
1955 497 2235 655 dor Br.
486 460 1780 746 Vobor de die Rollo dos Zaselie
486 692 698 859 rune.
483 788 2333 989 Wa findet z.B. (in ragebüchernoder Briefer
483 910 2305 1113 Porsonen, Begegnungen, Stimmungen aufgezeich
362 1023 2630 1226 Eohne dus Tagebu geGr
455 1186 2348 1364 Sie sind es auch jetzt. Dass man sich zu er
494 1288 2311 1523 innern glaubt ist meistens eine Selbsttäu-
494 1444 819 1596 sehung.
483 1511 2410 1763 An einen nötail kann sich die Frinnerung nei-
483 1695 1206 1867 ter emporranken.
480 1797 2410 2006 Manches Unbeträchtliche erhält sich dadurch,
492 1929 2294 2130 dass es aus irgend einem zufälligen Grund
506 2102 2283 2305 gleich an Tage darauf reproduziert wurde.
