2984 3624
323 466 613 668 11 Keg
2371 388 2661 552 1924
622 538 2526 762 nas Geheimnis menschlicher Beziehungen liegt
683 680 2499 878 in otwas Tloforem als in den eigenschaften
615 818 2509 1047 der Menschen Menn die Eigenschaften können
625 936 2507 1163 einander abstosgen-und die Beziehung findet
634 1076 2391 1267 doch statt; So liegt sogar tiefer als in
644 1185 2557 1411 der Porsönlichkeit, denn es können sich Sogar
642 1322 2357 1530 die Persönlichkeifgegenseitig ablehnen
649 1448 2591 1677 und die Beziehung bleibt bestehen. Das Geheim
659 1568 2581 1780 nis liegt einzig im Fros, hicht in Frotischen
695 1691 2523 1916 der daher als der oberste und wölteste Be-
680 1860 1551 2046 griff, zu gelten hat.
