2920 3592
210 525 364 682 sti
2304 325 2534 500 1920
341 620 2340 820 Ein richtiges und ein gerechtes Urteil, das ist
343 718 2386 946 noch lange nicht dasselbe. Richtigkeit aber ist
338 892 2273 1076 der höhere Begriff (so sonderbar das klingen
343 1053 2406 1184 mag). Das richtige urteil stützt sich auf dan ge-
341 1151 2404 1302 sunden Mens elie nverstand, das gerechte auf das Ge-
341 1284 2391 1407 setz, dessen Entstahung naturgemäss auch anderen
384 1386 2309 1566 Elementen als der Logik alle in seine Entste-
343 1540 971 1694 hung verdankt.
