2904 3592
2307 418 2516 572 Wer
379 826 2479 1019 Eo gibt, Leute, die eine Sache l채ngst im Geist zu fnde
384 930 2448 1129 gelebt haben, w채hrend sie (im raalen sinn) noch mitten
384 1082 2432 1278 darin stehen. Daher die ausserordentliche Langeweile
347 1215 2437 1379 der Ueberdruss, der diese raschf체hlanden Manschen er-
384 1353 2385 1526 fasst, die doch so langsm leben m체ssen wie die an-
376 1500 1954 1682 dern, und sie das Leben verachten macht.
