2952 3624
2441 119 2625 297 151
520 466 2478 654 Dankbarkeit ist etwas durchaus künstliches, in
528 590 2418 799 gewissen Sinne gegen die Natur-Undankbarkeit
533 716 2566 892 ist das Flementare.Darum sind Frauen und Kinder
533 864 2441 1024 im Tiefsten undankbar und spielen nur, oft im
2160 983 2622 1084 von Jugend
1386 991 2118 1120 ankharen, weil sie
776 1032 2767 1192 1    2 Srit 267139
225 1027 781 1216 K.Ere gba
533 1135 2542 1303 auf dazu angehalten wurden und weil die erlah-
535 1239 2436 1433 rung sie lehrt, dass es zu ihrem Vorteil ist.
551 1340 2628 1565 Das Volk, die Menschheit ist undankbar und spielt
551 1495 2589 1689 auch nicht Dankbarkeit. Sie kann es sich erspa-
546 1632 2625 1826 ren ihre Vielfältigkeit, Kompliziortheit Anonyni-
559 1766 2263 1960 tät schützt sie vor Verantwortlöchkeit.
