2968 3624
280 382 491 542 Art
634 456 2505 690 Imstände, uhter denen diese Nahf vorgenommen
655 590 2417 824 werden nuss, a priori entschieden ist. Nun
657 725 2313 928 sind auch alte diese äusseren Unstände
674 845 2516 1058 nur notwendige Folgen von Ursachen, die wie
683 972 2366 1199 der nichts anderes waren als notwendige
690 1120 2438 1326 folgen früherer Ursachen, so dass wir bei
690 1199 2505 1449 der Erklärung jeder Ratsache auch derjeni-
708 1347 2556 1581 gen, die scheinbar unseren freien Entschlüs
704 1468 2421 1688 sen entstanmen, bis auf den Anfang aller
729 1590 2530 1850 ninge zurückgehen müssen, das in einen eni-
725 1732 2387 1972 gen Dunkel für uns liegte wird und des
732 1884 2512 2118 wirjam besten mit den Nanen Gott bezeich-
738 2102 933 2259 nen.
