2920 3608
326 349 500 508 Sel
2371 139 2594 259 21521
464 636 2443 862 Wenn alle Dialektik-versagt,so hört man zumel
464 803 2394 983 len gewisserwassen als letztes Argument, inas
459 898 2387 1109 sind Worte? Ner dergleichen ausspricht,hatte
447 1034 2461 1227 niewals das Recht eine Diskussion zu beginnen.
439 1142 2346 1365 Norte sind gewiss nicht alles, es gibt inner
449 1283 2433 1496 noch etwas mis chen den Worten,hinter den Nor-
449 1429 2364 1640 ten - aber all di es Unaussprechliche bekommt
426 1527 2415 1750 ia erst seinen-inn dadurch, dass die Norte da
423 1660 2307 1886 sind und durch die verschiedene pistanz, das
434 1778 2453 2027 verschiedene Verhältale, das es eben zu den Nor-
429 1917 775 2084 ten hat.
454 2048 2320 2220 Wir wissen ja, dasi alles Positive, alles Be-
1617 2194 1845 2276 peleber
457 2192 2299 2361 greifbare, alles Konkrote begrenzt ist.Aber
400 2322 2417 2510 wer die wenigen gesicherten Positionen aufgibt
390 2425 2451 2661 weil sie nicht gegen jeden ingriff stand halten
395 2566 2353 2774 können, der handelt ed viel öfter aus fräghelt.
393 2715 2384 2890 oder Feigheit als aus Bescheldeneit und Ein-
390 2833 672 3008 stoht.
