2904 3592
460 509 2234 731 Dass es auhh über metaphysische Probleme
495 619 2263 879 streit geben kann, dass sich auch hier der
485 792 2244 1009 Eine, der dies glahbt über den Andern, der
490 906 2400 1123 nes glaubt, erhaben fühlen kann,lässt sich (ei-
495 1048 2370 1255 gentlich nur aus der ungehauren angeborenen
487 1162 2434 1394 Eitelkeit der Menschen einerseits und aus ih-
497 1291 2290 1520 ren Streitbedürfniserklären. Menn jenand
507 1423 2378 1640 an eine persönliche Fortdauer nach den Tode
524 1530 2375 1764 glaubt, so pflogt er sich) dadurch gern einen
514 1669 2344 1898 ander gegenüber, der eine solche Fortdauer
514 1800 2288 2034 für unwahrsche inlich oder undenkbar hält,
526 1927 2300 2107 erhabener zu fühlen - als wären diesen ge-
514 2046 2241 2275 risse Fähigkeiten der Phantaslo versagt
529 2173 2305 2390 oder des Glaubens - die ihm selbst gegant
531 2368 775 2492 sind.
536 2439 2448 2624 An sich wäre ja die persönliche Insterblich-
541 2543 2409 2758 keit um nichts wunderbarer als es das leben
553 2680 2409 2872 und der Tod an sich sind. Nas uns an dieser
546 2821 2504 3026 Fortdauer weifeln nacht, ist nicht das. Runder
546 2950 2448 3150 baro einer solchen Fortdauer,sondern der Our
1601 3072 1832 3148 mnlict
1201 3089 1420 3157 enosol
1949 3053 2388 3213 Asehch.
1708 3123 1905 3204 dete
555 3096 1584 3282 stand, dass dit Frans
2519 1065 2802 1189 X. 71 1
