2936 3592
408 380 549 580 Ool.
518 561 2419 781 Antipathie von einen Volk zur andern besteht
1571 719 1724 771 min
518 716 2345 900 gowiss zuweilen. Dass aber ein eingeborner
518 812 2433 1005 Hass von einem zumandern Volk eristiort von
518 950 2435 1103 solcher Urkraft und Unwiderstehlichkeit, dass
415 1067 688 1187 1
525 1062 2380 1270 er einen krieg unverweidl ich nacht, ist eine
516 1177 2352 1399 absolute Anmahrheit (Ein rerets dafirdass
523 1363 2259 1518 zu je der Zeit din Ablenken eines solchen
516 1452 2309 1647 Völkerhasses nach einer aneren Seite, dass
511 1576 2345 1783 auch eine Beschwichtigung, wenn niht gar ei-
499 1717 2337 1900 ne Unkehrung möglich ist. Es ist die Dumn-
516 1824 2428 2041 helt,die Zeichtfertigkeit, öfter freilich die
523 1996 2433 2132 Tücke oder segen wir diekunst der Politiker,
520 2103 2335 2287 diesen koment Einer vöglichen beschrtohtt
523 2230 2352 2438 gung (zu versäunen oder gar der Entwicklung
535 2347 2242 2536 jenes Hasses auf alle Weise Vorschub zu
530 2471 2383 2669 leisten.Ge isk einfach nichtnmehr, dass un-
525 2574 2318 2796 ter irgend wolchen Umständen der Schnoder
520 2736 2275 2906 Dubois in Mersellle sich gegen die Regle-
532 2858 2423 3037 rung auflehnte, oder auth nur den Appetttver-
520 2953 2309 3183 löso, wenn man ihn nicht belegenheit gäbe,
