2984 3624
1210 276 1462 435 g
534 411 2320 671 Auf drel im Grunde doch recht problenati-
536 529 2374 829 sohon suppositionen baut sich unser Dasoia,
553 687 2365 914 ja überhaupt die Möglichkeit auf unser Da-
560 796 2322 1025 seiy weiter zu führen, ohne uns selbst lä-
553 933 2339 1155 cherlich zu erscheinen oder wahnsinnig zu
558 1054 2181 1288 werden: auf der Suppositibn,dass die
567 1177 2466 1399 Wenschheit den Mittelpunkt der Melt, auf der,
579 1318 2452 1526 dase das Ich den Mittelpunkt der Menschheit
588 1432 2422 1677 bedeutete und endlich auf der letzten,dass
595 1552 2452 1798 in diesem Ich ein ununterbrochen wirksamer,
600 1675 2471 1902 freier Mille wohne. Doch so zweifelhaft all
595 1817 2379 2046 diese N Annahmen erscheinen mögen, wir mus
612 1940 2464 2157 sen sie als feststehend und bewiesen anneh-
612 2070 2445 2280 nen, da wir andernfalls unsere Arbeit, unser
624 2188 2414 2403 streben, unsere Gesetze, unsern Rass, undere
638 2344 2294 2549 liebe, unser Gewissen, ja eigentlich uns
631 2492 1987 2660 selbst völlig aufgeben wüssten.
