2936 3592
530 445 2388 709 den Drechsler Mülbr aus Magdeburg din Ba-
560 582 2385 816 sonett in den leib zu rennen; es ist nicht
547 692 2510 948 wahr, dass der Doktor juris Mager in Elberfeld-
560 819 2402 1056 schlaflose Nächte verbrächte, wenn er nicht
565 951 2463 1183 die erlaubnis erhielte auf 30 Kilometer Ent-
582 1119 2270 1290 fernung eine Kanone gegen den 1potlieker
831 1281 987 1349 con
586 1175 2454 1437 lafeu in Besangon abzufeuern. Alle Kriegsbe-
599 1339 2410 1569 geistkrunig, alle Tapferkeit xerdenx während
1669 1422 2412 1525 dicse Aitsedle nich
599 1466 2476 1676 des Krieges selbst kann das begentett dar
674 1640 1078 1738 viderlegen
604 1581 2461 1825 nicht bekeisen. Denn wäre es sonst vöglich,
606 1723 2407 1950 dass, während schon die Rugeln pfeifen und
626 1874 2461 2058 die Soldaten zwiechen nrahtverhauen. verdur-
628 1989 2422 2214 sten und Blindgeschössöne im Getümmel der
630 2094 2429 2331 schlacht verweifelt heriwirren,-dass der
638 2185 2549 2471 Journalist K., der die Gerechtigkeit und Not-
648 2339 2546 2563 wendigkeit dieses Kriege mit flauvenden Mor-
655 2480 2571 2708 ten pries, ruhig in seinen Cafs Tarok spielt,
660 2600 2563 2825 dass der Ministerialsekretär V. mit Frau di-
677 2725 2578 2964 rektor 2 für funf Ohr Nachobttag ein Konder
679 2859 2554 3150 rousabnacht oder dass gar ein Sektionschef
