2984 3624
555 460 1501 651 Ropper-Lynkeus, Rabock.
550 630 2530 800 Dieser Satz ist sentimental, lässt sich in die-
555 728 2230 912 ser fassung unmöglich aufrecht halten.
542 869 2413 1026 Richtig ist nur: dass kein Mensch das Recht
539 1013 2676 1164 hat einen anderen Menschen ohne dessen ausdrück--
537 1127 2570 1292 liche Zustimmung zu eigenem Vorteil oder selbst
542 1252 2400 1424 einer Idee zuliebe in Gefahr der Gesundheit
537 1382 1672 1563 und des Lebens zu bringen.
529 1499 2400 1672 Und es ist frazlich, ob auch nur dieser Satz
526 1637 2549 1818 sich bis in seine letzten Konsequenzen aufröcht
529 1767 1222 1927 erhalten liesse.
518 1889 2501 2060 Denn in vielen Fällen lässt sich die Verantwor
518 2014 2434 2169 tung VVerantwortlichkeit) eines Menschen, der
526 2147 2503 2312 einen andern mit Bewusstsein in Gefahr und Tod
508 2256 2033 2426 schickt,gewissermssen sublinieren.
513 2389 2525 2549 Insbesonders gehört es zum Handwerk der Politi-
510 2511 2373 2692 kor und manchwal dur Kunst der Staatsmänner
502 2644 2424 2812 den Menschen zu suggerieren,dass sie sich zu
505 2772 2416 2913 einen höheren Zueck, zum allgemeinen Mohl, für
492 2899 2400 3056 den Staat, wenn nicht gar für die Menschheit,
478 2992 2509 3234 also für eine grosso ldoe laha das hoisst inner
