2728 3320
372 217 2338 482 korn ist iener Anfreiheit, wenn auch gewollte,
857 397 1204 492 Innerhal
380 435 2353 544 is kann also in keiner Staatsform, auch inner
365 524 2293 712 halb der sche inbar freiesten der philosophi-
382 664 2370 822 sche Begriff der Freiheit, ja nicht einmal der
382 797 2258 964 politische, zu in die Wirklichkeit ungesetzt
412 919 2378 1069 werden. In sich also bedeutet Republik so m.
382 1026 2360 1199 nig Freiheit als Monarchie oder sogar absolute
377 1171 2385 1299 Monarchie Infreiheit bedeutet. Der Unterschied
365 1279 2253 1451 der staatsformen liegt immer nuf in Rituale
357 1401 2293 1568 und das Rituale wird letzten Endes immer nur
372 1531 2360 1706 durch die Persönlichkeit desjenigen bestimmt,
1548 1643 1733 1723 se
372 1671 2233 1866 der an der Spitze stchitsoei er Kaiser oder
380 1808 832 1973 Präsident.
