2936 3624
2247 250 2468 409 192
430 513 2442 779 Es Est inner wieder beschänend in einen eignen
433 657 2322 910 Erlebnis, dessen Finzigartigkeit man eben zu
448 792 2546 1006 empf inden glaubte, das huddertnal Dagewesene, den
456 912 2408 1152 typischen Körn zu entdecken. In der ingst vor
456 1037 2497 1274 dieser Beschänung nurzelt jenes Nort :nsch ver-
2304 1155 2432 1228 ein
464 1173 2452 1397 stehe die Wolt nicht mehr, mit dem sich jeter
467 1301 2369 1525 Tischaernd ister zeifelnd in den Mittelpunkt
1929 1402 2361 1509 reu tarbla
467 1426 2408 1658 der Melt zu stellen versuchte, weil iha, wie es
1738 1543 2226 1642 rosgum
467 1574 2452 1783 schon tausend rischlermeistern uhdstönigen vor
485 1676 2374 1908 ihm ressiert ner, die rechter verführt warde.
513 1811 2108 2067 roneien Liebteter nn der Koffenin R.
