2792 3416
590 461 2297 691 genale vorgänge, die wir oftmals beobach-
599 604 2327 809 ton und in die wie selbst nur von forne
606 733 2435 933 einbezogen sind, die aber auf unsere eigent-
608 885 2297 1067 liche Existanz keinerlei tieferen Bozug
583 991 2414 1203 haben, bekommen bei öfterer Wiederkehr all-
613 1115 2444 1318 nählich etwas Inwirkliches, Schattenhaftes,
636 1223 2444 1465 -Phantastisches. So erscheint uns z.B. das
627 1366 2479 1578 Treiben auf einem Bahnhof;siner Hotelhalle,
624 1495 2387 1705 das retriebe in den strassen, besander in
634 1629 2384 1855 einer frenden Stadt wie eine Art Knmödig
627 1811 2382 2025 die sich immer wieder unter den gleichen
684 1921 2506 2172 Individuen abspielt. Wir vermögen und kam
657 2037 2417 2271 vorzustellen, dass alle diese gleidhgufti-
661 2202 2437 2405 gen, uns unbekannten Menschen inner wieder.
657 2338 2403 2553 andere, und neue Individuen sind und dass
668 2470 2456 2684 diejenigen, die wirbei früheren ähnlichen
668 2583 2430 2824 Gelogenheiten in den gleichen nebenrollen
698 2695 2509 2928 erblickten, längst in alle Minde zerstreut,
677 2827 2396 3087 augenblicklich an anderen erten beschät-
