2936 3592
487 366 2421 578 Ansichten gegenüber als der Kunst und es ist
490 521 2460 713 stets ger dabei sich von seinem lieben Näch-
477 648 2421 843 sten nicht nur lustige Konödien, sondern auch
480 796 2473 959 herzerschütternde Tragödien vorspiedem zu lag-
480 915 2541 1091 sen, vorausgesetzt, dass der Eintrittspreis nicht
487 1050 2538 1203 zu hoch bemexgen ist oder dass far die Gefahr f
467 1177 2390 1346 bestünde in eigener Person auf die Bühne ge-
472 1307 2556 1483 zerrt zu werden und wider Willen mitspielen zu-
464 1452 806 1613 müssen.
1338 2997 1602 3280 wor
