2936 3592
454 363 2265 571 Ein oniger und inner ungleicher Kampf zwi:
472 519 2351 701 schen Individuum und Gesetz, zuischen Bürger
467 655 914 823 und Staat.
467 748 2302 931 Das Individuum ist verfolgbar, strafbar und
479 877 2334 1057 verletzlich. Der Stadt ist unverantwortlich,
479 1010 2361 1203 anongn, also unbestrafbar und unverletzlich;
474 1139 1368 1297 weil ohne Ehrgefühl.
482 1270 2416 1442 Er waltet unter der Schutz der Unpersönlich-
489 1403 1554 1544 keit und der Anonyrität.
494 1512 2379 1702 Inmer wieder aber,erhebt sich im Individuum
496 1625 2482 1833 der Drang den Staat aus seiner feigen Anonywi-
538 1766 2435 1964 tät horauszutreiben und ihn zu zwingen,dass
492 1936 1270 2097 er sich stelle.
