3448 4040
539 378 1770 586 Zu Bernhardi (25.3.) 91
548 551 2318 747 Nozwendigkeit eines fünften Aktes.
554 718 2019 869 Muss im Ministerium spielen.
551 850 1805 1055 Nach abgebüsster Strafe.
561 1002 2674 1213 Gnadengesuch wegen der Venia practicandi
551 1172 3024 1323 Am zuwidersten ist dem Bernhardi, dass Leute für
567 1304 1490 1509 ihn Partei nehmen.
551 1465 2438 1632 Auch ich bin ein Politikum geworden.
598 1651 3087 1780 Die Schlusszene Flint-Bernhardi käme in diesen
564 1808 932 1981 5. Akt.
570 1931 3037 2151 Vorher eine szene zwischen dem Minister und dem
558 2110 1241 2281 Sektionschef.
573 2259 1606 2429 Eyentuell der Prinz.
561 2306 3096 2592 Auch Feuerstein müsste im 5. Akt vorkommen nicht
564 2548 3008 2753 im 3. Er und Bernhardi tref fen sich beim Minis-
573 2690 1651 2955 ter ( Tell Paricida)
