3304 4120
841 585 2862 838 gemeinten Worten als wahr und unvergänglich
422 575 747 861 herzlie
533 773 2979 1004 erwiesen. " Dabet wandte er sich zu Felix und drück
569 971 2420 1150 ihm affektiert, jedoch lebhaft die Hand.
413 1144 2904 1290 Lilly lächelte und kokettierte mit dem wittigen Red -
422 1228 2810 1442 ner. Die Idee dieses Toastes kam ihr nämlich in der
413 1420 2758 1582 Tat witzig vor. Ach ja, sie hatte mehr Gefühl, als
2515 1553 2859 1725 dans M.H.
416 1576 1231 1748 Feingefühl.
400 1745 2999 1891 Alfred hingegen, welchen der Wein ziemlich unberührt ge¬
409 1881 2768 2034 lassen hatte, berauschte sich mehr und mehr an den
2865 2069 2950 2186 -
409 2024 2820 2261 Blicken des Mädchens und eine begreifliche Gedanken
419 2138 3005 2375 folge, welche wohl grossenteils von Selbstüberschätzung
419 2362 2895 2524 und unlautern Absichten inspiriert war, liess ihn mit
426 2531 2852 2693 einer eigentümlichen Raschheit erkennen, dass dieser
406 2638 2895 2852 Felix im Grunde genommen doch ein recht unbedeutender
409 2807 2953 3025 Mensch sei. Er träumte sich nie im Fluge in diese lä-
435 2921 3051 3125 cherliche Ueberzeugung hinein und eilte in seinem Toaste
413 3112 2898 3288 mit einem gewissen Schounge des Ausdrucks wetter, der
429 3265 2719 3434 ihm selbst höchst sarhastisch bedünken möchte. Er
432 3421 2869 3583 sprach von den himmelstürmenden Ideen unseres Jungen
422 3548 2911 3811 Dichters, die wohl geeignet wären eine neue Aera des
