3320 4104
564 472 3029 745 bestimmten Stuhles hing, "wollen Sie nicht vorher die
551 682 2996 892 Liebenswürdigkeit haben diese duftende Ironte hinweg
558 856 2914 1073 zunehmen. Ich könnte vielleicht doch melancholisch
558 1017 2317 1191 werden...wenn ich es werden könnte!"
574 1185 2865 1378 "Der Kranz soll bleiben, xo er ist," sagte Lilly
578 1326 3140 1513 "Denke die Liebe reicht ihn Dir." Dabet blickte sie auf
555 1470 2920 1664 Alfred hin. Vielleicht erwartete sie ein zustimmen
581 1641 3216 1841 des Wort von ihm. Er schaute sie gleichfalls an und fand,
581 1785 3038 1995 dass sie reizend war.Es ärgerte ihn beinahe, dass Fe
568 1933 3002 2116 lix ihr leise mit der Hand über die Haare strich,
574 2110 3035 2287 und als er sie gar särtlich auf die Stirne küsste, be¬
581 2238 2950 2441 kam seine Miene einen so verstimmten Ausdruck, dass
578 2425 2205 2605 Lilly unwillkürlich lächeln musste.
594 2543 2963 2727 "Ich glaube an Deine Liebe," flüsterte Felix. "Aber
594 2704 3006 2914 findest Du nicht, dass es traurig mit einem Kilnstler
925 2881 1139 2970 dem
591 2848 2835 3068 steht, wenn die Liebe den Lorbeer reichen muss?“
581 3048 3029 3222 Dabeisetzte er sich und der Kranz fiel zu Boden. Nie
581 3150 2481 3370 mand hob ihn auf... auch die Liebe nicht
584 3317 2983 3586 Lilly liess sich zur Rechten ihres Geliebten nieder
