3336 4104
2793 425 2896 628 19
828 448 1073 683 nicht.
538 593 2970 776 „wiss. entgegnete Alfred und freute sich unendlich
512 770 1717 979 über den Ton dieses "er."
525 899 2931 1134 "Noeht wahr, Alfred, Sie sind so liebenswürdig mich
515 1105 1617 1288 zu begletten?"
512 1231 2793 1427 Er war so liebenswürdig. "Oh mein Fräulein.. "Er
2851 1247 3018 1414 G.C.H.F.F:P:H:D:H
515 1369 3067 1553 brachte ihr eiligst die Mantille. Sie warf sie um die
519 1508 3096 1707 Schultern, worauf er ihr das kleidsame Hütchen reichte,
515 1659 3102 1846 welches sie dann mit koketter Langsamkeit, auf ihre vol
525 1833 3028 2049 len, glänzehd braunen Locken setzte. Er hatte sich um
532 1994 3025 2174 terdessen gleichfalls zum Fortgehen bereitgemacht und
532 2142 1530 2352 bot Lilly seinen Arm.
532 2300 3031 2461 Sie sah sich mit einem lächelnden Blick nach Felix um
535 2413 3118 2606 und verweilte einen kurzen Moment mit ebendiesem Blicke
538 2558 3076 2793 auf der zusammgekauerten Gestalt. Dann wandte sie sich
525 2757 3002 2931 mit einer hastigen Kopfbesegung um und nahm den dar-
548 2928 2980 3118 gebotenen Arm Alfreds. Der junge Mann atmete in die
2783 3063 3083 3260 dans les
548 3051 1714 3282 sem Augenblicke hoch auf.
557 3218 3054 3437 "Was ist Ihnen?" fragte Lilly ihm voll in die Augen
1140 3366 1247 3527 P.S.
554 3386 1008 3582 schauend.
544 3537 3092 3766 Er antwortete erst, als sie mit ihm den Saal verlassen
