3528 4152
3050 415 3166 560 11
743 524 3140 740 An seiner Linken nahm Alfred Platz. Das Essen wurde
743 701 3082 917 aufgetragen. Ohne dass trgendwer ein Wort sprach,
737 888 3330 1084 nahm jeder einen kleinen Teil. Alfred schenkte den Wein
759 1046 3285 1223 ein. Der Dichter drehte sein gefülltes Glas nach alter
766 1197 3140 1367 Gewohnheit zwischen den Fingern hin und her. Alfred
759 1316 3160 1535 erhob das seine und trank es wortlos der reignenden
746 1480 3327 1663 Lilly zu. Sie dankte mit freundlichem Neigen des Kopfes
2703 1654 2786 1789 P.S.
756 1654 2362 1850 und XXXX nippte von ihrem Tranke.
766 1776 3198 1985 "Sie werden Ihren Wein verschütten,Felix," mahnte Al
2864 1927 3156 2107 Gewöhn
769 1982 2452 2146 fred in möglichst scherzhaftem Tone.
756 2046 3304 2291 Felix setzte sein Glas an die Lippen und leerte es auf
756 2272 3295 2458 einen Zug bis auf die Neige. Er schenkte sich von neu¬
769 2420 2780 2603 am ein und leerte das Glas zum zweitenmale.
779 2523 3160 2745 "Mein Kopf ist wüst, es greift mir doch tiefer, als
769 2732 3150 2909 ich glaubte. "Er seufste leise auf. "Und was nun?
2880 2864 2992 2957 G.C.P.
766 2883 3259 3105 steh ich nicht da wie ein Spieler, der alles auf eine
766 3050 3250 3224 Karte gesetzt hat und auf diese eine Karte verliert!“
759 3285 2921 3465 An mich denkt er gar nicht mehr, dachte Lilly.
814 3366 3356 3629 "Sie übertretben," beruhigte Alfred. "Sie sprechen, als
