3512 4120
698 556 1858 862 Meine Herren und Damen!“
704 775 2993 952 illig musste lachen. Sie ging auf den sonderbaren
643 939 2045 1141 Scherz ein und rief: "Pst."
666 997 3048 1283 "Meine Herren und Damen," fing Alfred nochmals an.
662 1276 3250 1434 "Wenn ich es wage heute das Wort zu ergreifen und oben -
659 1411 2993 1601 drein in einem so illustren Kreise...."
646 1588 2865 1730 Felix biss die Lippen zusammen. Wollte ihn sein
640 1714 3170 1884 Freund verletzten? War der seltsame Toast, der da an -
640 1868 3083 2054 hub, bestimmt eine tiefere Ironie auf dieses ganze so
646 2019 3096 2228 eigentümliche Festmahl zu bedeuten, eine Ironte, auf
659 2189 3160 2350 die Verständnislosigheit eines geistlosen Publikums
659 2308 2913 2482 einem hochbegabten Autor gegenüber?
691 2469 3241 2643 "Wenn ich dieses page," fuhr Alfred fort, "so schreiben
669 2656 3115 2852 Sie es nicht etwa einem Selbstbewusstsein zu, das zu
659 2768 3183 3006 rechtfertigen in der Tat schwer erscheinen könnte, son
659 2942 3186 3109 dern einzig und allein einer aufrichtigen Freundschaft
678 3080 3115 3311 für den Mann, welchen wir heute feiern, einer Freund
685 3279 3086 3427 schaft, die es sich nicht nehmen lässt gerade heute
678 3401 3035 3620 und jetzt sich in einigen, zwar unbedeutenden, aber
