3304 4104
2643 393 2747 588 2
481 507 2923 784 kammauch Lilly mit, die reizende Freundin des jungen
478 764 2913 940 Künstlers. Meist stand ein Glas Wein vor ihm, das er
471 901 2825 1073 mit einer gewissen Nervosität zwischen den Fingern
478 1096 2913 1242 hin und her zu drehen liebte, besonders wenn er über
484 1213 3050 1369 irgend etwas gesprächsweise in Eifer kam. Lilly pflegte
491 1346 2926 1544 ihn dann scherzhaft auf die Hand zu schlagen und die
471 1525 2907 1713 paar Freunde, die just in seiner Gesellschaft waren,
488 1645 2978 1843 Iächelten dazu und blickten das junge Mädchen schmach
494 1791 3089 1990 tend oder feurig an, während sie zu gleicher Zeit einige
488 1977 2962 2156 zustimmende Bemerkungen über die Ansicht des Freundes
491 2123 2981 2328 fallen liessen. In der letzten Zeit hatten auch mehre
484 2299 2920 2461 re Gäste des Lokals, welches früher den Poeten wenig
488 2432 2877 2611 beachtet hatten eine mehr oder minder flüchtige Be
484 2588 3092 2747 kanntschaft mit ihm geschlossen. Man hörte nämlich, dass
488 2777 2972 2920 seine Tragödie demnächst über eine der hervorrragende
481 2897 2868 3079 ren Bilhnen gehen werde und begann sich mehr für ihn
488 3011 3007 3225 zu interessieren, als es bisher der Fall war. "Es muss
481 3196 2770 3378 jedenfalls etwas on ihm sein." meinten die Leute.
1099 3326 2952 3560 Heute also war der grosse Abend. Es war
