3304 4088
539 665 3056 861 einer nach dem andern und rufen aus: die Welt hat Dich
539 831 3096 1024 verhannt, wir aber, wie kennen Dich- Du bist ein Gentel
1170 994 2913 1200 Und in der Tat es ist noch gar nichts
532 1147 1736 1353 verloren," trostete Lilly.
549 1300 2976 1503 "Nichts verloren, glaubst Duf" er setzte sich und
535 1466 2976 1639 stützte den Kopf auf die linke Hand, mit der rechten
525 1579 3069 1835 fasste er die Fingerspitzen Lillys und führte sie lang
535 1786 1486 1985 sam an seinen Mund.
529 1932 1516 2118 Sie sah ihn lange an.
539 2065 3022 2251 "Ah bah!” rief in diesem Augenblicke Alfred ganz laut
522 2228 2989 2411 und fest aus, mit dem Entschluss dieser ganzen pein -
515 2367 3059 2550 lichen Scene, so zu sagen auf einen Schlag ein Ende zu
515 2530 3052 2723 machen. "Einen Sttich durch das ganze mein Lieber, so
535 2710 2883 2876 und jetzt kommen Sie,“###r fasste ihn unter den Arm
542 2836 2919 3056 "und begeben Sie sich auf den Ehrenplatz, der Ihnen
542 3012 2926 3189 trotz allem gebührt. Hierher verter Freund, " und e
539 3155 2840 3345 führte ihn zum obern Ende des Tisches, "hierher."
555 3239 3009 3515 "Gemach mein Teurer, "unterbrach ihn Felix, indem er
539 3468 3215 3624 auf einen Lorbeerkranz wies, der annder Lehne des für ihn
