3320 4136
447 519 2952 786 ihm nicht recht zu Bewusstsein. Er sass gleich wieder
450 717 2791 960 da wie früher, trank wieder und blickte ins Leere.
434 865 2985 1088 Er sprach nicht mehr und liess endlich den Kopf schwer
441 1055 2975 1220 in beide Hnde sinken..Lilly begann ihn zu bemitleiden.
454 1200 3094 1433 aber nicht wie einen teuern Menschen, den man in grossen
2318 1279 2505 1381 G.C.F.P.
1496 1305 1617 1404 G.F.P.
464 1368 2982 1552 und seinem Wesen nach gerechtfertigten Hoffnungen be¬
473 1493 2952 1700 trogen sieht, sondern so ungefähr wie man einen guten
467 1637 2972 1890 Behannten bemitleidet, der sich an Aufgaben heranwagt,
519 1792 628 1877 G.F.P.
473 1759 2923 2012 dene-n er nicht gewachsen war und dessen Unglück man
480 1946 2988 2166 bereits voraussehen konnte. Mit wunderbarer Schnellig
470 2107 2946 2311 keit hatte sich dies alles in ihrer Seele zugetragen.
464 2272 2919 2439 Sie war übrigens keine grosse Seele, diese Lilly....
470 2420 2939 2591 Alfred war immermehr entzückt von ihr, zumal als sie
483 2518 2942 2765 nun lebhafter mit ihm zu plaudern anfing. Sie sprach
493 2702 2939 2893 dies und jenes. Er wusste kaun was. Doch fand er sie
500 2837 2962 3041 geistreich, weil sie mit Grazie sinnlich war. Er ant
496 3011 3031 3218 wortete und wusste kaum was, doch musste es wohl recht
496 3156 3024 3396 witzig sein, denn Lilly lachte manchmal ganz laut auf.
493 3304 3038 3560 so vergingen Minuten und Viertelstunden. Und ihre Lin
