3512 4152
730 492 2671 766 wenn dieses Stück Ihr einziges Werk wäre."
766 692 3156 885 "Es ist mein einziges. Oder denken Sie vielleicht an
737 872 3166 1091 die flüchtigen Ideen, die ich, wenn ich just gelaunt
727 1014 3134 1207 war in anderen Formen zu gestalten suchte, oder an
724 1162 3224 1326 jene augenblicklichen Eingebungen, wie sie ja endlich
721 1319 3250 1515 jedem Menschen mit offenem Kopf und Herzen, das eine -
727 1464 3259 1638 mal oder das andremal gleichsam unwillkürlich kommen?"
721 1628 3311 1856 Er trank und trank. “Aber mit dem heutigen Abend sollte
750 1786 3266 2011 es sich entscheiden, ob ich bestimmt bin auf den Höhen
746 1927 3275 2140 des Gentesm zu wohnen, oder hinabzusteigen zur Gewöhn¬
730 2085 3182 2246 lichkeit.... da bin ich nun! Von kurzer Irrfahrt zu
737 2198 3063 2449 rückgehehrt in ein ungeliebtes Heimatland und kann
724 2400 2960 2564 mich nun schwer volltrinken mit Alltäglichkeit.
734 2513 3243 2764 Er wurde etwas beleidigend. Alfred wenigstens fand es.
769 2693 3182 2912 Was habe ich diesem Werk alles geopfert. Was hab ich
746 2786 3256 3095 alles hingegeben für das Gelingen dieses Schauspiels!"
737 3012 2416 3218 Er begann in der Tat zu übertreiben.
759 3082 3034 3343 "Mein ganzes Denken legte ich hinein, mein ganzes
740 3327 3118 3552 Fühlen spielgelte ich drin wieder, meiner Jugend Frühle
759 3465 2468 3739 sche gab ich hin, all meine Nächts!“
