3512 4136
801 535 3051 830 Er denkt wirklich gar nicht merh an mich,“ sagte
747 769 1635 968 Lilly vor sich hin.
740 891 3141 1125 Alfred schaute unaufhörlich auf sie hin, während er
753 1051 3227 1279 seinen Wein mit weltmännischem Behagen schlürfte — Er
1494 1173 1692 1269 G.C.F.P.P
1311 1176 1452 1276 G.C.F.P.
750 1179 843 1279 G.C.F.P.
760 1179 3189 1423 befand sich sehr wohl. Der Wein war gut, das Mädchen
1506 1317 1747 1410 G.C.H.F.P
1776 1314 1862 1394 G.F.P
753 1346 862 1433 G.F.P.
753 1394 2391 1567 retzend. Und Felix trank und trank.
772 1494 3205 1724 "Also ist es wahr, dass an diesem Menschen da," rief
769 1663 3147 1875 er aus mit der Hand auf seine eigene Brust deutend,
2984 1740 3093 1843 G.C.F.P.
2388 1753 2567 1843 G.C.F.P.
811 1836 3211 1994 der sich einbildete, er würde mit seinen Ihnen eine
766 1977 3336 2192 neue Kunstepoche schaffen, gar nichts ist? Bin ich also
769 2141 3224 2333 wirklich einer von denen, wie ich ihnen zu tausenden
772 2285 3170 2506 Tag für Tag auf der Strasse begegne, und ich müsste
763 2445 3205 2625 mich bescheiden und zufrieden meines Weges gehen mit
779 2593 3227 2833 dem Bewusstsein, wieder einer mehr zu sein unter die
788 2769 2349 2952 sen tausenden, und nichts mehr?"
769 2933 3144 3106 Plötzlich klopfte Alfred mit einem Messer auf sein
785 3106 1404 3288 Glas. "Ruhe.”
779 3192 3243 3420 Der Künstler sah ihn betroffen an. Alfred erhob sich
792 3368 3234 3593 von seinem Sitz, verbeugte sich feterlich nach allen
808 3513 3384 3711 Seiten, kniff das Monokel ins Auge und begann wie folgt.
