3288 4136
2648 440 2746 598 16
2623 576 2724 683 G.F.P.
468 554 2844 870 gesammten künstlerischen Schaffens zu inaugurteren,
478 791 2860 1035 XX wies mit einigen pathetischen Bemerkungen auf
475 974 2961 1110 doe Formvollendung hin, in welcher xxx eben jene Ideen
487 1104 2851 1319 sich manifestierten, prophezeihte dem grossartigen,
478 1269 2873 1414 aufstrebenden Talente xxx ausserordentliche Zukunft
478 1411 3012 1651 und schloss endlich mit folgenden Worten: "Somit meine
481 1588 2882 1797 hochgeschützten Anwesenden, fordere ich Sie auf ein
478 1727 2936 1965 jeder sein vlles Glas zu erhebn, fordere Sie auf mit
478 1870 3012 2113 mir anzustossen auf das Wohl und Gedethen unseres ver
497 2053 2284 2287 ehrten, geliebten, bedeutenden Felix!"
2465 2098 2721 2205 igetre
481 2173 3025 2325 Es war seltsam, war peinlich, wie nun alles in dem klei
500 2357 2696 2575 nen Saale stille blieb. Es war beinahe traurig.
506 2534 1778 2718 Felix starrte vor sich hin.
500 2540 2917 2870 „Nach einer kurzen Pause hob Lilly das Glas „als ob
519 2806 2945 3025 sie mit dem ihres Geliebten anstossen wollte. Dieser
522 2974 2933 3202 aber merkte nichts davon. Alfred hingegen mit einem
506 3100 3012 3354 heissen Blicka nu Lilly, fasste sein eigenes Glas und
522 3271 2749 3493 es klang schrill mit dem des Mädchens zusammen,
525 3411 2983 3607 Da dies über dem Haupt unseres Dichters geschah, sah
541 3562 2999 3762 dieser auf, doch wollte es fast scheinen, als käme es
