3544 4136
3060 368 3144 553 3
762 557 3024 752 zehn Uhr vorbei, doch liess sich noch niemand im
749 745 3209 918 Saale erblichen, ausser einigen Kellnern, die ab und
758 879 3369 1055 zu nachsehen kamen, ob alles am richtigen Ort und nichts
771 999 3281 1237 vergessen sei. Man erwartete einen grossen Erfolg des
749 1201 3235 1383 Werkes und die intimsten Freunde hatten dem glückli —
768 1328 3310 1514 chen Autor die Ueberraschung eines festlichen Empfanges
749 1504 3278 1693 nach Schluss der Vorstellung zugedacht. Besonders Herr
749 1657 3193 1833 Alfred......ein sehr eleganter junger Mann von eintgem
755 1816 3252 2005 Geist und viel Manieren, wenig Gemüt und ausserordent
752 1933 3307 2132 lichem Takt hatte sich lebhaft darum bemüht, dass alles
752 2109 3216 2275 aufs glänzendste hergerichtet werde. Man war auch il -
752 2275 3122 2435 berzeugt, dass Alfred die Festrede halten werde. Er
762 2431 3141 2594 sprach recht gut, das wusste man von ähnlichen Gele¬
762 2565 3258 2737 genheiten her. Bei gewissen Stellen war er gewöhnt das
736 2672 3092 2890 Monokel vom Auge zu entfernen und damit gräsiös zu
758 2829 3320 3047 spielen. Das stand ihm sehr gut und von etner jungen Da
1803 2956 1904 3053 Sir
736 2998 3323 3213 me erzählte man geradeens, sie habe sich aus diesem An-
742 3167 1784 3372 lasse in ihn verliebt.
755 3291 3281 3509 Gerade in diesem Augenbliche trat er herein. Er schien
755 3499 3323 3685 etwas verstimmt zu sein. Der Oberkellner kam eben durch
