3432 4072
676 544 3090 769 wenn nur er endlich da wäre! Sie hätten ihn erwarte
682 717 2312 906 sollen," wandte sie sich zu Alfred.
708 893 3116 1082 "Ich dachte mein Fräulein," erwiderte der junge Mann
685 1038 3170 1214 langweilig, "dass in einer solchen Stunde nur die Lie
692 1169 1701 1390 be...“
1787 1201 1950 1380 G.H.F.P.
682 1351 3071 1515 Sie unterbrach ihn mit einer Kopfberegung, zugleich
698 1508 3225 1678 sah sie ihn halb an. Er liess eben das Monokel aus dem
689 1620 2991 1864 Auge gleiten und blichte vor sich hin. Er war ein
685 1819 1438 1973 hübscher Mensch.
1489 1816 2104 1979 Le Comtesse des
701 1960 3148 2110 "Ich denke," begann Lilly wieder, "er wird mit einem
698 2098 3190 2264 seiner Freunde erscheinen, vielleicht ist der Herr Ba
695 2267 2110 2444 ron so liebenswürdig, oder....
2322 2283 2434 2447 P.S.
705 2405 3193 2655 “Oder, vielleicht’ kommt er gar nicht," setzte Alfred
695 2594 1207 2741 kühl hinzu.
1233 2594 1797 2745 G.C.H.F.G.H di
705 2751 3138 2908 "Ich bitte Sie, Alfred," sagte Lilly in etwas erreg
692 2873 2123 3074 terem Tone, "ich bitte Sie..."
682 3033 3254 3206 Die Türe wurde langsam geöfjnet. Lilly zuckte zusammen.
692 3177 1745 3366 Er kam, er kam allein.
695 3324 3241 3542 Man kann nicht sagen, dass sich in seinem Antlitze ein
721 3510 3074 3721 besonderer Schmer=hausdrückte, dagegen war seinem
