3352 4136
2738 515 2880 667 20
525 829 3121 1037 hatte und die Türe hinter ihnen langsam sich schloss...
532 1001 2936 1192 Und ein grauer trüber Morgen brach an und warf sein
535 1103 2956 1357 dämmriges Licht auf een erwachenden Poeten. "Lilly",
538 1301 3038 1496 flüsterten seine Lippen. Als er sich noch ganz schlaf
552 1446 2903 1658 und weintrunken erheben wollte, streckte er unwill
542 1635 3071 1820 kürlich seinen Arm weit von sich und warf dadurch et -
535 1777 2900 1965 ne Flasche um, die just vor ihm stand; der so###rlle
545 1876 3098 2114 Klang weckte ihn vollens auf. Erschreckt griff er sich
561 2005 3042 2259 an den Kopf. Ringsum xxx ihn der Saal strahlte noch im
558 2173 3091 2427 festlichen Glanze, die Flammen brannten ihm in die ver¬
545 2308 3094 2566 wirrten Augen. Neben ihm lag Lillys Fächer. Er nahm ihn
552 2480 2969 2751 in die Hand und blickte ihn starr an. "Lilly..." Er
561 2622 2926 2886 stand auf, sah um stch. "Lilly," schrie er auf und
548 2843 3200 3018 liess den Fächer auf die Erde fallen. Dann stand er lam
575 3002 1377 3180 ge schweigend da.
561 3111 3111 3355 Endlich begann er Worte vor stch hinzumurmeln, betnahe
578 3260 3085 3474 unverständlich, nur einzelne deutlicher, mühsam herau
578 3415 3058 3636 gestossen: "Also doppelt betrogen.... flasch, falsch,
578 3550 2956 3841 alles falsch.... die Kunst sank dahin und die Liebe
