3336 4072
589 512 3034 743 indem er seinem Mantel einem herbeigekommenen Kellner
582 705 2960 882 übergab, "dass Arrangenent zeigt von einem ausseror
592 849 3021 1059 dentlichem Geschmack. Ja, ja.. und der Geschmaak mac
595 981 3053 1194 in jeder Hinsicht neuerdings unendliche Fortschritte,
573 1178 2970 1338 nicht wahr Alfred? Zum Beispiel das Publikum heute,
592 1313 3069 1496 dieses Publikum...“ er wühlte mit nervösen Fingern in
592 1490 3047 1654 den Blüten und Blumen, vor denen er noch immer stand.
582 1612 2976 1824 "Dieses liebenswürdige, geistreiche Publikum..oh...
573 1776 3163 1979 Er wandte sich wieder zur Mitte des Zimmers und während
589 1947 3066 2111 er zu Boden schaute, sprach er mehr vor sich hin: “Es
582 2091 2947 2262 wäre an der Zeit sentimental zu werden, glaubst Du
573 2217 3069 2423 nicht Lilly? Aber mir fehlt dazu das Talent, wie zu
589 2397 1435 2616 so vielom andern.
615 2529 3066 2716 "Teurer Freund!" rief Alfred aus, als Felix plötzlich
595 2703 985 2902 schwieg.
611 2857 2899 3044 „Ah Sie erwarten noch Gäste zur Feier des grossen
592 3015 2925 3156 Erfolges.“ fuhr der Dichter fort, "wie ich aus der
602 3115 3095 3337 grossen Anzahl der Gedacke ersehen. O meine lieben, gu
598 3320 2909 3504 ten Freundel Du wirstsehen Lilly, in einer halben
595 3481 2893 3719 Stunde sind sie alle da und fallen mir um den Hal
