3496 4104
2959 499 3085 647 21
701 616 1339 830 flog davon...
685 764 3120 954 Er war ganz verzweifelt der gute, arme Junge und bil
695 957 3028 1115 dete sich ein, dass er das nicht überleben konnte.
688 1111 3075 1272 Er muss sich doch getröstet haben, denn ein paar Wo
695 1254 3053 1437 chen später sah ich ihn wieder in seiner gewohnten
682 1374 3094 1601 Ecke sitzen - mit einer neuen Lilly. Wahrscheinlich
679 1544 3085 1718 dichtete er auch an einer neuen Tragödie. Er schien
1724 1699 1831 1771 nu
685 1680 3186 1866 sogar über dergleichen/sprechen. Ich hörte nämlich et
685 1888 3120 2071 nen seiner Freunde sagen: "Die Idee ist sehr schön."
688 2014 2378 2210 "Auch originell," sagte ein anderer.
685 2201 3154 2374 "Ich finde selbst," meinte Felix. Dabet bemerkte ich,
669 2318 3202 2542 wie die neue Lillu - es var eine graziöse Blondine mit
673 2479 3167 2681 schmachtenden Augen einem der jungen Leute einen selt
676 2655 3104 2851 samen Blick zuwarf. Felix sah nichts davon. Er hatte
660 2756 1847 3009 wirklich alles vergessen.
1591 3293 2008 3555 Ende
