3400 4104
667 554 3047 760 ganzen Auftreten eine gewisse Abgespanntheit leicht
660 728 3089 931 zumerken. Er hatte den Mantel nur nachlässig umgeword
664 902 3115 1060 fen. Seinen Freunde Alfred, der ihm lebhaft entgegen
673 1050 3080 1243 trat, reichte er, ohne besondern Nachdrück die Hand.
647 1205 3150 1401 Lilly kam zu gleicher Zeit auf ihn zu und er lächelte
647 1359 3092 1511 milde, während sie ihn ängstlich ansah. Dann nahm er
1736 1488 1920 1578 sie
657 1482 3195 1665 ihre Hand und hüsste Jetzt erst schien er zu
651 1662 3241 1833 bemerken, dass der freundliche, kleine Speisesalon sich
647 1830 3160 2004 in ein so ungewohnt glänzendes Gewand gekleidet hatte.
635 1959 3060 2174 Er zuckte sichtlich zusammen und die beiden andern
631 2123 1823 2303 blickten unruhig auf ihn.
3018 2239 3150 2429 P.4
641 2239 2938 2467 "Sehr schön," liess sich endlich Felix, nach zwar
618 2432 3170 2596 nicht allzulangen, aber recht peinlichem Schweigen ver
625 2571 3173 2757 nehmen. "Sehr schön", wiederholte er, langsam im Saale
628 2732 3041 2899 umhergehend. "Ah, wahrhaftig zu schön!" rief er aus
625 2889 3109 3063 indem er bei dem Blumenstrausse stehen blieb, welcher
625 3047 1772 3241 in der Ecke stand.
2590 3170 2835 3334 re les
641 3160 2513 3376 "Felix," sagte Lilly leise, doch erregt.
647 3328 3044 3527 "Das Arrangement," fuhr Felix merhwürdig ruhig fort,
