3320 4104
2652 388 2751 572 28
506 525 2887 785 pen plauderten von den allergleichgültigsten Dingen
496 741 2967 954 während ihre Augen immer intimer wurden und kaum mehr
496 913 2013 1116 ein Geheimnis voreinanderhatten.
496 1046 3005 1253 Und unser Dichter trank nicht mehr. Sein Kopf war nie
515 1221 2897 1409 dergesunken, beinahe bis auf die Tischplatte. Lilly
515 1374 2875 1539 sah einen momentlang zufällig hin. Felix war einge
512 1517 2840 1762 schlafen. Lilly musste lächeln. Sie wies mit einer
509 1650 3069 1883 merhwürdig geringschätzigen Gebärde auf den Poeten hin
512 1851 1704 2035 und Alfred lächelte auch.
547 1962 3053 2213 "Sollen wir warten bis er aufwacht?" fragte sie in et
518 2166 1482 2340 nem scherzenden Ton.
515 2306 1663 2525 Eine sonderbare Frage...
544 2468 2290 2668 "Das kann lang dauern,” sagte Alfred.
541 2573 2942 2817 Nach einer kleinen Pause fragte sie wieder: "Sollen
560 2763 1479 2976 wir ihn aufwecken?"
566 2894 3069 3081 "Nein, nein," erwiderte Alfred schnell, "es tst besser
556 3081 2480 3275 so - für ihn," setzte er verspätet hinzu.
566 3244 2134 3418 Und wieder kam eine kleine Pause.
588 3323 3015 3568 "Ich kann doch nicht hier bleiben, bis er wach wird,
563 3546 1348 3778 meinte sie dann.
