3560 4152
732 539 1487 800 eine andre Türe.
742 751 3173 932 "Noch Zeit... das Theater ist noch nicht aus, "msagte
726 926 1093 1100 Alfred.
751 1048 3064 1274 "Sehr wohl", erwiderte der Kellner und verschwand.
722 1255 3206 1413 Alfred hatte sich auf einen Stuhl niedergelassen. Zui
735 1390 3093 1548 schen den Lippen hielt er eine Zigarettefdie nicht
726 1545 3306 1709 mehr brannte. Nach ein paar Sekunden stand er auf, nahm
742 1709 3102 1867 den Hut ab und entledigte sich seines Ueberziehers.
726 1829 3183 2032 Dann machte er ein paar Schritte bis vor den grossen
735 1996 3154 2180 Spiegel, der an der Wand hing und bemerkte mit einer
729 2151 3273 2338 Art von mechanischer Befriedigung, dass ihm sein Frack
745 2332 3122 2483 ganz gut anlag. Er begann eine Operettenmelodie vor
739 2461 3319 2661 sich hin autrüllern. Plötzlich brach er ab und schüttel
742 2603 1954 2796 te verdriesslich den Kopf.
722 2651 3128 2951 Die Türe öffnete sich, Lilly trat ein. Alfred eilte
739 2938 3215 3106 ihr entgegen, hüsste ihr die Hand und war ihr mit ein
722 3077 3315 3283 paar galanten Worten beim Ablegen des Hutes und der Man
739 3235 1542 3418 tille behilflich.
742 3383 2370 3583 "Er ist noch nicht da?" fragte sie.
