2856 3416
2470 164 2610 280 90
363 183 556 376 Klen
1709 374 2558 535 Opar. Bai der ersta
400 355 1653 516 Ein, Komponist schreibt eine gras
433 500 2553 658 Aufführung sitzt seine Frau in der Loge, ihr Geliehte
408 648 903 790 ist bei ihr.
395 734 2545 906 Der Marn wird hervorgerufen. Er sucht nach seiner rrain
408 895 2494 1043 -eben tritt sie aus dem Hintargrund der Toge hervor.
360 1008 2472 1172 Dar Maro schöpft Verdacht, tritt während des nächsten
406 1137 2569 1293 Aktes in die Loge, findet die Beiden in heisser Um
403 1279 2550 1422 armurig. Das Publikum applaudiart. Er varjagt ihn, tritt
435 1419 2464 1567 duti an die Brüstung, varbeugt sich. Darr zw ingt ar
400 1545 1787 1696 di« Frau, sich neben ihn zu setzen.
435 1666 2491 1817 Wi« er mit ihr im Regen nach Hause führt und sie in
366 1803 941 1924 den Kot wirft.
408 1889 2529 2072 xventuell: Durch die Schönheit der Musik wird der jun-
403 2053 2540 2209 ge Mann erst zum Liebesgeständnis bewogen, so dass dar
398 2180 2464 2333 Gätte durch sein eigenes Genie sein- wrau dem Andern
435 2330 1204 2464 in die Arma treibt.
