2872 3384
497 487 2330 649 Sie tummeln ihre Rosse, aber sie reiten sie
489 636 771 761 nicht.
502 859 2470 1023 Ich rede nichts zu Euch,gefällt es auch darum
497 1016 2440 1128 mich für stumm zu halten? Wie wargmeine Seele
489 1101 2416 1287 sa laut, nie sprach sie zu mir selbst inssol-
499 1287 1292 1410 chen nonnerworten.
441 1454 2367 1591 Die Dinge in der Nacht des Nichtgeschautwer-
445 1571 2396 1691 dens harren des Wenschenblicke. in dessen Licht
487 1691 1104 1853 ie sich baden.
