2856 3416
577 476 1068 605 Filmanfang.
575 575 2539 740 Mann am Fernrohr in Zermatt oder dergleichen.
565 738 1981 844 Er verfolgt eine Bergbesteigung.
572 836 2428 992 nie Bergbesteigung eine Frau und ein Mann.
577 952 2559 1125 Diese Tour wurde noch niemals führerlos unter-
572 1135 896 1258 niommen.
580 1231 2512 1372 Der Wann sieht sie durchs rernrohr abstürzen
575 1352 2527 1515 ine ine Cletscherspalte,nfindber.Tausend Me-
582 1525 999 1636 ter tief.
609 1609 2522 1782 Eigentlich waren die rouristen die Frau des-
580 1747 2468 1902 Ma uns am rernrbhr und ihr celiebter auf der
580 1912 925 2033 Flucht.
614 2013 1646 2154 Neues Leben in Amerika.
577 2159 2495 2290 Es stellt sich heraus,dass alles gut vorbei-
587 2292 2463 2421 tet und die scheinbar Verunglückten eigent-
580 2423 1394 2546 lich Puppen waren.
587 2514 2450 2677 Entdeckung durch Auffindung der Puppe nach
587 2687 1125 2830 Jahrzehnten.
