3176 3400
541 244 758 426 Telor
2052 207 2756 419 Sctanhoat
1053 505 2805 636 Egen und Eiuard, die Kinder zweier Freun-
1017 645 2557 807 sinnen, haben zur selben stunde des
1028 773 2722 911 licht der Hall erblickt.Eine Zigeuaerin
1019 895 2729 1051 hat den Fültern gegal, dass iie Schick-
1010 1031 2826 1184 soleder beiden Kinder unlöslich nieinan-
1003 1157 2805 1319 der verbunden ein, dess jedes die Schner-
1017 1290 2609 1421 zen desandern, die Gefahren, die dem
1026 1412 2776 1574 Anderen droken,enffingen, dess ihr lebgn
1019 1540 2830 1714 gleichzeitigenden wird. Der leben-lurli-
1026 1680 2742 1831 ge,genuesfreudige lgon hat sich aus, der
1024 1809 2738 1942 profhezeiun, nie etwag gemacht, hat hoeh
1022 1910 2830 2086 immer nur seine eigenen Schrerzen gefühlt.
1022 2052 2783 2203 Bai dam soliden,redanlischen,ängstlichen
1058 2223 2823 2343 Eduard ist die Reissagung zur Fixenldee
1019 2323 2756 2474 geworden.Er hat schon als Find latsäch-
1028 2447 2776 2607 lich die Schwerzen des andern empfunden,
1028 2553 2787 2731 zu empfinden gelaubt und als Erwachseuer
1071 2697 2841 2873 verbringt er sein eigenes Leben zilterud.
1028 2830 2713 2977 ver Furcht, dass das leben Egoys durch
1026 2974 2828 3166 de-en zahlreiche leichteinnige stenteuer
