5576 3480
637 224 959 411 seler
680 477 2398 653 gerät dann in streit mit einem Spieler.
673 600 2304 745 Es komp! zu rätlichkeiten, der spieler
685 750 2514 893 packt Fron an der Furgel.Fduard empfiehlt
678 865 2401 1019 als ch er erpressen wirde.Anssprache im
692 1012 2382 1139 Fotgl.Eron ist von der Rank entlassen
722 1135 2396 1292 worden, sleht wieder vor deuflichts, ver-
694 1222 2408 1430 la et wieder Geld,droht mit Selbstmord.
740 1395 2461 1536 TQuaid: Daran glaube ich nichtmehr und
685 1520 2479 1656 wenn mache ein Ende, erlöse mich vonmeiner
696 1635 2530 1803 nin. Die geliehte Egons befreit ihnaus der
685 1785 2456 1930 cituation. Ich wil) nicht, dass du Hand an
696 1916 2507 2046 d ch legst.Du mussl für mich weiterleben,
2186 1997 2488 2083 Erster,
703 2032 2417 2177 nicht für ihr. - Bergripfel. Eduard ist
722 2147 2428 2318 er will nierts mehr wissen,mag ihn das
710 2290 2405 2445 Setielsal erreichen wann es will. Egon
696 2410 2382 2583 ist ihm gefolgt.Hothwals stelllerseine
703 2555 2253 2719 Forierung. Erfüllst iu sie nicht, so
696 2673 2461 2832 brauchst du nicht erst dainanx auf mei-
694 2770 2491 2961 nen Tod zu warten, um dein Endé zu finden.
740 2927 2435 3090 Hält ihm deu pevolver entgegen.Eduerd,
745 3058 2475 3245 aufs leussergle gereizt,stürzt sich auf
3466 364 5321 526 ihn, entreisst ihm die Waffe und stürzt ihn
3466 482 4589 660 in den Abgrund.Fällt kinx
4804 630 5124 756 Und ich
3464 655 3881 768 FrNachen.
3515 770 5104 918 lebe och. Gemordel also! Was habich
3519 888 5214 1031 gelan? lei bin ein Forder. In einerVi-
3556 1017 5217 1162 ion siehl er,wie er verhaftet undhin-
3503 1151 5277 1321 erichtet wird. Heint? Und erschiesst sich
3489 1282 5228 1434 Die Prophezeiung sell recht behalten, ich
3450 1439 4130 1571 slerbe it ilm.
