2872 3432
345 441 2074 562 Sehnsüchtig, ungebornen Freunden ruf ich
340 571 2179 740 Durch die Jahrzehnte meinen Gruss Euch zu.
333 808 895 957 Hebel wallen.
333 941 1617 1087 Nebel mir durch Herz und Sinn
329 1076 1631 1238 Ach, so geht mein Leben hin. -
322 1336 1934 1482 Besonnte Wies am Waldesrand gelegen
322 1471 2140 1626 Mit Blick auf„Berge,die nicht allzu fern.
311 1717 1715 1843 Wenn liebe dich daheim erwartet
315 1861 1827 2010 So wan dert sichs mit heiterm sinn.
