2840 3336
2327 168 2528 328 Ga
420 567 2224 697 Aphoriemen des kleinen Moritz. Von A. und F.
423 730 1996 841 Jeder Möros hat seinen Dolch im Gewande.
420 860 2075 1001 Der Tiefsinn ist die Mutter des Hochsinns.
420 955 2113 1109 Jedes Volk hat den Kaviar, den es verdient.
415 1085 2349 1237 Weinn einer Meier heisst, muss er wenigstens Frech-
1931 1215 2151 1335 sein.
418 1343 1815 1454 Gestorben sein, muss erworben sein.
418 1476 2037 1622 Die cigarette ist die cigarre des Türken.
399 1603 1386 1728 Roté Krebse, tote Krebse.
420 1717 2479 1842 Die Frau ist wie ein Regenschirm; man muss sich dann
423 1882 1614 1988 doch einen Komfortabel nehmen.
420 1961 2601 2124 Die Seele des Weibs ist wie ein Teich – aber frage nict
418 2121 1147 2246 nach den Schwänen.
418 2227 2460 2406 Men baut Paläste aus Marmor und macht Krägen aus Pa-
420 2373 1378 2520 pier - Zeichen der Zeit.
