5528 3416
692 376 2427 542 bedreht warden könne. Fr übernacht des-
685 533 2462 678 sen Tun und Treiben,stellt sich ihm stö-
685 632 2485 828 rend in den Seg,frenl, unbequerund lästig.
697 803 2411 941 Fei allen Ausslatlungemöglichkeiten, die
685 921 2520 1087 ren als fassionierter Sportman mitmacht,
692 1050 2471 1198 bei Hellrernen,schimmen, Jaden,Aulemo-
692 1191 2522 1334 bilfahrten überracht er ihn und verhindett
738 1301 2400 1463 ihn sich einer gefahr auszusetzen, die
734 1440 2487 1578 ihm sein,Ederde leben, vernichten müssle.
738 1588 2425 1701 Er verhindert ein uell Egons,zu demer
704 1694 2481 1844 wit Polizeiessistenz erscheint.Egon will
704 1816 2501 1948 it ihm brecken.Da fällt dem durch seine
704 1948 2478 2088 Pagsionen Finauzielledrangten ein, dass-
704 2107 2439 2211 er diese fize lder Fdurräs sehr gewinn-
697 2208 2471 2358 bingend aunülren könte. (Dieser Ein-
708 2342 2474 2464 fall kann ihm von einer Ceblieitangelie-
722 2471 2361 2612 fart werden)t Er fingiert die Absicht
708 2596 2566 2751 sich zu löten,weil er eine grössere Spiel-
704 2727 2527 2873 schuld nicht bezahlen kann. Eduard, ver-
708 2854 2409 2988 ständigt,eilt zu ihm und rettet beider
713 2986 2381 3159 leben, indem er ihm die Sümme gibt.Aber
3431 346 5136 510 Egon erst im Besitz der grossen Summe,
3468 480 5250 641 sicht, dass er sich doch nicht zehr lange
3443 623 5162 778 werde hallen können, dass es priktischer
3445 778 5111 911 wäre die gros-e Simme zu verschwenden,
3438 888 5109 1038 statt schulden zu bezahlen, Er er-reift
3420 1018 5153 1181 die Flucht, arrangiert die sache so, lans
3429 1158 5079 1288 mah ah einen elbetmerd glauben aus:.
3431 1265 5183 1398 (Wan findel seine Kleider auf der Brücke
3431 1405 5058 1562 u.S.M.) - EJuars erhält die Machricht
3420 1537 5243 1675 von dem Selbatmord des Freundes und fällt
3431 1659 5190 1816 lables zusammel.Nach einigen Winuten er-
3420 1793 5190 1931 holt er sich, ist angenehm überracchtnoch
3406 1924 5201 2063 am Leben zu sein. Von diesem Augenblick
3408 2058 5141 2208 ändert er sich vollständig.Der Baun ist
3431 2183 5190 2324 von ihm genommen, er will jetzt leben, was
3408 2312 5113 2478 er bicher versäunt het. Reise.In einen
3431 2444 5240 2589 spielsalon erkennt er in dem Crouxier sei-
3445 2589 5109 2737 neu Freund Exon.Es ist also nichts zu
3406 2702 5240 2843 Ende.Er steht noch imner unter den Shick-
3397 2817 5220 2986 sal.Fg n erkennt ihn und grüsst höhnigh,
