2840 3448
296 1943 597 2055 feriten
661 549 2020 630 Eh' Liebste mein Herz dich gesegnet
659 626 1916 727 Hie Gern wüsst ich Etner vorher:
657 677 1825 758 Wär Ich dir niemalé begegnet-
648 736 1784 829 Wen liebtest du dann so sehr?
661 871 1857 948 Hat nichtder Zufall der Zeiten
1468 931 1832 1019 gestellt-
655 942 1404 1016 Mich in den Weg dir
664 994 1700 1082 Und, der dir von Ewigkeiten
655 1056 2125 1155 Bestimmt ist,der irrt durch die Well?
1318 1114 1757 1184 durtiandet
670 1140 1969 1263 Vielleicht auch in dunklen Gässen
666 1244 1835 1341 Strich heut er an dir vorbei-
650 1321 1940 1407 Du. konntest die Hände ihm fassen
662 1383 1927 1475 Und ahntest nichtdass er es sei.
666 1510 1894 1598 Vielleicht wird er schon morgen.
673 1577 1517 1663 Vor deiner Türe stehn,
675 1640 2075 1707 Vielleichtist er längst gestorben-
661 1702 1859 1808 Und niemals wirst du ihn sehn.
1016 1773 1482 1867 nur endlis
673 1830 1885 1911 Verstehst du es nun das Bangen,
664 1898 1879 1991 Das nie von der Seele mir wich.
666 1964 1863 2051 lereies ja: von mir umfangen
664 2026 1651 2119 Betrügst du ihn und mich.
