2872 3432
280 255 562 363 (Giaite
473 444 2028 554 Geliebte, noch schläfst du ungeboren
598 535 1059 643 Einmel, ich wes
464 562 2281 738 Du kommst zu mirjverbittert und enttause
1346 672 2014 814 eil berers
478 704 1199 863 oder. nur traurig
468 822 2416 993 Aus me inen armen Norten strömt dir Trost, ent-
1697 927 1984 1010 nicht gelt
473 969 2146 1128 gegen, der dir (ar nicht vermeint war)
466 1079 2376 1241 Du hörst von mir niewals ein böses Wort wie
706 1192 829 1270 Eel
476 1219 2217 1386 von dem, der noch lebt und den du liebst.
473 1334 2367 1503 Denn ach die Worte, die ich zu dir, rede, sind
459 1467 2416 1614 nicht mehr lebendig. Es sind schwarze Lettem
466 1621 1300 1739 auf weissem Dapier.
1535 1658 2156 1793 sahr ich dich wellen
478 1704 2450 1886 nu musst nicht fürchten enttauscht zu werden,
468 1844 2097 1989 denn du wirst mich nie kennen, lernen.
665 1950 1962 2023 Hent let unfvog – i in vish en gonst Jebe
473 2021 1947 2141 Freimal verlor ich, was ich liebte,
468 2117 2004 2271 Durch Trug, durch rod, durch leben.
468 2239 2087 2406 Noch aber glänzt der Himmel über min.
468 2364 2102 2526 Noch rauschei mir die Bäune wunderbar
454 2506 2305 2656 Noch duftet mir verführerisch das Haar der
464 2663 780 2793 Frauen.
459 2735 2001 2884 Dich aber, Ungeborene, lieb ich mehr.
466 2904 1999 3083 Wir werden einander nie enttäuschen
