2872 3384
601 317 1571 459 Zu näherer Ausführung.
610 431 2305 608 Tendenz immer wohlfeil, wertvoll nur die
603 592 987 755 Gestalt.
613 729 2321 902 lang auf eine Wand starren,so ahnt man«
606 823 2321 1006 das gehe imnisvolle Spiel der Moleküle.
613 1029 2428 1181 Entwikklung der städte wie einzelner Mon-
620 1162 2198 1318 sehen.Unergründliche innere Gesetze.
632 1346 2487 1529 Seine Gestalten kämpfen nichtein, sie rau-
689 1521 1309 1652 fen nur nicht.
622 1661 2440 1848 Wem die Wirklichkeit nicht mystisch genug
660 1805 1872 1983 ist, dem ist nicht zu helfen.
651 1943 2556 2153 Religiosität die mildßte lund nicht immer di
644 2113 2369 2300 mildeste Form des religiösen Wahnsinns.
793 2262 1382 2388 Bliebe mun
