2856 3432
315 420 2311 568 kein stolzeres Wort kannt ich in jungen Tagen
315 537 2330 718 Als dieses:Freiheit.Kein's wie dieses strahlte
315 657 2555 838 so stärken Clanz um sich, dass, wer dem Ankreis nahte
315 796 2169 921 Im Lichte wandelnd stolzer schritt einher.
326 952 1924 1083 Was hat man dir getan du edles Nort,
317 1030 2555 1214 Dass du verschüchterst hinschleichst, wie verlöecht,
312 1197 2266 1322 Als wärst du deines Sinns dir nicht bewusst,
306 1328 2046 1492 Und jeder gube nagt's dich anzuspeien.
323 1829 988 2007 (fortzusetzen).
