3872 4186
855 1218 2501 1438 Er hatte die ungeheuerliche Idee Liebelei¬
877 1367 2489 1546 hier aufführen zu wollen. In Berlin
855 1473 2424 1648 soll er darin mitspielen. Die
859 1603 2462 1752 war; - ist möglicher weise noch
869 1677 2483 1865 Hier. Der Kleine Kram hat bereits
875 1820 2391 1958 3 mal mit tiefer Herzlichkeit
883 1907 2497 2077 mir die Stand geschüttelt. Es waren
889 2007 2495 2187 immer andere dabei. Es ist köstlich
887 2118 2483 2266 verlegen, nur ich schwerge was ihn
877 2213 2336 2348 sehr beimührigt Sie kommen gev.
1561 2266 2222 2383 torslichst Ihr
