3825 4200
933 436 1167 577 ...
2165 430 2271 579 G.C.
1312 438 1542 588 1  ƒ
2696 444 2789 564 11.
1622 642 2300 788 Doe Schwer lezt mir keinen
859 680 1474 824 und das zur auszutragen
2108 1108 2344 1201 lesen
1175 1148 2311 1295 Hôtel du Park LUGANO ein alter und bin bei der Sache
634 1251 2243 1392 thieber Arthur, ich hat mir den rechten Thürm genommen. Wir
632 1308 2325 1445 sahren Mittwoch von Mailand, um die beiden Abhalen
634 1382 2306 1584 Hugo hat heute in /zukeratigen Verwärz x nachm) den 20. Mertsberg
645 1453 2321 1674 s (jetzt heisst erführt. Dieser der Georgs) erlitten. Vorher hat er sich
668 1544 2224 1750 die Hinteraus zu schneiden lassen. Diete Operation
663 1649 2237 1818 gebeng auch. Der Götterl ist ein meschügener tisch
661 1708 2092 1885 dann scheint nach Hugos Urtheil zu resumiren.
1062 1942 2104 2220 hiebes Arthus! Hugo will Samstag
1051 2127 2075 2300 or Sonni uns Beiden den II Aker
1028 2218 2070 2410 seiner Vosse wieder vorlesen.
1059 2351 2056 2523 Ich schreibe ihm dass sie
1049 2441 2077 2631 Samstag im Theater Geben
1062 2576 2009 2736 Mr day Sommag daher
1057 2664 2094 2818 besser ware. Am 8.4 beinig
1055 2782 2136 2995 ¬daun Meuyl & tebaren dann
1055 2905 2094 3073 Schnitzler. Gut? Bitte
1047 3029 2081 3199 schreiben sie direkt an
1078 3140 2102 3317 Hug000 he einverstan
1102 3246 2104 3414 den; und nur, wenn
1121 3364 2056 3551 Gesicht geht. Hen
1569 3501 1917 3749 Tichas
