3791 4135
900 1023 2514 1301 und dabei fürst sich Alegenheit
902 1153 2402 1361 Bitte: Bahr soll die Zeit (die erste v.
924 1309 2368 1510 a posta ferma Rom senven-
2380 1408 2486 1566 P.
900 1476 2504 1720 Von Donnerstag an, bittu avienn
906 1602 2490 1815 Tie auch die Briefe u. Karten an
922 1776 2458 1949 mich dorthin. Mw schreiben Sie
930 1873 2410 2081 mir öfters: Ich werde jeden Tag
914 2023 2438 2248 for Tisch mir etwas von thuen
924 2173 2438 2388 abholm gehen. Ihr "Guereino"
926 2276 2466 2538 haupt in Mailand. Grüsse bitte
926 2452 2538 2771 richten Sie ein für allemal à durch
926 2582 2356 2807 tion amt, wissen Sie, so als
888 2749 2316 3001 Bebohnung. Herzliebst Ihr
1977 2963 2474 3128 K. Charris
914 2913 1939 3192 Dienstay früh,! Florenz
