5128 4104
1875 328 3243 509 1 „' „ 9 „ „ •
4207 325 4370 509 Pietalier
1401 497 3803 762 restante. Nicht vielleicht, deshalb weil ich hier
1416 717 3725 874 bin, sondern weil ich i am 27. dort sein will.
1401 847 3815 1016 Ich arbeite natürtsch nichts. Von Hugo habe
1407 1001 3803 1163 ich Keinerlei Nachricht. An Brandes habe
1401 1154 3815 1335 ich heute mein Buchgeschickt. Ich glaube
1401 1293 3788 1489 tricht, dass er was damit, anfangen kann.
1413 1386 3764 1603 Auch Robert Hirschfeld der mich vor mei¬
1407 1588 3827 1766 ner Abreise becomplimenterte scheint kei¬
1407 1670 3779 1875 ne Ahnung zu haben was der Inhalt des
1404 1802 3809 2019 Buches ist. Was macht Gustav; wäh¬
1438 1995 3797 2149 rend ich seinen Vornamen wiederschreibe.
1426 2134 3806 2306 werde ich so verlegen, als sahe ich sein im-
1426 2233 3767 2456 glaubiges hächeln zu dieser Intimität.
1447 2333 3737 2604 Grüssen Sie ihn, dann à discrètion die
1438 2516 3767 2770 übrigen, aber in gemesienen Sistanzen
1419 2658 3755 2887 Wie ich meinen Brief überlese, finde ich dass
1429 2797 3734 3041 or "witzig" ist. "Gott sei Dank er wird nitzig.
1416 2908 3725 3134 Aber der Hofmarschall Kalb, der das sagt
1404 3047 3674 3228 weispricht daß das für den Ferdinand
1413 3167 3737 3372 ein schlechtes Symptom ist. Ein mich
1386 3285 3436 3589 auch. Von Herzen Ihr Prhard
