3863 4199
2039 453 2241 578 G.C.H.im/M.M.
2564 439 3085 624 V. P. v. G. A. M.
1364 441 1465 590 id
2391 376 2530 598 "
1415 766 2504 884 • ̃ 1 1 1/2
1094 892 2302 1109 Schlaflied for Kingam
716 1072 2376 1287 Schlaf mein Kind - schlaf, es ist spät
696 1246 2441 1448 Sieh, wie die Sonne zur Ruhe dort geht;
672 1403 2502 1615 Hinlau den Bergen sticht sie im Roth
670 1557 2533 1752 du, - du weisst nichts von Sorme und Tri
680 1665 2600 1952 Wendest die Augen zum Licht und zum Schein
682 1861 2622 2073 Schlaf - es sind so viel Samen noch dem,
694 2024 2514 2251 Schlaf man kind - men kind, schlaf an.
663 2145 2412 2393 J Thlaf mein Kind - der Abendwand nicht
704 2309 2502 2543 Weiß man, woher er kommt - wohin er geht?
716 2449 2340 2665 denkel verborgen die Wege hier sind
721 2562 2540 2822 Dir, und mir, und uns alle mein Kind.
740 2735 2465 2931 Blinde so gehe wir, und gehen allein
735 2853 2475 3070 keiner kau keinem Gefährte hier sein.
721 2981 2504 3237 Schlaf mein Kind, wie Kind schlaf ein
