3660 4168
711 501 1103 746 Lieber Ar¬
433 713 1764 882 Ich wohne, Hôtel Neuhauser
410 828 1090 979 fro wohnen sre.
433 948 1855 1101 Ich habe infamen Sonnenbrand
433 1035 1354 1177 die Sonne die Sonne
451 1109 1742 1263 Grüssen Sie nur Schwarzkop¬
458 1233 1123 1428 Loris, Salten.
1352 1267 1533 1455 th
1113 1422 1750 1653 Richard
1966 456 3526 664 3. Lieber Arthur! Ich danke Ihnen
2032 610 3516 758 daß Sie mir trotz meines Schwes¬
2053 693 3500 851 gens schrieben. Mir geht es
2084 787 3436 946 lange nicht, &o gut als sie
2069 870 3539 1024 wünschen Stimmung tief unter
2059 971 3512 1138 Will. Bitte schreiben, oder tek¬
2073 1066 3460 1212 giafioen sic; wo n'ur irann
2055 1173 3510 1369 wir uns in Fehl treffen sollen,
2055 1286 3493 1451 Leo Fau-Juny ist seit einigen
2065 1389 3415 1562 Tagen hier (mil Familie).
2063 1486 3502 1638 Ich stehe also in Verfügung.
2661 1583 3496 1750 Auf Wiverschen
493 1595 921 1840 19 Mai 9
2706 1688 3460 1919 Mr. Richard
2162 1775 2646 1970 12. Aug. 91
2490 2098 3188 2249 Lieber Arthur
552 2123 645 2296 9
831 2082 1340 2277 Lieber Arthur!
1544 2115 1876 2296 30/1 91
480 2255 1968 2407 Denken Sie mein Cousin hat auf mein Anrathen
2131 2197 3479 2436 Zwei uns befreundete Damen
474 2341 1962 2519 die alten Jahrgänge der blauen Donau" gekaufen
2117 2350 3498 2494 -nicht aus Wien - wollen
484 2424 1880 2578 hnd an Sonntag Nachmittlagen, wenn ich
2127 2457 3578 2609 nach Wien von hier aus, um
509 2492 1956 2690 frei bin lese ich Einzelnes daraus vor; Philister
507 2585 1942 2780 publikum zum grössten Theil aber Publiku.
2127 2568 3596 2756 Professor Kraft - Ebung zu comm.
507 2671 1921 2848 Loris Gedichte, von Paul die Bleisolvaten
2094 2686 3574 2844 tiven. Ist. Kraft -ibing aber
513 2797 1946 2972 nur noch einige kleinigkeiten, von Ihnen
2121 2801 3557 2941 jetzt in Wien? Wenn nicht, ist
503 2852 1876 3056 Gedichte, "Episode und Alkandi". Die
2100 2912 3537 3079 bekannt, wann er zurück
501 2953 1875 3170 Liever eines Nervösen konnte ich nicht
2106 2999 3555 3166 Kehrl? Bitte antworten Sie
499 3069 1944 3351 Sie haben nur nie was von ihnen gesagt,
2145 3122 3580 3287 mir bald. Bez. meiner Wenig¬
503 3192 1861 3417 und sie stehen auch nicht auf ver Höhe
2127 3225 3557 3397 keit ist noch kein Entscher
503 3271 1902 3516 der anderen. Episode ist merkwürdiger¬
2123 3324 3473 3485 gefasst Wien — Pörtschach
517 3421 1956 3652 treise begriffen worden und hat gefallen
2152 3419 3596 3627 Aussee alles noch ungewin¬
