3821 4168
1177 411 1665 655 V. P. F. v. M.
2036 846 3349 1230 Stralsin, und Flüchen,
638 809 1828 1173 Au sein, oder sonst
645 1066 3326 1380 tras, so sehr imprespo-haben; wie ich dazu
668 1267 3299 1604 niren mich jetzt gleich. Könne weiss ich nicht
655 1454 3282 1758 gilloge Dinge. Ich glaube Oder ist am Erwe
628 1655 3316 1982 manchmal daygan doch daran schuld
632 1872 3312 2133 alle gute Leute, die dass ich weiss, dass
675 2016 3369 2400 bald sterben müssen jetzt das im Herren
625 2216 1979 2490 diese leschte Rühmen
1942 2323 3135 2527 -m was in's -
638 2383 1989 2704 nur färllichkeit bei
2082 2447 3095 2717 Mich - Hiberlebke
655 2570 1905 2898 todten Dingen - rore
2042 2641 3102 2998 Mr begraben?
675 2758 1645 3092 Baumen mr
3439 458 3550 595 j'a
