3766 4216
1516 394 1598 524 „ il
2550 454 2684 624 V.
2647 637 2779 811 18
1073 738 2794 910 hicher Arthur! Bisher hat sich Jarns
1056 886 2764 1029 noch nicht sehen lassen; ubrigens
1082 1007 2827 1183 Romen Sie ja hoffentlich in einigen
1106 1122 2730 1346 sagen selbst. Bitte wenn Sie kommen
1080 1236 2779 1437 bringen sre nur ein flaccon Parfum
1069 1393 2836 1620 mit; es ist bei Weisse am Mehlmarkt
1071 1556 2715 1754 Ecke der Rankengasse erhältlich.
1078 1675 2812 1897 der Name ist, glaube ich: "Neomir"
1122 1860 2748 2027 du Rhare over sonst irgendure
1137 1990 2755 2177 alhmlich; auch bringen - over
1146 2127 2794 2356 wenn es sre genist - schreken Sie
1137 2250 2794 2473 nur 100 Stück egyplische echte
1117 2404 2841 2636 Gigaretten irgendwelche Marke zu 5-6A
1164 2525 2711 2724 lichstens (Riedhof, Central, Sacher,
1150 2649 2702 2827 Caffie Superial Z. Vielleicht nur t
1122 2781 2814 2929 halten seinen Urlaub auch um die selbe
1146 2929 2567 3103 Zeit? Ich sehe ein, daß mir
1199 3030 2805 3211 da ich Euch doch nicht nach¬
1267 3167 2889 3416 laufen kann - nichts anveres
