5130 4136
114 355 1152 598 Gouvernement, jusqu'à l'a précédé, comme elle ses mêmes, etc.
3453 319 3717 517 Votre très de
1471 340 2611 529 1 „ „ 4 „ 9 „ •
2686 358 2872 511 12
1465 583 3853 788 Passtion bei uns gemacht; man kann
1474 764 3859 1032 nicht sagen dass es mit wenig Einsatz
1489 914 3753 1155 geschehen ist. Wenn ihr Mann jetzt
1462 1101 3804 1278 noch kein Geld verdienen wurde, wäre
1471 1209 3850 1423 er ein Dichter für uns - nur um nicht
1474 1344 3811 1555 soch zu sein. Frau Professor d. hat ihn
1555 1546 3823 1753 sie fürret ihn überschätzt - mit dem Zeich¬
1510 1672 3880 1940 Allers verglichen; der von H. & Freunden ihr
1465 1853 3877 2051 das beigebracht haben mag. Auf ihrem
1483 2009 3877 2253 eigenen Mist ist das nicht gewachsen;
1474 2177 3853 2406 ich glaube übrigens sie hat überhaupt
1492 2304 3741 2547 Keinen eigenen Will. Dass Sie Sich
1483 2478 3762 2692 die Lekhüre von Georgs Tod für einen
1480 2644 3847 2893 Fruhlingstag auf dem Land aufheben
1486 2812 3859 3056 ist sicher für das Buch gut; ob auch
1483 2980 3859 3263 für den Tag? Henn Sie nur durchaus
1471 3134 3859 3414 das Buch des »dampfenden "Junglings" schicken
1483 3314 3871 3618 wollen, schicken Sie es nach Florenz, witte
