3863 4199
2059 440 2293 577 ....
1032 445 1302 604 V.J.
778 838 1498 991 ̃ ̃ "   . -   -
725 916 2573 1252 Schlaf mein Kind - und sonst auf mich,
732 1145 2636 1382 Sinn hat's für mich nur — und Schall ist für dich.
725 1300 2527 1525 Schall nur, wie Windwehr, Wassergerin,
732 1445 2457 1660 Worte - vielleicht eines Lebens Herrn.
732 1551 2677 1827 Mar ich gewonnen, grübt mit mir eine,
718 1728 2445 1914 keiner kau kommen ein Erk. hier sein,
725 1873 2474 2100 Schlaf meinkind - mein Kind schlaf ein.
766 2100 2571 2341 Schlafft die Einigern: - liegen mein Kind,
780 2271 2636 2515 Wir uns sind wir, und hofein uns rinnt
756 2426 2547 2624 Blut von Gewesen - zu komender vollt's
766 2518 2573 2697 Blut unsrer Stäter, voll Unruh und Notz
2634 2648 2716 2817 2
778 2677 2571 2892 In uns sind alle; nur fühlt sich allein?
759 2813 2271 3013 die bist ihr Leben - ist Lebe ist dem
778 2938 2641 3180 moyam mein Leben - mein Rundschlaf an.
1566 3139 2472 3356 Richard Bell-Hopmann
