3993 4151
341 1041 1914 1234 A propos (warum a propos, warum)
393 1168 1964 1393 fällt mir das jetztem?) was stand
383 1319 1811 1547 auf den in Verlust gerathenen
377 1452 1811 1615 Pallaman Karten u Bahr brtte
373 1615 1762 1835 Gouyen sie hergsich, mw der
373 1758 1954 1982 Abonnent has mr "Wol ge-
387 1916 1966 2148 tan. Und das „Burgteater“ (Würschen)
381 2077 1926 2291 war gescheidt und diplomatisch
375 2216 1889 2462 Wm die & Schmetterlings schlacht
389 2379 1869 2585 bater sich seitweise eingerever
427 2505 1845 2668 -ich kenne sie mehr, - aber
432 2619 1938 2835 ich michbillige Me. Kleine Probe
399 2759 1932 2940 von kleinen Warten um anstatt
436 2900 1704 3138 tiefstes Auftammung des
2095 974 3616 1226 Lebeus kürgerlich-ideale Moral
2017 1176 3525 1426 auf dem Grunde; und die Belo¬
2065 1323 3497 1577 geter Sittes in reicher
2027 1527 3555 1720 Reirath, und die Versorgung
2049 1652 3495 1867 der Blick in die Zukunft.
2049 1789 3483 1984 Das Mei ist viel schöner
2047 1916 3565 2107 mir viele auvere, viel kleinere
2029 2031 3624 2283 Dingeauch. Frehnarthus, bitig
2027 2196 3503 2375 schreiben Sie mir sehr sicher
2021 2321 3608 2545 nach Venedig, nur ved; xxx
2014 2452 3597 2630 wurden unendlich leiden unter
2023 2597 3585 2827 dem gevanken, wie peinlich
2041 2730 3636 2898 ich es empfunden müsste.
2039 2849 3339 3087 in Veindig kennen Brie¬
