3858 4136
1306 1091 2477 1310 48    Florany 2/10
1313 1202 2617 1469 hiebes Arthur. Wet therein.
1218 1460 2785 1707 Brief hat ich mich sehr gefrein
1208 1664 2646 1894 Wenn man Fagelang stumm
1195 1869 2750 2040 unter schönen Sachen hein in
1204 2038 2629 2270 icht freut einen eine, na¬
1198 2276 2662 2463 wie soll ich sagen - ich eine
1230 2426 2656 2570 bekannte Stimme niever -
1241 2607 2705 2773 Ich bin von den affizien ge¬
1222 2742 2703 2921 kommen u. habe auf dem
1234 2896 2641 3186 Weye m Restuurant
3161 399 3440 551 V....
1996 372 3110 573 1 „ „ '' „ 4 „
1578 376 2003 532 1: p:s 7: —: r:
