3364 4183
541 431 1349 697 "Monsieur, le précédier de l'affaire, etc.
1670 464 3181 652 1 7/1 „ „ —„ — „  —: —:  —”  —. —: 5  —
558 1479 3161 1793 Soeben fällt uns ein dass ich bes. Verlag v. Freund in das geant¬
600 1731 3181 1903 wortet habe. Flegmann hat mich Ihnen entzuterten.
567 1832 3035 2065 dag freund nicht in Berlin, mittin de Bävern ses
610 2010 1475 2192 Souverin in des
1907 1981 3051 2228 Dauphinee, bitte
600 2127 2909 2312 nachzusehen, ob die Orthographie richtig - die
655 2263 3100 2526 zu seiner Rückkehr kann man nichts binnen
