3666 4199
440 477 862 624 '̃ ̃
1208 479 1900 613 .,,,, -,, i,,,,., -',,
2478 475 2565 589 1
1079 488 1156 604 a
2187 514 2340 698 20
749 576 2388 926 Liebes Arthur'. Hier die Nouvelle-bis
770 849 2447 1022 auf das letzte Capitel das ich noch
803 987 2327 1134 andere. Bitte tun we was sre
777 1114 2502 1318 Können um die Abschrift zu beschleun¬
2053 1221 2208 1353 un
801 1272 2425 1456 gen, u in Schreiben, e mir wenn
797 1434 2550 1602 es es verspricht; geben sie ihm eventuell
788 1530 2375 1744 eine Främie für Beschleunigung.
814 1690 2565 1882 Vielleicht schicke ich auch das letzte Capitel
827 1814 2561 2053 ein, aber wasten Sie keinesfalls daraus
858 1948 2513 2152 dienent wollte gestern gedichte von
884 2099 2430 2329 ihnen als Jugabe lesen, man
893 2241 2517 2504 schickte zu mir, - ich hatte begre¬
873 2392 2425 2585 herweise Keine. Schave! Bauers
876 2574 2559 2778 Notiz - es sagte mir gestern den Wort
895 2677 2473 2929 laut ist gut. Un Paul Horst
913 2819 2403 3051 habe ich wegen Bössenwung
928 2970 2399 3217 gesprochen Lantenburg ist.
