3660 4168
775 1975 1823 2164 amt. S'avertien doit aller et cette tresse
282 2090 1804 2225 was ich zwei Consui die Publicum waren
278 2164 1793 2320 nicht zu getraut høtte. Alkandilas ich
293 2252 1825 2414 spat Abends, und als meine Tante mich
368 2356 1724 2488 erinnerte Pass es spät sei war mein
349 2436 1817 2629 Cousin verart wüthend über die Störung
364 2541 1758 2713 dass er einen halben Jahrgang blaue
360 2621 1825 2793 Donau je Boven warf! "Die Macht
339 2751 1732 2930 der Poesie. Wenn Sieglauben ich
354 2873 1804 3044 hätte viel Zeit zum Schreiben irren Sie,
305 2941 1810 3117 heute habe ich Haserninspection n'un
301 3063 1810 3246 muss hier in der Kaserne sitzen, und
314 3172 1810 3338 übernachten, sonst käme ich nicht.
293 3244 1768 3425 Jum Schreiben. Nenn sie Lust haben
265 3351 1709 3574 schreiben Sie Ihrem Richard:
255 3406 733 3576 30 Mai 91
2699 440 2854 558 "
1956 2033 3294 2242 Was haben sie beschlossen
2090 2174 3339 2381 wüssen Sie nur herzlich.
1955 2305 2711 2490 Salten. Ihr
2715 2360 3019 2536 Freuen
2993 2526 3448 2717 Richard
1979 2595 2696 2844 21. Aug. 91
