5128 4104
2563 336 3190 496 '̃ ̃
1348 359 1592 469 in ̃
4286 339 4645 567 1. ̃ 1.
440 345 870 487 „ „ — „ - „
1360 552 3730 787 Vielleicht heisst das grosse Geheimnies eines
1390 701 3766 965 erträglichen Saseins: Oberflächlichkeit.
1369 829 3766 1129 Unsereiner, der einmal zu Graben begonnen
1375 1057 3736 1331 hat, kann freilich nicht mehr zurück,
1363 1179 3754 1443 aber vielleicht geht es an so tief zu Graben
1372 1316 3680 1565 bis man auf der anveru Seite wieder
1423 1458 3787 1737 herauskomt; das ist, dann unsere "Ober¬
1372 1613 3718 1877 flächlichkeit". Der wächste verg ist, das
1405 1773 3784 2064 nicht! "Tollak wo trast Du Dein luckes Ohr¬
1429 1936 3674 2168 Meine Frau hat sich bisher wicht erholt
1399 2100 3677 2320 ich habe hier einen Husten bekommen,
1381 2239 3760 2435 Die Einzige die sich wol fühlt ist Mirjam.
1390 2376 3739 2652 bis sie gro sser sein wird, wirds schon besser
1390 2539 3692 2762 werden? Frau Professor Döppler habe
1363 2726 3721 2955 ich hier getroffen und mir von ihr oortsatsene
1357 2845 3698 3071 lassen, was sie amusamt und eifrig tat,
1405 2970 3769 3208 "dicn aesociation. Elly H. hat sich rich¬
1375 3136 3683 3401 tig, sie ich herzloser Weise schon vorher zu
1384 3282 3638 3617 Meyer sagte, mit ihrer Krankheit eine
