3850 4169
944 418 1378 669 '    "   -  "
2431 428 3490 655 1 1 7/1 1 1/2, rue 7, 4, 5, 5/4, rondern, 3, 6/10, nr. 4,7.
519 893 1901 1164 Meyer Förster. Sie werden
1952 910 3178 1137 lanten hören. Wenn
1908 1086 3137 1297 ich bis dahin nicht
496 1080 1708 1290 also auch hier durch
1915 1236 3113 1453 todt bin; man soll
509 1270 1820 1480 Litteratur in der Littera¬
1884 1412 3157 1630 überhaupt wicht » ich
543 1443 1840 1653 tür - man konnte dies
1888 1582 3134 1806 werde sagen, es ist
502 1630 1911 1881 mit dem Gwavratgeschen
1942 1711 3181 1932 in er eine Provokation
492 1820 1820 2054 ausdrucken berühren
1769 1854 1888 1932 ouvrage:
1877 1884 3069 2071 des Schicksals nur
492 1962 3222 2234 Morgen wenn man ihre wenn ich morgen hove
489 2125 1803 2370 Aucke gibt werre ich
1857 2193 3188 2438 bin meint dann das
499 2309 3039 2533 hier in der Wirtsstube das me Schicksal es
489 2502 3134 2774 sitien mir so wie heute habe eine glänzen
509 2580 3134 2893 du glocken sieben den Witz gemacht.
