3766 4216
1251 456 1515 587 1.° ̃ 2
2118 452 2623 603 ..1.,..,,
1545 460 1941 601 1 4/9 1/4 1/2
1964 1165 2207 1327 18a
1093 1167 2608 1464 Sachen fällt uns ein; Gestern saß in
1093 1378 2760 1614 der Theater-hoge ein frautens. „Wreden“
1093 1536 2762 1764 mir wol bekannt, eine der 3 Schlafwa¬
1112 1730 2806 1882 conducteurstöckter wenn ich nicht
1135 1825 2792 2000 irre, nnd P. H. gewesene Herrin?
1135 1935 2621 2127 was ist mit ihr. Soll man sie
1131 2047 2808 2264 besuchen — ansprechen — ignoriren
1182 2180 2830 2403 weiss P. H. von ihrem hiesigen Aufent¬
1211 2298 2207 2564 halte, komter her.
