3858 4216
297 448 1162 615 1 1/2 1/4 r. p. v.
3152 501 3241 607 11
2603 450 2832 607 V. P.
2282 482 2372 619 1
1245 1447 2524 1597 Tromagaben Hôtel Garvone, Garvasee
853 1519 2518 1693 Lieber Arthur! Ich denke dass man mir
859 1604 2484 1850 morgen einen Brief von Thun nieher
863 1748 2372 1932 nachreuern wird. Bes minvestens
861 1884 2565 2102 Donnerstag. Als be ich hier, aber adressiren
859 2015 2439 2227 Sie ruhig an ih westerlin hieher es
880 2149 2471 2359 wird nachgeschiekt. Wo werde ich
846 2272 2531 2439 bei Liebelei Sitzen. Halten Sie mich
880 2382 2522 2556 doch auf dem Laufeuren was geschicht
1413 2473 2121 2592 Herzlichst Richard
