5224 4216
916 425 1186 584 jours, j'ay
2422 554 3745 811 St Michael im Eppan 3/X 1099
2943 742 3691 916 Déceu de ma
1434 781 1614 934 appre
1416 817 3718 1066 Lieber Arthur I.) Von Vahrn bin ich fort weil es
2515 1024 3356 1206 o 70in schon zes 2/3
1443 997 2527 1165 in dieser Höhe circa
3341 1009 3805 1212 tühl ist.
2518 1096 3096 1212 parler :
3341 1096 3515 1200 5 5
1395 1105 3802 1386 2) Dieses St. Michael biegt an der heuer
1425 1269 3796 1530 ten Überetscher Bahn - Bogen-Kaltern, und
2706 1413 2982 1554 bei
1455 1434 3670 1659 eine Wagensturve von Bozen. Meistens
1434 1563 3772 1802 kommen hier nur die Leute die auf die Neu¬
1452 1718 3712 1988 del fahren durch, ständig wohnen hier.
1458 1886 3796 2132 wenig Freunde. In innerem Hôtel ausser
1488 2069 3805 2218 uns Niemand, 3) Auf die Idee hieherzu¬
1458 2164 3775 2446 kommen hat mich ein Eisenbahnplattat
1521 2332 3742 2539 gebracht. 4) Ich dürfte nicht länger als
1542 2464 3694 2664 2 Wochen vroch hierbleiben 5) Ich bin
1545 2617 1772 2721 dire et
1500 2626 3697 2880 im I Akt, (der drei Abtheilungen aus)
1458 2790 3670 2985 in der ersten Abtheilung im 5ten Verso¬
1476 2937 3754 3155 hundert. 433 Verse hatt gebräucke bis
1482 3116 3784 3302 ich den Helven auf die Bühne gelassen
1506 3242 3584 3443 habe. (5.) Meine haune wäre bester¬
