5241 4199
313 424 1169 676 „ 4 „ „ 9 „ —: 4: —: 9:
1230 448 1632 628 Von tädtigen und überallen wurde,
1485 761 3824 983 Wenn ich mehr schlafen würde. Im nbrigen
1488 878 3779 1154 haupt sie von der Arbeit ab. Viele Verse¬
1476 1079 3800 1308 güte haune; wenig Verse-Schlechte Laune
2513 1251 2739 1347 de S.
1437 1299 3857 1512 O Gott! Was wird mir nicht Alles gestrichen
1449 1425 3749 1623 werden.“ Die Boillanten werden sie nier
2080 1584 2375 1674 W.S.
1527 1611 3770 1867 Stehn lassen: Antworten die höflich¬
1479 1756 3707 2050 "Also Alles: "Ich grosse Sie herz bien
2838 1957 3713 2104 Monsieur,
3568 2122 3770 2261 xx
2931 2125 3253 2282 of the
2838 2207 3337 2411 Chaud
1452 2213 1653 2360 's
1557 2327 3737 2591 Grussen, Sie-Brahm und Ken. Dem Brahm
1491 2513 3761 2766 bringen Sie um Gotteswillen keine bessere
1587 2703 3776 2889 Meuning von mir bei! Bis auf Westeres¬
1533 2841 3809 3102 lassen sie mich für ihnen. Ein Herr mit
2946 2991 3250 3151 TEER
1563 3036 2736 3310 einem Monocle sein.
