5243 4088
325 344 2369 659 lieber Arthur! Ich habe eine Menge 32/11en
2834 336 4266 693 III. Grüsse à Discretion.
312 590 619 756 an sic.
2844 614 4883 879 IV. Bitten die Bahr er möchte die
296 682 2283 918 I. Seuren Sie mir unter Kreuzband den
2931 758 4849 1018 nommenden „Zeit“ mirnach
407 855 2133 1070 Bolgar, ich nehme ihn auf die
2920 931 4917 1126 Leuven ich weive meine Adresse
367 1002 950 1207 Reise mit.
2981 1068 4718 1262 then bekannt geben. I sch.
289 1141 2270 1391 II. fragen sie telefonisch der Vausttorn
2925 1225 4342 1412 abonnere natürlich.
383 1343 2306 1556 An ob es geht dass ich Dinge an falls
2818 1356 4893 1553 V. Danke ich für alle schwerden
391 1456 2209 1679 ich zollpflichtige Sachen von
2973 1522 4662 1711 die sie mir mir haben.
362 1635 2293 1803 Italien hernbersenden sollte ich sie
2920 1653 4914 1881 Genau Rouk, Tug der abreise
362 1758 2380 1952 adressiren kann. an. Herrn Paul Horn
2960 1792 4941 2078 gebe ich Ihnen noch bekannt.
378 1965 2401 2130 h. Eds. Schenker u. Co und ob dann
3002 1942 4004 2228 Herglschst
4127 2020 4450 2283 Thr
380 2094 2291 2327 Scheukers ise Verzollung etc.
1834 2233 2264 2401 Parbeiten
383 2254 2283 2474 übernehmen. Weil ich nicht wegen
4256 2209 4878 2739 Zochard
344 2380 2209 2629 meines Vupäs die Sachen (Moritz
2910 2330 4261 2697 "F Sept 9th July" will
281 2584 2390 2826 gehote heruntes own Dirk.) an with
270 2710 2267 2939 adressiren kann, und ich deutte
2915 2663 4922 2970 Wie ist die Adresse der Sandrock?
868 2849 1517 2994 Paul Hoon or Gherd
273 2868 2283 3101 dass es ihm eben weniger Scheres
331 3009 2401 3235 macht. Wie ist die Adresse von den
643 3143 2354 3358 Paul Horn nur wie die der
443 3327 1742 3587 firma Schenker?
