3225 4200
1102 442 1197 555 1.10
436 436 2756 816 bekannt sind macht es nichts. Richtig
420 706 2808 988 nur es beissen: Na Sie gut bekannt sind
414 850 2799 1108 und es ihr nicht geben, so wollen Sie eben
457 1022 2768 1231 nicht dass sie es hat. Ausferveur ärgert
417 1166 2885 1384 mich: M. auf dessen Verstand, Takt, und
460 1292 2903 1587 Geschicklichkeit ich einige Hoffnung setzte
460 1488 2682 1697 enttäuscht mich. Ob es denn mir
470 1636 2765 1887 einfiele ein als Mannerigt gedrucktes
460 1761 2700 2093 Ding jungen Mädchen in die Hand zu
488 1921 2872 2173 geben die - nach meiner Taxirung - gar
473 2114 2931 2338 kein wirkliches - ausser persönliches Interesse
488 2268 2928 2526 daran haben, und nur eine Trimeurprotjeres
488 2483 2713 2651 damit anstellen wollen. Im tübrigen ist
512 2667 2461 2875 es wahrscheinlich nicht so wichtig.
512 2805 2928 2971 Wenn Sie Minne einmal - damit die heim¬
528 2928 2906 3173 Recht behalten - doch heirathen sollten.
519 3075 2958 3305 wird dieser Brief mich nicht beliebtmachen,
546 3213 2882 3492 Sch arbeite. Man überschätzt wie sie sehen
543 3388 2808 3670 immer noch die Menschen. Herzlich Ihr
