3850 4200
937 647 1850 865 Lieber Arthur!
245 787 2652 997 In diesem Haute lebte von 1502 bis gr seinem Tode 8 Sept 15 34 als Stadt
440 991 2626 1162 채rzt von Villach Wilhelm Bombast von Hohenheim; dem
518 1102 2482 1263 Sohn, der durch Sie - so ber체hmte Paracelsus
551 1180 2317 1350 lebte hier von 1502 - 1516, nur Richard Bier
650 1302 2257 1485 Hofmann Trank am 29/2 1890 hier
769 1422 1982 1617 schwarzen Kaffee; das helfte
2018 1458 2269 1584 Kauny
2030 1566 2194 1668 aut
805 1560 1958 1688 wat체rlich heute noch nicht
844 1674 1865 1847 der Gevenktafel seihen,
1350 1769 1778 1910 Herzlich체.
1174 1796 1560 2018 Pichard
1940 3012 2057 3191 Platz
365 3033 1203 3182 Dresden-Berlin 1897. Stengel & Co. No. 5543
515 3152 1751 3341 Besten Gruss aus Villach sendet
