3825 4042
760 990 847 1093 id
1147 1074 2550 1220 Tien 502 21 12/50= W. 189 den
585 1275 3128 1498 ich freue mich sehr. es gratuliren schwarze koepfe, teon und bruder
588 1374 1498 1578 doktor engl. = richard +*
1467 1492 1693 1613 de la riviere ou de ses
521 1530 642 1732 FJ
2214 2093 2425 2256 Gramüth
575 2153 3144 2383 Telegramm's b de wien 111.-52 9 16 6 30- W. 168 den
1911 2326 2038 2406 P.
604 2383 2991 2578 schoensten erfolg und herzliche Gruesse von den halbwahren aus
2677 2498 2802 2550 *
2834 2492 2946 2546 *
