3829 4151
1606 1051 2308 1321 Bajae 22 u/2 gg
1369 1071 1556 1245 50
1099 1287 2631 1508 Liebes Arthur! Grave, wie ich in den wäg¬
2574 1432 2685 1550 feo
1075 1428 2601 1664 steige, bekomme ich Ihre Karte. Neuen
1085 1556 2655 1756 Brief hund Karte haben Sie wohl?
1105 1734 2679 1921 Das schreibe ich beim schnayen Kaffee
1119 1855 2530 2037 any ciner Terrasse am this is
1143 1985 2681 2246 Bajac. (Bitu lesen Sre jn bauré
1159 2135 2643 2374 über Bajernach. Abends bin ich
1133 2300 2617 2472 meres in Napel, dann morgen
1123 2410 2661 2609 "die nachsten Tage, Capri Søvrens
1119 2532 2659 2719 dann Verndig. Adressiren Sie bitte
1107 2673 2629 2893 Briefe und die 4. Nr. der Zeit nach
1137 2807 2653 3052 Venedig, Bauer u. Grünwald. -die 7 "
1101 2937 2707 3190 2. Unmer habe ich 3ten erwarte ich
