5513 4199
1198 455 1457 577 G.C.H.F.P.
1610 431 1785 611 17
601 461 783 614 7, 7,
2808 402 3043 670 G.C.R.
2977 1361 5333 1666 nach dem Soe derartige Sachen, aus Ihrem Le¬
196 1374 2864 1646 Anerkennungsvoll, hältes nur für die Wohne zu stark
2950 1543 4447 1776 auf die Bühne bringe, scheine.
202 1630 2784 1769 Aber lesenre selbst. Mich beschimpft man noch
2957 1689 4397 1922 man eingerchen zu haben
183 1762 2555 1955 maneberal, von moralischen Standp aus
2917 1822 4321 2071 dap es denn dort nicht.
256 1918 2874 2074 Jemand – ich glaube frau waldtig er ist doch nicht
2970 1988 4464 2204 Greuze; Jarno habe ich ein
256 2051 2861 2253 so duin. behauptete es ware irgen etwas zwischen
3010 2147 4321 2353 einges mal geprochen.
299 2187 2877 2390 Ihnen und M. B....... t im frage gewesen; aber
