5144 4122
2050 224 2734 386 Von..............Dor..............Ohr..............Min..............Matay..............
2055 295 3886 525 Bezug und Wintal, mitazworten (Worten Chiffern)
573 358 1803 522 Man! hatt ich wenigstens
3262 440 3500 548 Text.
485 434 1817 690 gesagt wenn ich schon nun
2183 485 3517 678 wien frischl 5208 28 12 20 n =
275 593 1726 795 Schreiben zu fängen bin.
2055 599 4199 849 wir sind am izwejten august vormittag in salzburg
261 724 1791 940 Ville seuven (samentie) sie aus
2075 826 4352 985 oesterreichischer hof bitte es dem suendentraum
210 843 1845 1110 die "Zeit" a posta ferma florent
4184 920 4352 1099 ich
2052 945 3986 1138 in Wien ist nicht zu sagen herzlichst
216 1028 1794 1195 so bis wel, 3 von bei. Vielleicht in
176 1127 1817 1312 dort auch eine Karte von Theren an
258 1226 1749 1445 auch. Herzlich ist Ihr Roebard
2001 1260 3276 1448 G. C. R.C. Leipzig.
1312 1436 1817 1610 Sonntag 7/2 Rv
247 1496 1734 1664 hiebes Arthur: Warnen schreiben die
2810 1490 4173 1698 28/1099 - Venedig - Sonntag Abends
221 1618 1681 1791 nicht? bis incl. nächsten Sonntag
2504 1587 4147 1777 Lieber William, Thien Brief that�et es
150 1703 1794 1933 & binich hies - Hotel "quirinal". She abe
2501 1726 4150 1896 walten. Es ist wahrscheinlich das
187 1868 1800 2041 auch auf das nachrichts, vorsa¬
2524 1865 4170 2069 ich schon Donnerstag in wren bis
187 1984 1817 2200 ferma von ihrem Leiten Schmetterlings
2501 2013 4145 2228 Das ist aber nicht officielb.) Jedenfalls
210 2104 1820 2274 1 chlalte? Bahs Privatadresse habe ich
2492 2132 4139 2291 Verständigen Sie mich in meiner Wohn¬
199 2217 1777 2404 in nuräglicher Dummheit vergenen. In
2524 2248 4142 2413 ming was Donnerstag ist. I ben
869 2299 1754 2487 (Heyrehr Richard)
244 2342 877 2512 Rom bin ich
2509 2336 4102 2490 Kleinen Andrian had ich nies getroffer
2487 2441 4147 2566 Herr Moritz nayer der Ihr "Märchen" so has noth
2762 2526 3648 2626 hier wieder davon zu reven. an
2762 2532 4156 2683 metterends schlacht in den Himmel. Das hat
