5144 4200
1982 1239 3332 1500 Tälzburg Dienst. Nachmittag
2903 1363 3439 1487 bei sommarelli
1159 1306 1403 1490 22/7 95
824 1356 1021 1510 21
810 1410 3422 1654 Lieber Arthen! Salben erhalte ich Ihren Brief nachgeschickt
894 1591 3302 1845 -ichbin in Satzburg; welen Dank für Ihre Mühe -
797 1748 3315 1946 Ich bin seit Samst. Nachm. hrer - von Sumstag Abends
797 1895 3325 2147 bis gestern hittän in Gesellschaft. Lesen Sie alte
810 2043 3499 2347 Presse, von Freitag „Ischler Brief”; ganz vermutlich
