3795 4056
2827 422 3022 626 [incompréhensible]
2202 409 2772 613 1 4' 9' 4' 4" 4'
477 441 1310 648 1' 1' 1" 1" 2" 1' 4" 4" 1 "
2088 850 3242 1226 Ein ganz Grosser
704 879 1971 1239 dasser sich wolfühlt
678 1151 3285 1433 No ja - es geht Ihnen Techniker schreien
726 1352 3301 1667 chen gut; sagen sie vie heute die nicht
694 1576 3187 1877 11 Mr Wouten - morge - einmal Techenk
3265 1660 3372 1903 en
723 1770 3304 2065 Steben Sie es Fichim Scharbeite. Sulten
704 1971 3226 2254 Hier mit heim, ist seit Tagen ich
2036 2202 3314 2399 weis nicht no uiel
655 2234 2007 2529 Mr Zaccone ein schap
2065 2348 3333 2558 "it weise wicht wenn"
736 2474 1871 2688 pieter den ich soo
2085 2516 3324 2821 Georg Hirschfeld
710 2639 1949 2921 Rom aus Kannte
2023 2704 3388 2954 Wwrichtbeer Schresber
