3858 4136
311 1033 1842 1322 Ihren Brief von der Vort gehört
299 1277 1879 1489 und ihn dann mit schagen
323 1427 1860 1643 wehrend des Speisens gelesen.
323 1582 1830 1788 Ich habe Anschen erregt wer¬
301 1739 1881 1955 Ich fortwichrenr auch nach
291 1869 1731 2113 her geschimmelt habe.
311 2008 1804 2258 Schließlich hat der Killner
311 2228 1784 2438 auch geschimmelt und
307 2375 1887 2595 mich für eine hestere jorsäle
353 2538 1293 2799 Natur gehalten.
331 2700 1866 2926 Sieschreiben immer schlechtes
301 2877 1820 3206 d.h. ich kann sehr schwer
1992 1039 3434 1301 Ihre Zeilen entziffern, hoch
1967 1243 3479 1457 sens die Unterschrift, und die
1957 1412 3501 1638 herast dann Richard? Wenn
1931 1572 3471 1796 Sie mich nach der Madonna
1963 1768 3533 2032 fragen, und noch dazu so neben
1969 1927 3444 2193 her im Postscriptum (2, 4, 6
1971 2068 3567 2339 8 - - - ∞? Grädigf. so beivers
1959 2240 3341 2448 dies mir dass sie Ihre
1941 2365 3539 2653 sexuelle thamrasie stark exagé.
1981 2518 3507 2758 Bitte. - Bitte tun sie wie wenn
1963 2668 3491 2894 ich nicht zu Hause wäre.
1935 2791 3513 3029 Sie können auch nach meine
1959 2958 3467 3128 Adresse Fragen, mehrmals
