3211 4200
232 451 2672 841 eine Bank, liest dem Buch. Es erscheint:
810 728 2678 999 spricht M. an erinnert ihm daß
222 816 832 1030 Minnie B.
222 926 2589 1176 er ne eignistlich von einem soir her
1136 990 2656 1270 borgt sich das Buch aus,
363 1097 536 1222 P.S.
244 1075 1094 1316 kennen sollte,
1569 1164 1703 1304 P.
280 1234 2504 1447 M. wird zweimal zum Speisen geladen.
271 1353 2541 1596 Heiter: Minnie hat aber - (verdrächtig) das
222 1532 2644 1785 Buch bei ihrer Abreise nach Levico noch
262 1621 2684 1965 nicht zu Ende gelesen, und erkält von
353 1785 2720 2071 M. den Auftrag es nach, Lisung nur
305 2007 2705 2245 zu schicken was sie noch nicht gerauht
308 2157 2626 2346 M. wird nun in meinem Namen urgieren
2215 2233 2434 2321 FJ
277 2245 2690 2504 damit ich das Buch bekome. Hoffenti¬
280 2367 2617 2635 haben bis dahin noch nicht die versam¬
289 2528 2611 2787 ingendrie nennens werthen curgaste in heri
320 2690 2772 2934 bemerkt dass Sie Ihre unveröffentlichten
314 2827 2736 3119 Stücke Minnie, anvertrauen. O Nacht¬
1307 2961 2711 3186 Bei allerem ärgert mich
314 3019 1264 3220 Kastelmative:
2434 3113 2592 3259 P.S.
375 3141 2659 3381 M's Dummheit in dieser Sache. Er äs-
363 3296 2239 3625 gn meutin. Ia Sie mit Minn:
2370 3305 2617 3537 ent.
451 3491 591 3576 P.S.
