3225 4200
1644 461 1945 585 . .   .,, ..
1936 494 2690 642 1 „ „ 9 „
1599 606 2782 940 All. Anne 3/vIII 1900
491 931 2758 1162 Lieber Arthur! Soeben von Paul, Brief
470 1106 2764 1280 Er wird vielleicht schon am 10 oder 11
449 1268 2826 1522 Salzburgsein, will aber nicht lange dort
503 1446 2782 1617 bleiben. Er telegraphirt mir seine Ab¬
473 1567 2797 1791 Hise und ich soll dann Sie verständi¬
482 1750 2655 1951 Also telegraphiren Sie mir jeden
482 1957 1827 2158 Wechsel ihrer töresse.
1682 2158 2427 2371 Herzlichst
2194 2318 2714 2596 Richard
