3865 4151
1228 1012 2664 1271 Zu füwen, nachdem auf
1208 1140 2811 1373 der ganzen tahrt dahin mich
1210 1344 2674 1608 darain gefrein habe.
1214 1536 2795 1805 Es gibt Studenten des Juni Prag¬
1222 1707 2791 1914 die sehr gut davon - Teunis spiele
1218 1877 2858 2097 nichtäntisemtisch, gegen den deutschen
1234 1987 2825 2175 Schulverein nur die Politik, und insbe¬
1246 2113 2687 2273 sondere den Le beralismus sind
1222 2195 2815 2379 Manpariam Erin, den Bahr teil,
1240 2307 2783 2528 weise (Dora) Kennen, und freudig.
1251 2430 2738 2636 Erschauern wenn ich sage dass ich
1275 2599 2803 2785 bahr kenne (einen gibt es sichere)
1279 2717 2774 2891 Die Leute die heute 17 u. 19 sind, wei¬
1265 2836 2727 3001 die sein die in 10 Jahren sich uns
1271 2938 2603 3111 neigen werden - oder früher
1299 3033 2417 3189 Das uns nehme ich ein einhell zurück.
