5127 4119
494 365 686 491 le sujet que je m'adresse
871 323 1467 530 1 4 " " " * 4 "
1593 377 2317 527 1 7 1/2 4 1/4 4 1 4: 4: 9, 4:
3332 299 3506 536 1.4.bre.
2563 527 3386 793 Sauxenio 22/II 1900
1383 733 3778 985 Mein lieber Arthur! „Beneiden“! Mein Gott! Wis-
1404 934 3808 1192 sen Sie was beneiden” heisst? „Das Andere nicht
1392 1084 3787 1356 wissen". Im übrigen, dieser demonstrative "Süden"
1383 1251 3673 1464 mit „Nachtkastel=palmen, der um 5 Uhr
1404 1431 3739 1602 Abends die Maske abwirft ist recht traurig.
1404 1563 3724 1799 tiberhaupt versagt Italien zum erstenmal
1410 1724 3733 1958 bei mir; vielleicht wird in Florenz besser
1440 1868 3733 2060 Ich vertrage es offenbar nicht irgendwohin,
1407 2021 3778 2296 direkt des schönen Wetters halber zu gehen.
1401 2188 3802 2479 Sofort fang ich an aufs Wetter aufzupassen
1404 2431 3634 2632 bemerke wenn es bluffe, um finde
1416 2590 3724 2811 schliesslich dass es, wie Alle Dinge wenn
1395 2715 3694 2958 man ihnen auf die Finger sicht, auch in
1410 2877 3676 3066 seinem tachein Esel" ist, und gar nicht
1407 3042 3763 3245 weiss wie schönes Wetter eigentlich sein soll.
1431 3179 3778 3584 Man darf gar nichts genau ansehen wollen,
