3225 4200
445 436 740 579 die wiederholt zu gehörigen:
1718 463 2796 786 Als Aussee 2/VIII 1900
987 667 1130 847 e
335 783 2580 1024 lieber Arthur! Bei Durchsicht des Reisebuches
454 938 2678 1148 wisse ich auf folgende Tour die ich Moserbosen.
430 1130 2824 1337 Gerlos etc vorziehen wurde: Von Teubach durchs
1749 1252 1950 1365 Bahn
411 1292 2800 1517 Zillerthal wach Sterzung (sich Minuten von Gossensass)
408 1413 2297 1666 Folgende Entheilung. Salzburg 7'28 Früh
1480 1581 2635 1761 Jentach 12'28 Mittagessen
1301 1678 2400 1849 Post von Teubach at um 2'30
1039 1755 2376 1956 über Zell im Zillerf nach Mayerhosen 7:50
1151 1880 2742 2059 Mit Wagen also vielleicht 3 1/2 - 4 Hünmen
402 1947 2833 2196 In Mayerhofen übernägten, dann über dem Zeingreine, Schwargen¬
414 2126 2863 2355 sterugrund und das Pfilscher Joch nach Sterzing 15-16 Stunden.
423 2254 2684 2452 = 2 Tage. Im Mayer II. Baisd pag 229. Jedenfalls
472 2391 2623 2595 - wach dem Reisebuch - nicht lohnender als
439 2519 2403 2760 Gerlos etc. Eventuell. (Salzburg ab. 3.12 wachen.)
984 2669 1672 2854 I Tag. Jenbach
1809 2714 2330 2882 8 45 Abends
1477 2796 2041 2958 is bern achten
2142 2860 2242 2961 G.C.P.
883 2909 2263 3089 II Tag/Tenbach ab Post. 8'00 Früh
1161 3046 2504 3238 Mayerhosen. 1° 30. Mittagenden
1136 3156 2449 3330 und. bequemen Rectoreg bis zum
1112 3253 2577 3454 Breitlahner. (zu Fuss 5 1/2 Kunren)
813 3403 2309 3613 III Tag (nach Sterzing 10-11 Stuwen)
