<?xml version="1.0" encoding="UTF-8" standalone="yes"?>
<PcGts xmlns="http://schema.primaresearch.org/PAGE/gts/pagecontent/2013-07-15" xmlns:xsi="http://www.w3.org/2001/XMLSchema-instance" xsi:schemaLocation="http://schema.primaresearch.org/PAGE/gts/pagecontent/2013-07-15 http://schema.primaresearch.org/PAGE/gts/pagecontent/2013-07-15/pagecontent.xsd">
    <Metadata>
        <Creator>prov=READ-COOP:name=TrHtr:version=2.1.0:model_id=51170:date=26_07_2023_01:05</Creator>
        <Created>2023-05-02T07:45:18.811+02:00</Created>
        <LastChange>2023-07-26T01:05:58.806+02:00</LastChange>
        <TranskribusMetadata docId="1416708" pageId="54950389" pageNr="33" tsid="130864023" status="IN_PROGRESS" userId="64420" imgUrl="https://files.transkribus.eu/Get?id=OLNAJARQZLFASDRPXNCXNCLH&amp;fileType=view" xmlUrl="https://files.transkribus.eu/Get?id=HQXGXPGASHCIQBJIOKFZIPXE" imageId="44454115"/>
    </Metadata>
    <Page imageFilename="1416708_0033.jpg" imageWidth="2496" imageHeight="3715">
        <ReadingOrder>
            <OrderedGroup id="ro_1711829032709" caption="Regions reading order">
                <RegionRefIndexed index="0" regionRef="tr_2"/>
                <RegionRefIndexed index="1" regionRef="tr_1"/>
            </OrderedGroup>
        </ReadingOrder>
        <TextRegion id="tr_2" custom="readingOrder {index:0;}">
            <Coords points="364,-23 2415,-23 2415,1574 364,1574"/>
            <TextLine id="tr_2_tl_1" custom="readingOrder {index:0;}">
                <Coords points="419,43 436,43 442,48 457,39 468,39 483,54 490,54 498,48 511,52 516,0 425,0"/>
                <Baseline points="430,35 471,29 516,26"/>
                <TextEquiv>
                    <Unicode>Von</Unicode>
                </TextEquiv>
            </TextLine>
            <TextLine id="tr_2_tl_2" custom="readingOrder {index:1;}">
                <Coords points="2229,62 2238,62 2250,54 2257,58 2270,54 2279,60 2296,48 2315,45 2313,0 2227,0"/>
                <Baseline points="2240,40 2287,41 2320,41"/>
                <TextEquiv>
                    <Unicode>Votre</Unicode>
                </TextEquiv>
            </TextLine>
            <TextLine id="tr_2_tl_3" custom="readingOrder {index:2;}">
                <Coords points="2110,110 2136,114 2203,97 2250,108 2311,91 2369,110 2410,106 2412,54 2371,50 2350,67 2326,52 2302,52 2292,62 2268,54 2218,80 2177,84 2149,82 2132,67 2110,69"/>
                <Baseline points="2120,107 2147,104 2191,98 2236,98 2281,89 2326,92 2371,95 2415,101"/>
                <TextEquiv>
                    <Unicode>le reste de ses nouvelles.</Unicode>
                </TextEquiv>
            </TextLine>
            <TextLine id="tr_2_tl_4" custom="readingOrder {index:3;}">
                <Coords points="1441,885 1508,911 1539,893 1588,887 1640,908 1703,895 1724,910 1748,906 1750,831 1711,831 1685,846 1623,826 1597,826 1584,839 1560,828 1504,839 1476,820 1443,820"/>
                <Baseline points="1451,886 1484,883 1529,883 1573,883 1618,883 1663,880 1708,883 1752,880"/>
                <TextEquiv>
                    <Unicode>(29.1.08.)</Unicode>
                </TextEquiv>
            </TextLine>
            <TextLine id="tr_2_tl_5" custom="readingOrder {index:4;}">
                <Coords points="354,960 444,984 529,967 710,988 768,956 820,977 865,965 949,982 949,887 908,898 790,859 704,902 639,887 617,908 520,893 481,908 421,891 354,911"/>
                <Baseline points="364,946 409,946 453,946 498,946 543,943 588,946 633,946 677,943 722,943 767,943 812,943 857,943 901,943 946,946 952,946"/>
                <TextEquiv>
                    <Unicode>vorschläge zu hören.-</Unicode>
                </TextEquiv>
            </TextLine>
            <TextLine id="tr_2_tl_6" custom="readingOrder {index:5;}">
                <Coords points="360,1072 1825,1040 1804,969 1372,1008 360,973"/>
                <Baseline points="370,1048 397,1048 441,1048 486,1048 531,1048 576,1048 621,1048 665,1045 710,1045 755,1045 800,1045 845,1042 889,1045 934,1045 979,1045 1024,1045 1069,1045 1113,1045 1158,1042 1203,1042 1248,1042 1293,1042 1337,1042 1382,1042 1427,1042 1472,1039 1517,1036 1561,1036 1606,1036 1651,1036 1696,1036 1741,1033 1785,1036 1830,1042"/>
                <TextEquiv>
                    <Unicode>Olga ist wieder wohlauf; in der vorigen Woche ist bei</Unicode>
                </TextEquiv>
            </TextLine>
            <TextLine id="tr_2_tl_7" custom="readingOrder {index:6;}">
                <Coords points="365,1174 1823,1163 1823,1113 1629,1051 365,1077"/>
                <Baseline points="376,1152 394,1149 438,1149 483,1152 528,1152 573,1152 618,1152 662,1149 707,1149 752,1149 797,1149 842,1149 886,1146 931,1146 976,1149 1021,1149 1066,1149 1110,1146 1155,1146 1200,1143 1245,1143 1290,1143 1334,1143 1379,1143 1424,1143 1469,1143 1514,1143 1558,1143 1603,1140 1648,1140 1693,1140 1738,1140 1782,1143 1827,1143"/>
                <TextEquiv>
                    <Unicode>uns desinfiziert worden; nächste hoffen wir auf einige</Unicode>
                </TextEquiv>
            </TextLine>
            <TextLine id="tr_2_tl_8" custom="readingOrder {index:7;}">
                <Coords points="363,1292 1832,1254 1832,1202 1635,1161 365,1174"/>
                <Baseline points="376,1254 403,1254 447,1254 492,1257 537,1254 582,1254 627,1257 671,1254 716,1254 761,1251 806,1251 851,1251 895,1251 940,1251 985,1251 1030,1251 1075,1254 1119,1251 1164,1248 1209,1251 1254,1248 1299,1248 1343,1248 1388,1248 1433,1248 1478,1245 1523,1245 1567,1245 1612,1245 1657,1242 1702,1245 1747,1242 1791,1242 1836,1242"/>
                <TextEquiv>
                    <Unicode>Tage auf den Semmering zu gehen, wo wir mit unserm Buben</Unicode>
                </TextEquiv>
            </TextLine>
            <TextLine id="tr_2_tl_9" custom="readingOrder {index:8;}">
                <Coords points="362,1388 1754,1361 1754,1280 1474,1252 1403,1286 796,1258 363,1303"/>
                <Baseline points="373,1361 415,1358 459,1358 504,1358 549,1358 594,1358 639,1358 683,1358 728,1358 773,1358 818,1355 863,1355 907,1355 952,1355 997,1355 1042,1355 1087,1355 1131,1355 1176,1355 1221,1355 1266,1355 1311,1355 1355,1352 1400,1352 1445,1352 1490,1352 1534,1349 1579,1346 1624,1349 1669,1346 1714,1346 1758,1349"/>
                <TextEquiv>
                    <Unicode>zusammentreffen, der vorläufig noch bei meiner Mama</Unicode>
                </TextEquiv>
            </TextLine>
            <TextLine id="tr_2_tl_10" custom="readingOrder {index:9;}">
                <Coords points="360,1491 1813,1465 1813,1420 1689,1422 1620,1366 360,1379"/>
                <Baseline points="370,1466 385,1466 430,1463 474,1463 519,1463 564,1463 609,1463 654,1463 698,1460 743,1463 788,1460 833,1460 877,1460 922,1460 967,1460 1012,1457 1057,1457 1101,1457 1146,1457 1191,1457 1236,1457 1281,1454 1325,1457 1370,1457 1415,1457 1460,1457 1505,1454 1549,1457 1594,1454 1639,1454 1684,1454 1729,1451 1773,1451 1818,1445"/>
                <TextEquiv>
                    <Unicode>wohnt. Für Ihre Theilnahme in dieser ganzen Zeit, lie-</Unicode>
                </TextEquiv>
            </TextLine>
            <TextLine id="tr_2_tl_11" custom="readingOrder {index:10;}">
                <Coords points="356,1614 457,1577 1808,1566 1810,1469 358,1493"/>
                <Baseline points="367,1564 379,1564 424,1564 468,1564 513,1564 558,1564 603,1564 648,1564 692,1564 737,1564 782,1564 827,1564 872,1564 916,1564 961,1564 1006,1561 1051,1561 1095,1561 1140,1564 1185,1558 1230,1558 1275,1558 1319,1558 1364,1558 1409,1558 1454,1558 1499,1555 1543,1558 1588,1558 1633,1558 1678,1555 1723,1555 1767,1552 1812,1555"/>
                <TextEquiv>
                    <Unicode>ber Freund, danken wir beide Ihnen vom Herzen, sie hat</Unicode>
                </TextEquiv>
            </TextLine>
        </TextRegion>
        <TextRegion id="tr_1" custom="readingOrder {index:1;}">
            <Coords points="364,1610 1854,1610 1854,2679 364,2679"/>
            <TextLine id="tr_1_tl_1" custom="readingOrder {index:0;}">
                <Coords points="365,1683 1737,1696 1713,1612 1221,1635 1120,1580 900,1579 365,1607"/>
                <Baseline points="376,1672 397,1669 441,1672 486,1669 531,1669 576,1669 621,1672 665,1669 710,1669 755,1669 800,1669 845,1672 889,1669 934,1669 979,1669 1024,1669 1069,1666 1113,1669 1158,1666 1203,1666 1248,1666 1293,1666 1337,1666 1382,1666 1427,1666 1472,1666 1517,1663 1561,1663 1606,1660 1651,1663 1696,1660 1741,1660"/>
                <TextEquiv>
                    <Unicode>uns wirklich wohlgetan. Ich bin schon mit allerlei</Unicode>
                </TextEquiv>
            </TextLine>
            <TextLine id="tr_1_tl_2" custom="readingOrder {index:1;}">
                <Coords points="356,1793 1724,1802 1838,1765 1823,1702 1461,1737 1320,1670 356,1683"/>
                <Baseline points="367,1773 409,1773 453,1773 498,1770 543,1773 588,1770 633,1770 677,1770 722,1773 767,1773 812,1773 857,1773 901,1770 946,1770 991,1770 1036,1770 1081,1767 1125,1767 1170,1767 1215,1767 1260,1770 1305,1770 1349,1767 1394,1767 1439,1767 1484,1767 1529,1764 1573,1764 1618,1764 1663,1764 1708,1764 1752,1764 1797,1764 1842,1764"/>
                <TextEquiv>
                    <Unicode>Plänen beschäftigt; vielleicht fang ich bald ernstlich</Unicode>
                </TextEquiv>
            </TextLine>
            <TextLine id="tr_1_tl_3" custom="readingOrder {index:2;}">
                <Coords points="354,1890 1849,1899 1849,1832 1799,1815 1571,1834 1416,1771 354,1795"/>
                <Baseline points="364,1878 376,1878 421,1878 465,1878 510,1878 555,1878 600,1878 645,1878 689,1878 734,1878 779,1878 824,1875 869,1875 913,1878 958,1875 1003,1872 1048,1872 1092,1875 1137,1872 1182,1872 1227,1875 1272,1872 1316,1872 1361,1869 1406,1869 1451,1872 1496,1869 1540,1869 1585,1869 1630,1869 1675,1869 1720,1869 1764,1866 1809,1866 1854,1866"/>
                <TextEquiv>
                    <Unicode>zu arbeiten an. Sie kommen doch im Frühjahr nach Wien?</Unicode>
                </TextEquiv>
            </TextLine>
            <TextLine id="tr_1_tl_4" custom="readingOrder {index:3;}">
                <Coords points="360,2020 1661,1994 1739,1987 1741,1927 1484,1942 1355,1873 1236,1907 362,1894"/>
                <Baseline points="370,1982 400,1979 444,1979 489,1982 534,1979 579,1979 624,1979 668,1979 713,1979 758,1979 803,1979 848,1976 892,1976 937,1976 982,1976 1027,1976 1072,1976 1116,1976 1161,1976 1206,1976 1251,1976 1296,1976 1340,1976 1385,1976 1430,1973 1475,1973 1520,1973 1564,1970 1609,1970 1654,1970 1699,1970 1744,1973"/>
                <TextEquiv>
                    <Unicode>Ich habe ein rechtes Bedürfnis, mit Ihnen zu reden!</Unicode>
                </TextEquiv>
            </TextLine>
            <TextLine id="tr_1_tl_5" custom="readingOrder {index:4;}">
                <Coords points="636,2108 1607,2086 1577,2039 1156,2048 1019,1985 965,2013 898,1989 727,2017 636,2000"/>
                <Baseline points="645,2084 671,2081 716,2081 761,2084 806,2084 851,2081 895,2081 940,2081 985,2081 1030,2081 1075,2078 1119,2078 1164,2078 1209,2078 1254,2078 1299,2078 1343,2078 1388,2078 1433,2075 1478,2078 1523,2075 1567,2075 1612,2078"/>
                <TextEquiv>
                    <Unicode>Viele schöne Grüsse von uns Beiden.</Unicode>
                </TextEquiv>
            </TextLine>
            <TextLine id="tr_1_tl_6" custom="readingOrder {index:5;}">
                <Coords points="1485,2182 1495,2182 1510,2194 1523,2192 1526,2199 1551,2186 1554,2190 1558,2186 1571,2190 1579,2095 1569,2093 1556,2104 1545,2100 1530,2106 1523,2100 1512,2108 1506,2108 1506,2104 1491,2106"/>
                <Baseline points="1499,2138 1537,2138 1582,2132"/>
                <TextEquiv>
                    <Unicode>G.F.P.</Unicode>
                </TextEquiv>
            </TextLine>
            <TextLine id="tr_1_tl_7" custom="readingOrder {index:6;}">
                <Coords points="1016,2210 1046,2209 1064,2192 1072,2194 1075,2190 1088,2199 1092,2195 1101,2197 1111,2188 1129,2192 1129,2104 1109,2106 1098,2099 1087,2108 1066,2102 1055,2108 1044,2099 1031,2104 1018,2102"/>
                <Baseline points="1027,2185 1072,2183 1116,2183 1134,2185"/>
                <TextEquiv>
                    <Unicode>Ihr</Unicode>
                </TextEquiv>
            </TextLine>
            <TextLine id="tr_1_tl_8" custom="readingOrder {index:7;}">
                <Coords points="1439,2276 1450,2278 1463,2264 1478,2274 1502,2264 1523,2261 1534,2272 1543,2272 1545,2195 1523,2199 1500,2190 1484,2171 1467,2164 1443,2171"/>
                <Baseline points="1451,2239 1460,2239 1505,2236 1549,2236"/>
                <TextEquiv>
                    <Unicode>G.C.F.P.</Unicode>
                </TextEquiv>
            </TextLine>
            <TextLine id="tr_1_tl_9" custom="readingOrder {index:8;}">
                <Coords points="1103,2302 1133,2304 1142,2313 1154,2305 1169,2319 1187,2305 1223,2313 1223,2203 1213,2203 1197,2188 1187,2186 1161,2197 1150,2188 1129,2192 1103,2188"/>
                <Baseline points="1113,2284 1158,2284 1203,2284 1227,2284"/>
                <TextEquiv>
                    <Unicode>A.S.</Unicode>
                </TextEquiv>
            </TextLine>
            <TextLine id="tr_1_tl_10" custom="readingOrder {index:9;}">
                <Coords points="1226,2395 1256,2399 1314,2363 1327,2369 1349,2352 1388,2354 1390,2291 1381,2291 1375,2283 1364,2289 1344,2285 1323,2298 1305,2292 1295,2302 1282,2300 1275,2307 1230,2296"/>
                <Baseline points="1239,2347 1260,2347 1305,2347 1349,2347 1394,2341"/>
                <TextEquiv>
                    <Unicode>G.C.F.P.</Unicode>
                </TextEquiv>
            </TextLine>
            <TextLine id="tr_1_tl_11" custom="readingOrder {index:10;}">
                <Coords points="1247,2460 1264,2456 1277,2469 1305,2471 1312,2479 1321,2473 1349,2492 1396,2486 1396,2395 1370,2406 1364,2402 1327,2412 1321,2406 1303,2408 1290,2397 1271,2406 1247,2406"/>
                <Baseline points="1257,2448 1302,2448 1346,2448 1391,2448 1400,2448"/>
                <TextEquiv>
                    <Unicode>G.C.F.P.</Unicode>
                </TextEquiv>
            </TextLine>
            <TextLine id="tr_1_tl_12" custom="readingOrder {index:11;}">
                <Coords points="1226,2561 1247,2566 1262,2555 1295,2578 1308,2570 1334,2579 1359,2578 1362,2475 1338,2469 1333,2475 1320,2473 1312,2479 1293,2468 1277,2484 1230,2483"/>
                <Baseline points="1236,2553 1275,2553 1319,2550 1364,2550"/>
                <TextEquiv>
                    <Unicode>G.C.F.P.</Unicode>
                </TextEquiv>
            </TextLine>
            <TextLine id="tr_1_tl_13" custom="readingOrder {index:12;}">
                <Coords points="378,2702 393,2701 423,2682 442,2682 444,2678 464,2682 481,2673 492,2673 481,2606 458,2607 449,2619 436,2622 395,2615 378,2632 367,2630"/>
                <Baseline points="382,2645 427,2669 471,2666 495,2666"/>
                <TextEquiv>
                    <Unicode>G.F.P.</Unicode>
                </TextEquiv>
            </TextLine>
            <TextLine id="tr_1_tl_14" custom="readingOrder {index:13;}">
                <Coords points="554,2725 563,2725 611,2686 617,2686 622,2680 636,2680 636,2620 622,2620 617,2615 608,2615 591,2624 580,2615 570,2617 563,2611 554,2611"/>
                <Baseline points="564,2666 609,2666 639,2666"/>
                <TextEquiv>
                    <Unicode>P.</Unicode>
                </TextEquiv>
            </TextLine>
        </TextRegion>
    </Page>
</PcGts>
