2563 3715
1008 732 1142 832 68
1115 792 1689 887 Marienlyst, 6.8.1906.
436 926 1851 987 Lieber Freund, dem Ruf des Helgoländer Lebens werden
423 1040 1846 1148 wir leider nicht folgen können. Aus heini-verkehrs-
1383 1079 1505 1140 G.H.F.P.
446 1142 1882 1193 technischen Gründen verzichten wir nämlich auf Kiel,
440 1230 1888 1299 Schleswig Holstein, und fahren von Kopenhagen aus, (wo
440 1331 1865 1411 wir uns von Freitag ab etwa 2-3- Tage aufhalten wol-
436 1436 1851 1509 len) direkt nach Berlin. Heini wird von da aus nach
887 1494 1042 1563 G.C.F.P.
440 1538 1939 1622 Wien versandt; wir begeben uns nach Weimar. Dann wollen
446 1658 1905 1721 wir den Thüringer Wald vor lauter Bäumen nicht sehen;
442 1708 1905 1817 hierauf in Nürnberg, wie die übrigen Einwohner, kamen
446 1861 1811 1920 den wir nicht haben, endlich über München, Salzburg
235 1851 428 1995 heuten
461 1955 1945 2044 —(Ischl? Aussee?) heimwärts. Vor Semmering gibt's also
451 2006 1869 2125 wohl kein Wiedersehen. Neulich waren Saltens da. Er
449 2153 1945 2234 ist vom 15. September an wieder in Wien. - Dass Brandes
449 2209 1983 2349 neulich hier war, glaub ich Ihnen schon erzählt zu haben.
440 2306 1955 2433 Köstliches berichtete er über Emilie Bardach, die er in
446 2414 1880 2544 Paris gesprochen hat. Wie er sagt, hat er die Briefe
457 2519 1905 2651 auf ihren ausdrücklichen Wunsch veröffentlicht. Nach
1052 2630 1144 2697 G.C.F.P
442 2620 1899 2788 seinen Erzählungen ist sie recht beschränkt u. etwas
