2563 3715
1446 792 1719 901 (12.7.06.)
435 839 1783 981 reinhardtisches Programm: etwa Mitte August Kiel
454 957 1910 1101 (Schleswig Holstein), Berlin (Heini und Fräulein nach
447 1054 1921 1187 Wien senden) Weimar, Thüringen - (München?-Salzkammer-
450 1183 789 1314 gut?) Wien.
884 1209 1004 1306 G.C.F.P
1529 1164 1691 1295 G.C.F.P
448 1265 1902 1405 Mit jener Intuition, die ich stets an Ihnen bewundert
462 1362 1927 1517 habe, wissen Sie an der Nordsee, ja schreiben mir genau
462 1473 1891 1592 an dem 8.Juli, dass Sie das A. stück von mir erhoffen,
447 1570 1915 1712 an dem ich es frisch und frei einigermassen fröhlich,
447 1706 1850 1822 aber gar nicht fromm zu dichten oder mindestens zu
454 1783 1867 1915 verfassen begonnen habe. Dass es heuer oder gar für
462 1880 1962 2011 heuer fertig wird, erscheint mir allerdings ausgeschlos-
463 2007 1884 2132 sen, Auch müsst ich dieses Stück (wenn es überhaupt
447 2097 1942 2231 für Russland geeignet ist) jedenfalls ein paar Monate
471 2198 1914 2323 vor einer Aufführung in Deutschland dem Stanislawski
1446 2256 1527 2315 G.F.P.
473 2289 1940 2437 schicken.- Sowohl aus künstlerischen als finanziellen
465 2362 1841 2542 Gründen möcht ich auf das Moskauer „Künstlerische
1420 2461 1577 2538 G.C.F.P.
473 2512 1968 2641 Theater“ nicht verzichten. Aber das ist natürlich noch
983 2568 1323 2637 G.C.H.S.
727 2594 843 2639 G.C.
536 2626 1923 2769 in weites Feld, eine Steppe möcht man sprechen. Auch
506 2713 611 2863 xxx
