2535 3679
1205 773 1596 919 furcht; entpuppt
1292 888 1838 1034 seher Betrachter von
1134 915 1309 1034 keptis
596 932 988 1054 er Gelegenheit
790 988 1944 1121 wie er mir auch schon vorher, als Antwort
1876 1027 2001 1092 G.C.F.P.
1480 1059 1609 1111 G.C.F.P.
1148 1077 1278 1138 G.C.F.P.
488 1055 779 1175 bildern
827 1086 1092 1163 G.C.H.F.P.
521 1111 633 1175 G.H.F.P
621 1094 2034 1250 auf mein Eingeständnis, dass ich mich in Ihrem Röntgen-
623 1213 702 1267 G.F.P.
523 1182 2038 1365 gemälde nicht auskennte, erwidert hatte „Das geht uns
529 1275 2030 1471 allen so (Uns=Uns Aerzten.) - Umso mehr bin ich auf Ih¬
525 1415 1586 1557 re subjektiven Berichte gespannt.-
1682 1425 1828 1532 G.C.P.
588 1511 2105 1684 Mein sogenanntes Stück hab ich noch einmal angefangen;
413 1596 577 1713 P.
538 1619 2026 1778 es geht langs am vorwärts, und die Wahrheit zu sagen
525 1703 2072 1876 nicht so, wie ich wünschte. Hingegen befindet sich seit
552 1803 2090 1965 14 Tagen Raoul Auernheimer hier, schreibt ein Lustspiel
590 1880 2074 2071 mit einer Bassermann Rolle, wird demnächst fertig und
573 2001 2069 2194 hat mich bescheiden gebe ten Sie zu fragen, ob er's Ih-
579 2105 2046 2274 nen schicken dürfte? Ich nehme an Sie sagen ja und
588 2136 679 2219 G.C.P.
461 2174 586 2270 G.F.P.
592 2203 2024 2370 hoffen sich hiemit das Oktoberkassen-Stück zu gewirz
586 2307 2034 2503 nen, das ich Ihnen wie alles übrige Gute von Herzen
633 2401 2124 2578 wünsche. Wir denken oft und gerne an die schönen Plau-
727 2507 2115 2663 stunden auf mehr oder minder schattigen Bänken, mehr
