2540 3559
638 612 1919 770 und Seite 19 " der Geruch ihrer Jugend steig
634 744 2008 886 in die Nase, etc. kann ich unmöglich verzichten
679 825 2067 935 Völlig rätselhaft ist der Strich Seite 26, durch
636 919 2112 1041 die wichtige Stelle wegfallen würde" sie haben ein-
663 978 2138 1124 ander zugeschworen, dass keiner von ihnen die Heimat
648 1087 2087 1191 wiedersehen wird ".Im weitern Verlauf, bis zur 8.
652 1136 2254 1295 Seene, habe ich mich mit dem grösseren Teil der Striche
661 1238 2254 1384 einverstanden erklärt, Doch hier müssen die Stellen auf
663 1325 2260 1463 Seite 45, die ebenso wichtig für die Charakteristik
667 1435 2264 1545 für des Adjunkten, als für den Sinn des Stückes sind,
717 1472 2268 1616 in einer früheren Epoche sollte das Stück sogar den
2187 1583 2268 1652 G.C.P.
1872 1577 2167 1689 wieder auf¬
646 1604 1880 1711 Namen tragen, der Wiederhall unbedingt
1874 1636 1955 1675 G.F.P
1776 1665 2177 1766 besondre die
679 1671 1785 1801 gemacht werden. In der 9. Scene ist ins
1776 1709 1878 1770 G.C.F.P.
1746 1707 2274 1858 ### rytmischen als
667 1778 1754 1872 Rede der Marie auf Seite 53, sowohl auf
644 1821 2280 1965 phaychologischen Gründen unerlässlich. Wo ich sonst nicht
2000 1882 2102 1941 G.C.F.P.
2102 1896 2270 1969 G.C.H.F.P
659 1941 2110 2045 der Ansicht des verehrten Herrn Streichers bin, ist
2100 1949 2268 2010 d'être en 1e
1750 1972 1900 2020 G.C.F.P.
667 2008 2278 2128 aus dem Buche zu ersehen. Im 2. Akt, der schon an sich
693 2051 2274 2230 von einer gefährlichen Fürze ist, wurde es für ntig gehal
1726 2140 1807 2191 G.F.P.
1482 2144 1646 2199 A.A.S.F.S
654 2134 2197 2317 teneine für den Obersten sehr Charakteristischen und
1415 2236 1516 2272 G.H.F.P.
675 2226 2187 2400 wahrhaftig nicht langweilige Stelle auf Seite 78 zu erhalten.
646 2321 2002 2469 nieren.Ich gebe ihr hiermit das Leben wieder.
1203 2409 1289 2453 G.F.P.
1398 2398 1498 2451 G.H.F.P.
703 2374 2161 2547 In gleicher Veise, glaube ich mich bereshtigt, auf
