2535 3679
984 748 1593 884 Andere Einakter von mit
663 763 890 901 men... etc
596 842 1992 1018 Betracht zu ziehen; auch schon alle gespielt (aus
610 951 2082 1093 dem famosen Wurstl.) - Ferner: September wäre mir aus
671 1030 2150 1235 familiären Gründen, wie Sie sich denken können, ein un¬
604 1080 692 1193 P.P.
2090 1126 2219 1210 P.P.
667 1177 2142 1329 erwünschter Termin - wenigstens wenn der ganze Abend
623 1252 2109 1469 von mir allein bestritten werden sollte.-
669 1369 2146 1546 Heute oder morgen langt die dramatische Historie vom
566 1482 2105 1661 jungen Medardus bei Ihnen an, die ich zu secretiren
665 1582 2155 1739 und mit Geduld zu lesen bitte. Hoffentlich werden Sie
485 1643 593 1755 de ses
571 1670 673 1741 G.C.P.
648 1689 2188 1839 die darauf verwandten Stunden nicht für ganz verloren
2113 1733 2268 1827 G.C.P.
648 1776 2171 1952 erachten. Morgen fahren wir nach St. Gilgen (Gasthof
2155 1847 2222 1950 G.H.P.
637 1875 2169 2050 Lueg) woselbst ich mich mit den andern Ihnen bekann¬
686 1985 2157 2148 ten Tragikomödien so weit beschäftigen werde, dass sie
713 2082 2142 2240 Ende Juni zur Abschrift bereit liegt und sich etwa
2090 2144 2143 2253 G.C.H.
683 2182 2004 2347 Mitte Juli bei Ihnen präsentieren dürfte.-
665 2289 2073 2466 Reicher als Borkmann hat mich überrascht; er bewegte
717 2401 1967 2562 sich hart an den Grenzen der Grösse und aus je
673 2487 1946 2692 am Ende doch verschlossenen Reich weht der ge¬
