2563 3715
370 836 1852 960 reich“... Das E. Stück spielt wie Ihnen bekannt in Ar-
381 949 1856 1094 tisten- und Bohemekreisen, das zweite in Aerzte-das drit
381 1058 1849 1166 te in Journalistenkreisen. Nun zweifle ich nicht, dass
381 1168 1873 1294 sich bei Erscheinen des F.Stückes Stimmen erheben wer-
390 1243 1892 1398 den, die sich indigniert äussern, dass ich „schon wieder“
385 1373 1794 1501 Künstler schildre (statt Schornsteinfeger, Brillant-
394 1443 1815 1600 schleifer, und Schweinezüchter), und da habe ich mich
2235 0 2313 60 Zum
1281 0 1407 64 C. R.
1726 0 1860 145 P
1571 728 1854 866 (28.7.06.)
390 1547 1849 1683 gefragt, ob man nicht gelegentlich das Gerücht von der
390 1658 1911 1799 oben gekennzeichneten österreichischen zusammenhängen-
398 1771 1879 1896 den Komödienreihe in die Oeffentlichkeit bringen könn-
398 1888 1888 2028 te? Denn vor dem cyklischen haben die Leute doch immer
402 2003 1835 2092 einen geheimnisvollen Respekt. Sonst hätten sie frü-
392 2088 1903 2213 heren Collegen gegenüber den Ausruf „Ewig diese König
396 2190 1890 2282 Was interessieren uns denn diese Könige...“ nicht un-
1509 2228 1843 2299 Wijdorte. Die
411 2280 1869 2409 terkneifen können. Vorläufig bleibt selbstredend oder
1362 2343 1468 2396 G.C.F.P.
406 2414 1833 2543 selbstschweigend sowohl das G. Stück als jene andern
811 2460 907 2526 G.C.F.P
413 2501 1107 2624 ein strenges Entro-nous.-
1268 2545 1520 2614 G.C.H.F.D.
411 2601 1879 2756 Ausser den Bülowbriefen lese ich Freytags Bilder etc.
