<?xml version="1.0" encoding="UTF-8" standalone="yes"?>
<PcGts xmlns="http://schema.primaresearch.org/PAGE/gts/pagecontent/2013-07-15" xmlns:xsi="http://www.w3.org/2001/XMLSchema-instance" xsi:schemaLocation="http://schema.primaresearch.org/PAGE/gts/pagecontent/2013-07-15 http://schema.primaresearch.org/PAGE/gts/pagecontent/2013-07-15/pagecontent.xsd">
    <Metadata>
        <Creator>prov=READ-COOP:name=TrHtr:version=2.1.0:model_id=51170:date=26_07_2023_01:05</Creator>
        <Created>2023-05-02T07:45:17.357+02:00</Created>
        <LastChange>2023-07-26T01:05:35.699+02:00</LastChange>
        <TranskribusMetadata docId="1416708" pageId="54950347" pageNr="22" tsid="130863966" status="IN_PROGRESS" userId="64420" imgUrl="https://files.transkribus.eu/Get?id=QWBFTQEQSABTCIWJMULDUTLC&amp;fileType=view" xmlUrl="https://files.transkribus.eu/Get?id=XURKARSKBBBKZVXUSDIZJPMR" imageId="44454073"/>
    </Metadata>
    <Page imageFilename="1416708_0022.jpg" imageWidth="2563" imageHeight="3715">
        <ReadingOrder>
            <OrderedGroup id="ro_1711829024567" caption="Regions reading order">
                <RegionRefIndexed index="0" regionRef="tr_1"/>
                <RegionRefIndexed index="1" regionRef="tr_2"/>
            </OrderedGroup>
        </ReadingOrder>
        <TextRegion id="tr_1" custom="readingOrder {index:0;}">
            <Coords points="447,836 1997,836 1997,1888 447,1888"/>
            <TextLine id="tr_1_tl_1" custom="readingOrder {index:0;}">
                <Coords points="1604,904 1664,900 1689,910 1737,893 1778,910 1818,895 1835,906 1845,896 1854,904 1881,898 1880,789 1847,785 1783,810 1760,789 1701,804 1639,783 1602,787"/>
                <Baseline points="1615,892 1660,886 1705,886 1749,889 1794,889 1839,889 1884,895 1887,895"/>
                <TextEquiv>
                    <Unicode>(28.7.06.)</Unicode>
                </TextEquiv>
            </TextLine>
            <TextLine id="tr_1_tl_2" custom="readingOrder {index:1;}">
                <Coords points="469,983 700,935 1027,983 1112,948 1187,983 1930,954 1930,896 1637,906 1539,854 469,858"/>
                <Baseline points="480,934 525,931 570,931 615,934 659,931 704,931 749,934 794,931 839,934 883,934 928,937 973,937 1018,937 1063,937 1107,937 1152,937 1197,937 1242,937 1287,937 1331,937 1376,937 1421,937 1466,937 1511,937 1555,937 1600,940 1645,940 1690,943 1735,943 1779,943 1824,943 1869,940 1914,943 1935,943"/>
                <TextEquiv>
                    <Unicode>sein hat - hätte) jedenfalls hier vollenden. In Wien</Unicode>
                </TextEquiv>
            </TextLine>
            <TextLine id="tr_1_tl_3" custom="readingOrder {index:2;}">
                <Coords points="1535,1006 1558,1006 1568,1014 1574,1008 1587,1010 1597,1004 1608,1012 1624,1008 1670,1010 1672,954 1643,956 1622,970 1614,966 1591,970 1581,962 1562,973 1537,968"/>
                <Baseline points="1546,1003 1585,1000 1630,997 1675,1000"/>
                <TextEquiv>
                    <Unicode>G.C.F.P.</Unicode>
                </TextEquiv>
            </TextLine>
            <TextLine id="tr_1_tl_4" custom="readingOrder {index:3;}">
                <Coords points="475,1058 1939,1062 1914,1000 1574,1014 1477,968 1185,983 1079,946 1020,985 473,987"/>
                <Baseline points="486,1033 531,1033 576,1036 621,1033 665,1036 710,1033 755,1036 800,1036 845,1036 889,1036 934,1036 979,1036 1024,1036 1069,1039 1113,1039 1158,1039 1203,1042 1248,1042 1293,1042 1337,1042 1382,1042 1427,1042 1472,1042 1517,1042 1561,1042 1606,1042 1651,1042 1696,1045 1741,1045 1785,1045 1830,1045 1875,1042 1920,1042 1944,1045"/>
                <TextEquiv>
                    <Unicode>(September) wird die Skizze diktiert, dann ruhn gelas-</Unicode>
                </TextEquiv>
            </TextLine>
            <TextLine id="tr_1_tl_5" custom="readingOrder {index:4;}">
                <Coords points="464,1166 1891,1172 1889,1068 1737,1052 464,1095"/>
                <Baseline points="474,1137 519,1137 564,1140 609,1140 654,1140 698,1140 743,1140 788,1143 833,1143 877,1143 922,1143 967,1143 1012,1143 1057,1143 1101,1143 1146,1143 1191,1143 1236,1143 1281,1146 1325,1146 1370,1146 1415,1146 1460,1146 1505,1146 1549,1146 1594,1149 1639,1149 1684,1149 1729,1149 1773,1149 1818,1149 1863,1149 1896,1149"/>
                <TextEquiv>
                    <Unicode>sen, wie lange weiss ich nicht - aber ich glaube, sie</Unicode>
                </TextEquiv>
            </TextLine>
            <TextLine id="tr_1_tl_6" custom="readingOrder {index:5;}">
                <Coords points="437,1281 1791,1283 1918,1266 1918,1189 1333,1148 910,1204 437,1191"/>
                <Baseline points="447,1239 492,1245 537,1245 582,1245 627,1245 671,1245 716,1245 761,1245 806,1245 851,1245 895,1248 940,1248 985,1248 1030,1248 1075,1251 1119,1248 1164,1251 1209,1251 1254,1251 1299,1251 1343,1251 1388,1251 1433,1254 1478,1251 1523,1251 1567,1251 1612,1251 1657,1251 1702,1254 1747,1251 1791,1254 1836,1254 1881,1254 1923,1254"/>
                <TextEquiv>
                    <Unicode>wird mich nicht lange ruhn lassen. Wie immer beinahe</Unicode>
                </TextEquiv>
            </TextLine>
            <TextLine id="tr_1_tl_7" custom="readingOrder {index:6;}">
                <Coords points="466,1347 591,1389 708,1350 931,1387 1172,1352 1964,1397 1964,1327 1822,1268 464,1287"/>
                <Baseline points="477,1346 522,1343 567,1346 612,1346 656,1346 701,1349 746,1346 791,1349 836,1349 880,1349 925,1349 970,1349 1015,1352 1060,1352 1104,1352 1149,1352 1194,1352 1239,1352 1284,1355 1328,1355 1373,1355 1418,1355 1463,1355 1508,1355 1552,1355 1597,1355 1642,1355 1687,1355 1732,1361 1776,1358 1821,1358 1866,1358 1911,1358 1956,1355 1967,1355"/>
                <TextEquiv>
                    <Unicode>hab ich auch diesmal das vielleicht täuschende Verlan-</Unicode>
                </TextEquiv>
            </TextLine>
            <TextLine id="tr_1_tl_8" custom="readingOrder {index:7;}">
                <Coords points="464,1497 1972,1483 1972,1425 1868,1385 1620,1366 464,1414"/>
                <Baseline points="474,1460 519,1454 564,1454 609,1454 654,1451 698,1454 743,1454 788,1454 833,1454 877,1454 922,1454 967,1457 1012,1457 1057,1460 1101,1460 1146,1457 1191,1460 1236,1460 1281,1460 1325,1460 1370,1460 1415,1460 1460,1460 1505,1460 1549,1463 1594,1460 1639,1463 1684,1463 1729,1463 1773,1463 1818,1463 1863,1463 1908,1463 1953,1463 1976,1463"/>
                <TextEquiv>
                    <Unicode>gen: wenn ich das endgiltige doch einem andern überlas-</Unicode>
                </TextEquiv>
            </TextLine>
            <TextLine id="tr_1_tl_9" custom="readingOrder {index:8;}">
                <Coords points="466,1566 989,1610 1123,1572 1333,1606 1549,1566 1916,1583 1916,1529 1789,1472 466,1502"/>
                <Baseline points="477,1552 522,1549 567,1552 612,1552 656,1552 701,1555 746,1555 791,1555 836,1555 880,1558 925,1558 970,1558 1015,1558 1060,1558 1104,1558 1149,1558 1194,1558 1239,1561 1284,1558 1328,1561 1373,1561 1418,1561 1463,1561 1508,1564 1552,1564 1597,1564 1642,1567 1687,1567 1732,1564 1776,1567 1821,1567 1866,1567 1911,1573 1920,1570"/>
                <TextEquiv>
                    <Unicode>sen könnte, der mehr Künstler wäre als ich. Ueber den</Unicode>
                </TextEquiv>
            </TextLine>
            <TextLine id="tr_1_tl_10" custom="readingOrder {index:9;}">
                <Coords points="462,1672 923,1718 1164,1672 1941,1683 1905,1624 1787,1641 1645,1574 706,1627 460,1602"/>
                <Baseline points="471,1654 516,1654 561,1657 606,1657 651,1657 695,1660 740,1660 785,1660 830,1660 874,1660 919,1660 964,1663 1009,1663 1054,1663 1098,1663 1143,1663 1188,1666 1233,1666 1278,1669 1322,1666 1367,1669 1412,1669 1457,1666 1502,1666 1546,1669 1591,1672 1636,1672 1681,1672 1726,1672 1770,1675 1815,1675 1860,1675 1905,1675 1944,1681"/>
                <TextEquiv>
                    <Unicode>Sinn der Gestalten, über den Geist ihrer gegenseitigen</Unicode>
                </TextEquiv>
            </TextLine>
            <TextLine id="tr_1_tl_11" custom="readingOrder {index:10;}">
                <Coords points="448,1766 612,1814 1018,1772 1997,1810 1995,1724 1833,1683 448,1714"/>
                <Baseline points="459,1761 504,1758 549,1758 594,1758 639,1761 683,1761 728,1761 773,1761 818,1764 863,1764 907,1764 952,1767 997,1767 1042,1764 1087,1767 1131,1764 1176,1767 1221,1770 1266,1767 1311,1770 1355,1770 1400,1770 1445,1770 1490,1770 1534,1773 1579,1776 1624,1773 1669,1776 1714,1779 1758,1776 1803,1779 1848,1779 1893,1779 1938,1776 1982,1779 1997,1782"/>
                <TextEquiv>
                    <Unicode>Beziehungen kann jetzt kein Zweifel mehr sein, und ihre</Unicode>
                </TextEquiv>
            </TextLine>
            <TextLine id="tr_1_tl_12" custom="readingOrder {index:11;}">
                <Coords points="448,1908 975,1906 1120,1866 1322,1908 1908,1893 1908,1808 1062,1785 975,1829 564,1799 448,1831"/>
                <Baseline points="459,1860 504,1857 549,1857 594,1860 639,1860 683,1860 728,1860 773,1863 818,1863 863,1863 907,1866 952,1866 997,1866 1042,1866 1087,1866 1131,1863 1176,1866 1221,1866 1266,1866 1311,1869 1355,1869 1400,1869 1445,1872 1490,1872 1534,1869 1579,1872 1624,1872 1669,1872 1714,1875 1758,1872 1803,1872 1848,1872 1893,1872 1911,1878"/>
                <TextEquiv>
                    <Unicode>Schicksale sind festgestellt - was jetzt noch zu ma-</Unicode>
                </TextEquiv>
            </TextLine>
        </TextRegion>
        <TextRegion id="tr_2" custom="readingOrder {index:1;}">
            <Coords points="453,1915 1982,1915 1982,2712 453,2712"/>
            <TextLine id="tr_2_tl_1" custom="readingOrder {index:0;}">
                <Coords points="454,1983 823,2031 1047,1978 1804,2001 1881,1991 1881,1891 1429,1922 1220,1880 810,1931 454,1903"/>
                <Baseline points="465,1967 510,1965 555,1965 600,1965 645,1965 689,1967 734,1967 779,1967 824,1967 869,1967 913,1967 958,1967 1003,1967 1048,1967 1092,1967 1137,1967 1182,1970 1227,1970 1272,1970 1316,1970 1361,1973 1406,1973 1451,1973 1496,1973 1540,1976 1585,1976 1630,1976 1675,1979 1720,1976 1764,1976 1809,1979 1854,1976 1887,1976"/>
                <TextEquiv>
                    <Unicode>chen ist, könnten andre besser machen als ich, den es</Unicode>
                </TextEquiv>
            </TextLine>
            <TextLine id="tr_2_tl_2" custom="readingOrder {index:1;}">
                <Coords points="444,2103 1947,2093 1960,1978 442,2033"/>
                <Baseline points="453,2066 498,2066 543,2066 588,2066 633,2066 677,2066 722,2066 767,2069 812,2069 857,2069 901,2069 946,2069 991,2069 1036,2069 1081,2072 1125,2072 1170,2072 1215,2075 1260,2072 1305,2072 1349,2072 1394,2075 1439,2075 1484,2075 1529,2075 1573,2075 1618,2078 1663,2078 1708,2078 1752,2078 1797,2081 1842,2081 1887,2081 1932,2078 1967,2081"/>
                <TextEquiv>
                    <Unicode>eigentlich schon zu andern Phantastereien und Realiste-</Unicode>
                </TextEquiv>
            </TextLine>
            <TextLine id="tr_2_tl_3" custom="readingOrder {index:2;}">
                <Coords points="454,2178 1924,2214 1908,2087 454,2103"/>
                <Baseline points="465,2168 510,2168 555,2168 600,2171 645,2171 689,2171 734,2171 779,2171 824,2171 869,2174 913,2174 958,2174 1003,2174 1048,2174 1092,2177 1137,2177 1182,2177 1227,2177 1272,2177 1316,2177 1361,2177 1406,2177 1451,2177 1496,2177 1540,2180 1585,2180 1630,2180 1675,2180 1720,2180 1764,2183 1809,2183 1854,2180 1899,2177 1929,2177"/>
                <TextEquiv>
                    <Unicode>reien lookt. Während ich an dem C. Stück schrieb, spürt</Unicode>
                </TextEquiv>
            </TextLine>
            <TextLine id="tr_2_tl_4" custom="readingOrder {index:3;}">
                <Coords points="458,2287 1980,2314 1978,2233 1935,2222 458,2218"/>
                <Baseline points="468,2269 513,2269 558,2272 603,2275 648,2272 692,2275 737,2275 782,2275 827,2275 872,2275 916,2275 961,2275 1006,2275 1051,2278 1095,2278 1140,2278 1185,2278 1230,2278 1275,2278 1319,2278 1364,2278 1409,2281 1454,2281 1499,2281 1543,2284 1588,2284 1633,2284 1678,2284 1723,2287 1767,2287 1812,2287 1857,2287 1902,2284 1947,2287 1982,2287"/>
                <TextEquiv>
                    <Unicode>ich plötzlich, dass zwei andere Stoffe von mir, der eine</Unicode>
                </TextEquiv>
            </TextLine>
            <TextLine id="tr_2_tl_5" custom="readingOrder {index:4;}">
                <Coords points="1651,2353 1662,2355 1678,2345 1681,2349 1689,2343 1703,2351 1714,2343 1722,2349 1733,2349 1735,2301 1724,2303 1716,2293 1706,2301 1703,2297 1697,2299 1687,2291 1681,2295 1672,2295 1664,2289 1654,2289"/>
                <Baseline points="1663,2338 1693,2338 1738,2335"/>
                <TextEquiv>
                    <Unicode>G.H.P.</Unicode>
                </TextEquiv>
            </TextLine>
            <TextLine id="tr_2_tl_6" custom="readingOrder {index:5;}">
                <Coords points="442,2382 1901,2405 1841,2339 1433,2357 1302,2289 442,2316"/>
                <Baseline points="453,2374 498,2374 543,2377 588,2377 633,2377 677,2377 722,2380 767,2380 812,2380 857,2380 901,2383 946,2383 991,2383 1036,2383 1081,2386 1125,2383 1170,2383 1215,2386 1260,2386 1305,2386 1349,2386 1394,2386 1439,2389 1484,2389 1529,2386 1573,2386 1618,2389 1663,2389 1708,2389 1752,2392 1797,2392 1842,2392 1887,2392 1905,2395"/>
                <TextEquiv>
                    <Unicode>vollkommen seenirt, der andre zu ein viertel oder ein</Unicode>
                </TextEquiv>
            </TextLine>
            <TextLine id="tr_2_tl_7" custom="readingOrder {index:6;}">
                <Coords points="460,2536 968,2487 1143,2536 1622,2495 1962,2541 1939,2418 1510,2464 1295,2387 698,2435 458,2397"/>
                <Baseline points="468,2475 513,2478 558,2478 603,2478 648,2478 692,2478 737,2481 782,2481 827,2484 872,2484 916,2484 961,2487 1006,2487 1051,2487 1095,2487 1140,2484 1185,2487 1230,2487 1275,2487 1319,2490 1364,2490 1409,2490 1454,2490 1499,2490 1543,2490 1588,2493 1633,2493 1678,2493 1723,2493 1767,2496 1812,2496 1857,2496 1902,2496 1947,2496 1967,2499"/>
                <TextEquiv>
                    <Unicode>drittel dialectisirt, mit diesem D.Stück in einem innern</Unicode>
                </TextEquiv>
            </TextLine>
            <TextLine id="tr_2_tl_8" custom="readingOrder {index:7;}">
                <Coords points="448,2643 694,2591 877,2641 1175,2593 1901,2618 1947,2614 1947,2536 1822,2576 1062,2509 446,2534"/>
                <Baseline points="459,2586 504,2586 549,2583 594,2586 639,2586 683,2586 728,2586 773,2589 818,2592 863,2589 907,2592 952,2592 997,2592 1042,2589 1087,2589 1131,2592 1176,2592 1221,2595 1266,2595 1311,2598 1355,2598 1400,2598 1445,2598 1490,2598 1534,2598 1579,2598 1624,2598 1669,2601 1714,2601 1758,2601 1803,2604 1848,2604 1893,2601 1938,2601 1950,2598"/>
                <TextEquiv>
                    <Unicode>zusammenhang stehn. Eine Trilogie (pardon für das pom-</Unicode>
                </TextEquiv>
            </TextLine>
            <TextLine id="tr_2_tl_9" custom="readingOrder {index:8;}">
                <Coords points="448,2705 739,2709 993,2774 1385,2711 1708,2755 1918,2722 1887,2662 1602,2599 446,2639"/>
                <Baseline points="456,2693 501,2693 546,2690 591,2690 636,2690 680,2690 725,2693 770,2693 815,2693 860,2693 904,2693 949,2693 994,2693 1039,2693 1084,2696 1128,2696 1173,2696 1218,2696 1263,2696 1308,2699 1352,2699 1397,2702 1442,2702 1487,2699 1531,2699 1576,2699 1621,2699 1666,2702 1711,2702 1755,2702 1800,2702 1845,2702 1890,2699 1923,2702"/>
                <TextEquiv>
                    <Unicode>pöse Wort) mit dem Obertitel etwa: „O du mein Oester-</Unicode>
                </TextEquiv>
            </TextLine>
        </TextRegion>
    </Page>
</PcGts>
