2401 3656
1283 646 1594 759 onmering, 16.
1399 721 1506 877 P.
1554 715 1666 879 1.
1046 813 1939 962 rung eines Missverständnisses. Mein
899 833 1052 944 aufklärte
490 940 1973 1074 Frau schrieb: „Sie kommen also nicht? Es ist wunden
500 1036 584 1098 de ses
536 1032 2018 1172 schön heroben." Auf diese zweideutige Zusammenstellung
496 1150 2056 1301 bezog sich mein "Sie meint's nicht so." Olga hat gloie
492 1239 2034 1377 vermuthet, dass Sie meinen Witz nicht verstehen wer-
1901 1337 2020 1411 G.F.P.
504 1359 594 1415 G.C.H.
502 1349 2040 1506 den. Und ich hab Sie überschätzt.- Oder sollte der
1983 1500 2134 1656 P.M.
566 1447 1799 1578 Witz schlecht gewesen sein? -
1789 1449 1959 1578 nichts
454 1602 536 1688 G.C.P
574 1554 2110 1678 Für heute nur noch, dass der Ruf nach fruchtbringenden
574 1648 2038 1773 Gesprächen mit Olga und dem (bereits abgereisten) Hu-
522 1751 2094 1909 go, mich fortdauernd beschäftigt. Lassen Sie sich nur
1913 1859 2056 1913 G.C.H.P.
576 1855 2060 2032 sagen, dass, wenn mein neuer Plan zur Aufführung kommt,
560 1981 2052 2120 eine andere Decoration zum 3. Akt notwendig ist - was
570 2088 1994 2220 aber reichlich dadurch wett gemacht wird, dass nicht
586 2204 2076 2341 nur Marie nicht während des ganzen 2. Aktes versteckt
636 2311 2068 2439 ist (sie kommt erst zum Schluss), sondern dass auch Irec-
550 2397 2032 2519 am Leben bleibt, wodurch der Pistolenschuss des Oberst
444 2411 530 2487 re de
532 2513 1686 2630 entfällt. Hingegen ist diesem (Obersten)
