2741 3646
2365 0 2514 91 FJ
846 724 951 852 64
977 739 1166 866 be
1192 778 1663 922 Wien, 5.5.1906.
780 878 1467 1020 Lieber Freund,
1487 903 1567 1007 G.F.P
538 951 2025 1107 in Brünn wird sich Ihnen Doktor Hans Müller, ein begab-
532 1077 2016 1197 ter und interessanter junger Oesterreich. Dichter vor-
536 1184 2003 1319 stellen. Ich werde von ihm ersucht, Sie auf seinen Be-
538 1291 1968 1417 such vorzubereiten. Ich thue es gern, denn ich denke,
547 1389 1748 1541 der Jüngling wird Ihnen gefallen.-
543 1498 1947 1655 Unsere Hinterbrühler Adresse: Hinterbruhl, Hotel Ra-
543 1596 1988 1740 detzky. Wir denken, bis zum nächsten Sonntag dort zu
541 1744 2017 1859 verweilen. Wenn Sie kommen, was höchst erfreulich wäre,
543 1805 1713 1942 so telegraphieren Sie am Tag vorher bitte.
538 1918 1964 2025 Der Suppenspieler scheint mir ist bei der Kritik im
541 2023 1979 2136 ganzen besser weggekommen, als die Elga. Bei den Stü-
543 2117 2019 2219 cken ist es umgekehrt als bei den Dieben. Die grossen
543 2258 2010 2359 henkt man, die kleinen lässt man laufen. (Wer verlangt
538 2352 1984 2490 übrigens von Stücken, dass sie laufen? Es genügt, daß
547 2442 2010 2568 sie gehen.) Sehr erfreulich wäre es ja, wenn das Zimmer
547 2542 1999 2662 des Oboespielers und das rothweiss-gestreifte kurzge-
