2563 3715
1360 813 1658 905 (12.7.06.)
411 870 1834 1008 einen Einakter hab ich hier, ein bissel schlampig, zu
402 972 1893 1092 Ende geschrieben, aber der muss, wird sich in einen Cyc-
402 1067 1765 1197 lus fügen. Die Preise in diesen trefflichen Hotel
404 1178 1914 1333 mögen meine wachsende Geldgier entschuldigen. Ueber das
411 1281 1802 1429 A. Stück bitte sehr zu niemanden ein Wort. Ich hoffe
398 1392 1844 1530 hier jedenfalls ziemlich weit damit zu kommen. Würde
402 1486 1811 1624 mich durch Ihre höchst erwünschte Anwesenheit nicht
404 1610 1832 1729 stören, sondern nur anregen lassen. Brandes ist schon
402 1723 1855 1802 aufgestanden, wie er mir heute schreibt und soll näch-
402 1782 1920 1937 stens irgendwo eine Rede reden. Ich hab ihm Ihren Gruss
404 1901 1886 2058 schriftlich übermittelt, hat aber nichts geholfen, weil
413 2004 1360 2148 er Ihren Namen nicht lesen konnte.
411 2108 1912 2245 -Seit ein paar Tagen lese ich die Briefe von Bülow, aber
402 2207 1855 2337 es wird lange währen, bis ich zum fünften Band komme,
407 2306 1679 2440 der Sie vorigen Sommer so sehr ergriffen hat.-
407 2415 1945 2567 von Dora Erl haben auch wir Wochen, Monate nichts gehört.
404 2549 1890 2670 Dass sie sich nicht gemeldet, ist mehr als befremdlich.
404 2634 1457 2765 Sie brannte darauf, Ihnen vorzuspielen.
