2563 3715
1423 776 1698 880 (E. 8.06.)
331 822 1825 983 hysterisch. Von Jbsen hat sie zur Zeit da sie ihn ken-
348 926 1813 1073 nen gelernt hat, überhaupt nichts gekannt. Wenn er sie
1136 1019 1243 1082 ihn
348 1044 1859 1170 küsste, so granste ihr. Ausser xxx (den sie nicht lieb-
346 1142 1872 1279 te) hat sie nur einen geliebt - einen 62 jährigen Mann,
344 1264 1744 1388 mit dem sie verlobt war. Dass aus der Sache nichts
354 1366 1737 1490 wurde, war eine „romantische Geschichte“, wie sie zu
350 1465 1853 1585 Baandes sagte. Ein Arzt schickte den Bräutigam nämlich
346 1580 1788 1706 nach Mazigo, weil er eine Krankheit hatte, die ihm das
354 1656 1861 1807 Heiraten unmöglich machte... Das nannte sie eine roman¬
358 1769 1851 1911 tische Geschichte.. Nun sagen Sie, ist das nicht lächer
354 1891 1815 2025 lich...?“ Im ganzen scheint sie eine ahnungslose tra-
356 1978 1090 2109 gikomische Figur zu sein.-
360 2064 1880 2220 Das (A + B) te Stück hab ich in der ersten Niederschrift
361 2180 1712 2322 hier abge schlossen; den 4. u. 5. Akt recht flüchtig.
360 2268 1786 2446 Nun soll es liegen bleiben, bis irgend eine Trompete
1201 2400 1844 2502 ich mir den eignen, was
375 2412 968 2521 tönt. (Im allgemeinen
371 2486 1911 2599 ein abgeschmackter Vergleich ist.) - Da nun Reiseunruhen
371 2624 1828 2762 bevorstehen, Wandern von Landschaft zu Landschaît, von
