2563 3715
1292 795 1563 898 (29.1.08.)
234 860 1715 1014 Hier steht es.) Zur Besetzung erlauben Sie mir einige
250 965 1754 1081 Vorschläge. Wenn Bassermann in allen 4 Stücken beschäf-
264 1069 1754 1215 tigt werden könnte - fänd ich das höchst vortheilhaft -
256 1171 1679 1297 umsomehr als die Figur des Remigio in der Dolchfrau
264 1256 1721 1400 von keinem besser gebracht werden könnte. (Bei dieser
264 1374 1727 1522 Gelegenheit fällt mir übrigens ein: Einakter Lebendige
272 1482 1640 1608 Stunden Hausdorfer:Reicher - Heinrich Bassermann! -
272 1595 1770 1711 das wär nicht übel!-Ueberlegen Sie's doch einmal! Viel-
278 1670 1583 1809 leicht kämen die Leute doch auf den Geschmack!)
282 1772 1750 1933 -Ferner: wäre nicht auch im Puppenspieler für Stieler
295 1874 1717 2034 (der damals sehr schlecht war) Reicher vorzuziehen?-
285 1986 1652 2124 Und wer soll in den Letzten Masken den Rademacher
291 2083 1794 2248 spielen? - Und wer den Jackwerth? - Den Radenacher unbe-
295 2185 1782 2333 dingt Reicher.- Jackwerth Forest?- Den Leonardo in der
287 2262 1792 2435 Frau mit dem Polch wohl Stieler?- Und wer in der Lite-
299 2390 1693 2573 ratur den Dichter? Reicher? Und wenn nicht der, wer
315 2522 1758 2654 denn?- - All dies schreib ich eiligst, gleich nachdem
323 2603 1906 2754 ich Ihren Brief gelesen und bin neugierig Ihre Besetzungs-
