<?xml version="1.0" encoding="UTF-8" standalone="yes"?>
<PcGts xmlns="http://schema.primaresearch.org/PAGE/gts/pagecontent/2013-07-15" xmlns:xsi="http://www.w3.org/2001/XMLSchema-instance" xsi:schemaLocation="http://schema.primaresearch.org/PAGE/gts/pagecontent/2013-07-15 http://schema.primaresearch.org/PAGE/gts/pagecontent/2013-07-15/pagecontent.xsd">
    <Metadata>
        <Creator>prov=READ-COOP:name=TrHtr:version=2.1.0:model_id=51170:date=26_07_2023_01:06</Creator>
        <Created>2023-05-02T07:45:22.746+02:00</Created>
        <LastChange>2023-07-26T01:06:50.582+02:00</LastChange>
        <TranskribusMetadata docId="1416708" pageId="54950493" pageNr="64" tsid="130864184" status="IN_PROGRESS" userId="64420" imgUrl="https://files.transkribus.eu/Get?id=BIPCBUZVWFNHJOPZMSOSILOD&amp;fileType=view" xmlUrl="https://files.transkribus.eu/Get?id=UOCKTIKKZERCXRMNUWLCIUOK" imageId="44454219"/>
    </Metadata>
    <Page imageFilename="1416708_0064.jpg" imageWidth="2480" imageHeight="3408">
        <ReadingOrder>
            <OrderedGroup id="ro_1711829056173" caption="Regions reading order">
                <RegionRefIndexed index="0" regionRef="tr_1"/>
            </OrderedGroup>
        </ReadingOrder>
        <TextRegion id="tr_1" custom="readingOrder {index:0;}">
            <Coords points="224,657 1812,657 1812,2471 224,2471"/>
            <TextLine id="tr_1_tl_1" custom="readingOrder {index:0;}">
                <Coords points="291,739 407,747 460,709 597,749 614,732 669,722 673,623 635,631 536,593 513,614 488,602 454,625 395,619 382,606 355,623 294,608"/>
                <Baseline points="301,719 316,719 361,719 405,716 450,713 495,713 540,707 584,707 629,707 674,710"/>
                <TextEquiv>
                    <Unicode>Lieber Freund,</Unicode>
                </TextEquiv>
            </TextLine>
            <TextLine id="tr_1_tl_2" custom="readingOrder {index:1;}">
                <Coords points="255,825 505,857 781,804 885,855 1091,790 1315,802 1358,785 1362,735 940,711 821,745 674,709 593,747 530,724 256,760"/>
                <Baseline points="265,823 292,823 337,823 381,820 426,817 471,814 516,814 561,811 605,811 650,808 695,805 740,805 784,802 829,799 874,799 919,796 963,793 1008,790 1053,790 1098,787 1142,784 1187,784 1232,781 1277,781 1322,778 1366,778"/>
                <TextEquiv>
                    <Unicode>ich thue wohl am besten Ihnen den schon</Unicode>
                </TextEquiv>
            </TextLine>
            <TextLine id="tr_1_tl_3" custom="readingOrder {index:2;}">
                <Coords points="279,982 566,929 674,958 794,912 1305,912 1364,904 1366,840 1079,846 1011,817 887,855 840,826 283,863"/>
                <Baseline points="292,925 295,922 340,922 384,919 429,919 474,916 519,916 564,913 608,910 653,907 698,904 743,907 787,904 832,904 877,898 922,898 966,895 1011,892 1056,892 1101,889 1145,889 1190,886 1235,883 1280,880 1325,877 1369,877"/>
                <TextEquiv>
                    <Unicode>unbeantwortet bei mir liegenden Brief den</Unicode>
                </TextEquiv>
            </TextLine>
            <TextLine id="tr_1_tl_4" custom="readingOrder {index:3;}">
                <Coords points="245,1037 621,1064 1303,992 1630,1024 1697,999 1700,916 1015,954 794,912 249,986"/>
                <Baseline points="258,1026 307,1026 352,1026 396,1023 441,1023 486,1020 531,1020 575,1017 620,1014 665,1014 710,1011 755,1008 799,1008 844,1005 889,1005 934,999 978,999 1023,996 1068,996 1113,993 1157,990 1202,987 1247,987 1292,984 1336,981 1381,981 1426,978 1471,975 1515,969 1560,969 1605,969 1650,969 1695,966 1704,966"/>
                <TextEquiv>
                    <Unicode>zu Übermitteln und Ihnen die Entscheidung zu überlassen</Unicode>
                </TextEquiv>
            </TextLine>
            <TextLine id="tr_1_tl_5" custom="readingOrder {index:4;}">
                <Coords points="247,1083 279,1085 289,1079 294,1081 298,1077 300,1079 306,1077 312,1083 327,1081 331,1051 315,1053 308,1045 289,1036 287,1032 279,1034 276,1030 262,1041 258,1037 251,1037"/>
                <Baseline points="258,1068 307,1065 334,1059"/>
                <TextEquiv>
                    <Unicode>G.F.P.</Unicode>
                </TextEquiv>
            </TextLine>
            <TextLine id="tr_1_tl_6" custom="readingOrder {index:5;}">
                <Coords points="293,1159 1721,1096 1744,1016 298,1072"/>
                <Baseline points="304,1128 313,1128 358,1128 402,1131 447,1128 492,1125 537,1122 581,1119 626,1119 671,1116 716,1113 760,1113 805,1110 850,1107 895,1104 940,1104 984,1101 1029,1098 1074,1098 1119,1095 1163,1092 1208,1089 1253,1089 1298,1086 1342,1083 1387,1080 1432,1080 1477,1077 1521,1074 1566,1074 1611,1071 1656,1068 1701,1068 1745,1071"/>
                <TextEquiv>
                    <Unicode>sen. Ich weiss nicht, ob es irgend einen Vortheil be-</Unicode>
                </TextEquiv>
            </TextLine>
            <TextLine id="tr_1_tl_7" custom="readingOrder {index:6;}">
                <Coords points="294,1271 817,1220 946,1264 1159,1203 1258,1237 1746,1186 1744,1144 1661,1117 1311,1108 298,1165"/>
                <Baseline points="307,1232 319,1232 364,1229 408,1229 453,1229 498,1226 543,1226 587,1223 632,1220 677,1217 722,1217 766,1214 811,1214 856,1208 901,1208 946,1208 990,1208 1035,1202 1080,1199 1125,1199 1169,1196 1214,1193 1259,1193 1304,1190 1348,1187 1393,1184 1438,1184 1483,1181 1527,1178 1572,1175 1617,1175 1662,1172 1706,1172 1751,1169"/>
                <TextEquiv>
                    <Unicode>deutet, die Premiere des „Anatol" der Akad. Bühne vor-</Unicode>
                </TextEquiv>
            </TextLine>
            <TextLine id="tr_1_tl_8" custom="readingOrder {index:7;}">
                <Coords points="291,1347 777,1364 1775,1294 1805,1246 1159,1203 916,1265 294,1271"/>
                <Baseline points="301,1336 328,1336 373,1333 417,1333 462,1333 507,1330 552,1327 596,1325 641,1325 686,1322 731,1322 775,1319 820,1319 865,1316 910,1313 954,1313 999,1310 1044,1307 1089,1304 1134,1301 1178,1298 1223,1298 1268,1298 1313,1295 1357,1292 1402,1289 1447,1286 1492,1283 1536,1283 1581,1280 1626,1280 1671,1277 1715,1274 1760,1274 1807,1271"/>
                <TextEquiv>
                    <Unicode>zubehalten; Sie kennen die Verhältnisse besser und sa¬</Unicode>
                </TextEquiv>
            </TextLine>
            <TextLine id="tr_1_tl_9" custom="readingOrder {index:8;}">
                <Coords points="294,1465 293,1427 308,1410 300,1400 308,1376 300,1368 308,1351 296,1336 298,1326 179,1305 180,1345 173,1353 179,1378 146,1410 150,1416 139,1438"/>
                <Baseline points="265,1450 259,1441 277,1402 253,1357 247,1313"/>
                <TextEquiv>
                    <Unicode>P.S.</Unicode>
                </TextEquiv>
            </TextLine>
            <TextLine id="tr_1_tl_10" custom="readingOrder {index:9;}">
                <Coords points="300,1488 433,1442 908,1419 971,1455 1239,1404 1776,1427 1794,1336 306,1349"/>
                <Baseline points="313,1447 316,1447 361,1441 405,1438 450,1435 495,1432 540,1432 584,1429 629,1429 674,1429 719,1423 763,1423 808,1423 853,1417 898,1417 943,1414 987,1414 1032,1411 1077,1411 1122,1408 1166,1405 1211,1402 1256,1399 1301,1396 1345,1396 1390,1393 1435,1390 1480,1390 1524,1387 1569,1384 1614,1384 1659,1381 1704,1381 1748,1384 1794,1421"/>
                <TextEquiv>
                    <Unicode>gen mir wohl gütigst ein Wort, was ich den Leuten zu</Unicode>
                </TextEquiv>
            </TextLine>
            <TextLine id="tr_1_tl_11" custom="readingOrder {index:10;}">
                <Coords points="1670,1448 1680,1448 1689,1454 1697,1446 1727,1446 1735,1452 1746,1452 1756,1459 1763,1459 1763,1419 1735,1419 1725,1425 1708,1421 1695,1423 1682,1410 1672,1410"/>
                <Baseline points="1680,1441 1718,1444 1766,1440"/>
                <TextEquiv>
                    <Unicode>G.H.P.</Unicode>
                </TextEquiv>
            </TextLine>
            <TextLine id="tr_1_tl_12" custom="readingOrder {index:11;}">
                <Coords points="849,1524 1016,1510 1102,1543 1292,1507 1368,1539 1518,1505 1737,1512 1720,1444 1150,1454 1051,1427 851,1455"/>
                <Baseline points="862,1510 889,1501 934,1501 978,1498 1023,1498 1068,1495 1113,1498 1157,1495 1202,1495 1247,1495 1292,1489 1336,1489 1381,1492 1426,1489 1471,1489 1515,1489 1560,1489 1605,1486 1650,1483 1695,1471 1741,1490"/>
                <TextEquiv>
                    <Unicode>Komödiantin darstellen liesse.</Unicode>
                </TextEquiv>
            </TextLine>
            <TextLine id="tr_1_tl_13" custom="readingOrder {index:12;}">
                <Coords points="262,1581 264,1573 268,1571 266,1568 274,1566 277,1564 277,1558 293,1550 300,1537 241,1512 238,1535 226,1541 228,1550 222,1564"/>
                <Baseline points="261,1571 262,1560 256,1515 224,1488"/>
                <TextEquiv>
                    <Unicode>G.F.P</Unicode>
                </TextEquiv>
            </TextLine>
            <TextLine id="tr_1_tl_14" custom="readingOrder {index:13;}">
                <Coords points="302,1569 331,1579 372,1550 428,1556 458,1543 507,1564 661,1531 711,1556 758,1531 760,1448 716,1444 680,1463 504,1450 475,1465 448,1452 304,1490"/>
                <Baseline points="313,1539 358,1539 402,1536 447,1536 492,1533 537,1533 581,1530 626,1530 671,1527 716,1524 760,1524"/>
                <TextEquiv>
                    <Unicode>antworten hätte.</Unicode>
                </TextEquiv>
            </TextLine>
            <TextLine id="tr_1_tl_15" custom="readingOrder {index:14;}">
                <Coords points="260,1683 1347,1607 1630,1644 1784,1619 1788,1530 971,1550 897,1510 264,1588"/>
                <Baseline points="271,1683 313,1644 358,1644 402,1641 447,1641 492,1638 537,1635 581,1632 626,1632 671,1632 716,1629 760,1626 805,1626 850,1620 895,1620 940,1617 984,1614 1029,1614 1074,1611 1119,1608 1163,1608 1208,1608 1253,1605 1298,1602 1342,1599 1387,1596 1432,1596 1477,1593 1521,1590 1566,1590 1611,1587 1656,1584 1701,1584 1745,1581 1790,1581"/>
                <TextEquiv>
                    <Unicode>Die fünf verschiedenen Weiber in den füngsten Scenen er¬</Unicode>
                </TextEquiv>
            </TextLine>
            <TextLine id="tr_1_tl_16" custom="readingOrder {index:15;}">
                <Coords points="302,1744 562,1775 942,1721 1030,1761 1250,1716 1552,1733 1807,1695 1811,1617 306,1659"/>
                <Baseline points="313,1745 334,1745 378,1745 423,1742 468,1742 513,1742 558,1739 602,1736 647,1736 692,1733 737,1730 781,1727 826,1727 871,1724 916,1724 960,1721 1005,1721 1050,1718 1095,1718 1139,1715 1184,1712 1229,1709 1274,1709 1319,1706 1363,1706 1408,1704 1453,1704 1498,1698 1542,1698 1587,1695 1632,1692 1677,1689 1721,1686 1766,1689 1812,1696"/>
                <TextEquiv>
                    <Unicode>wünsche ich mir nicht von wegen Steigerung der Illu-</Unicode>
                </TextEquiv>
            </TextLine>
            <TextLine id="tr_1_tl_17" custom="readingOrder {index:16;}">
                <Coords points="315,1870 1752,1807 1767,1738 1699,1708 1332,1776 923,1727 608,1786 319,1752"/>
                <Baseline points="325,1847 337,1847 381,1847 426,1847 471,1844 516,1844 561,1841 605,1838 650,1838 695,1835 740,1835 784,1832 829,1832 874,1829 919,1826 963,1823 1008,1823 1053,1823 1098,1820 1142,1820 1187,1817 1232,1814 1277,1808 1322,1808 1366,1805 1411,1802 1456,1802 1501,1802 1545,1799 1590,1796 1635,1796 1680,1793 1724,1790 1769,1784"/>
                <TextEquiv>
                    <Unicode>sion, sondern nach meiner von Ihnen besser im Gedächt-</Unicode>
                </TextEquiv>
            </TextLine>
            <TextLine id="tr_1_tl_18" custom="readingOrder {index:17;}">
                <Coords points="314,1978 1034,1928 1252,1966 1434,1910 1607,1940 1765,1923 1769,1849 1666,1811 1558,1860 319,1868"/>
                <Baseline points="325,1951 340,1951 384,1951 429,1945 474,1945 519,1945 564,1942 608,1942 653,1939 698,1939 743,1936 787,1936 832,1930 877,1930 922,1930 966,1927 1011,1927 1056,1924 1101,1921 1145,1918 1190,1918 1235,1915 1280,1912 1325,1912 1369,1912 1414,1906 1459,1906 1504,1903 1548,1900 1593,1897 1638,1897 1683,1897 1727,1894 1772,1886"/>
                <TextEquiv>
                    <Unicode>nis behaltenenals anerkannten Theorie, zur Erhöhung</Unicode>
                </TextEquiv>
            </TextLine>
            <TextLine id="tr_1_tl_19" custom="readingOrder {index:18;}">
                <Coords points="268,2037 272,2025 266,2018 287,2003 287,1993 274,1970 277,1955 217,1940 215,1949 207,1957 211,1965 205,1966 215,1993 209,1997 213,2008 211,2022"/>
                <Baseline points="277,2028 277,1993 258,1947"/>
                <TextEquiv>
                    <Unicode>P.S.</Unicode>
                </TextEquiv>
            </TextLine>
            <TextLine id="tr_1_tl_20" custom="readingOrder {index:19;}">
                <Coords points="321,2090 787,2039 1051,2077 1604,2008 1716,2044 1754,1944 327,1972"/>
                <Baseline points="334,2053 370,2053 414,2050 459,2050 504,2047 549,2047 593,2044 638,2041 683,2041 728,2038 772,2035 817,2035 862,2032 907,2032 951,2029 996,2026 1041,2026 1086,2023 1131,2020 1175,2017 1220,2017 1265,2014 1310,2014 1354,2014 1399,2011 1444,2008 1489,2005 1533,2002 1578,2002 1623,2002 1668,1999 1712,1996 1757,1999"/>
                <TextEquiv>
                    <Unicode>des Theaterspasses, der im letzten und höchsten Sinn</Unicode>
                </TextEquiv>
            </TextLine>
            <TextLine id="tr_1_tl_21" custom="readingOrder {index:20;}">
                <Coords points="319,2194 560,2151 1127,2168 1205,2126 1319,2177 1452,2120 1672,2118 1674,2052 849,2075 788,2039 714,2077 528,2054 325,2090"/>
                <Baseline points="331,2157 334,2157 378,2154 423,2154 468,2151 513,2151 558,2151 602,2148 647,2145 692,2142 737,2142 781,2139 826,2136 871,2136 916,2136 960,2130 1005,2130 1050,2127 1095,2127 1139,2124 1184,2121 1229,2118 1274,2115 1319,2115 1363,2112 1408,2112 1453,2109 1498,2106 1542,2103 1587,2103 1632,2097 1677,2097"/>
                <TextEquiv>
                    <Unicode>auf eine Entfesselung der Jdeenassociationen hinaus</Unicode>
                </TextEquiv>
            </TextLine>
            <TextLine id="tr_1_tl_22" custom="readingOrder {index:21;}">
                <Coords points="334,2293 1309,2215 1387,2259 1573,2265 1581,2118 1334,2181 1195,2143 779,2194 540,2160 340,2183"/>
                <Baseline points="346,2256 373,2253 417,2253 462,2253 507,2253 552,2250 596,2247 641,2244 686,2241 731,2238 775,2235 820,2235 865,2232 910,2229 954,2226 999,2223 1044,2223 1089,2220 1134,2217 1178,2214 1223,2214 1268,2211 1313,2208 1357,2208 1402,2205 1447,2202 1492,2199 1536,2202 1581,2193"/>
                <TextEquiv>
                    <Unicode>läuft. Von jeder der fünf weiblichen Figuren</Unicode>
                </TextEquiv>
            </TextLine>
            <TextLine id="tr_1_tl_23" custom="readingOrder {index:22;}">
                <Coords points="336,2386 530,2362 764,2388 984,2337 1068,2373 1269,2337 1319,2360 1358,2350 1362,2270 1235,2246 1125,2286 1016,2252 922,2286 802,2252 342,2284"/>
                <Baseline points="349,2357 381,2357 426,2354 471,2354 516,2351 561,2348 605,2348 650,2345 695,2339 740,2342 784,2339 829,2336 874,2333 919,2330 963,2327 1008,2327 1053,2324 1098,2321 1142,2318 1187,2315 1232,2315 1277,2312 1322,2309 1366,2303"/>
                <TextEquiv>
                    <Unicode>irgend möglich eine neue Kette (der Amts-</Unicode>
                </TextEquiv>
            </TextLine>
            <TextLine id="tr_1_tl_24" custom="readingOrder {index:23;}">
                <Coords points="1416,2333 1433,2335 1459,2322 1469,2322 1472,2326 1480,2320 1492,2324 1495,2320 1505,2320 1507,2212 1495,2212 1488,2217 1484,2214 1474,2221 1465,2215 1448,2223 1440,2217 1417,2215"/>
                <Baseline points="1426,2306 1465,2303 1510,2303"/>
                <TextEquiv>
                    <Unicode>ein</Unicode>
                </TextEquiv>
            </TextLine>
            <TextLine id="tr_1_tl_25" custom="readingOrder {index:24;}">
                <Coords points="372,2491 429,2481 507,2506 560,2485 591,2493 623,2481 654,2498 768,2470 770,2384 642,2375 604,2386 570,2364 511,2362 450,2373 439,2362 403,2384 376,2375"/>
                <Baseline points="384,2461 414,2461 459,2459 504,2456 549,2456 593,2456 638,2453 683,2453 728,2450 772,2447"/>
                <TextEquiv>
                    <Unicode>uslaufen, dagegen</Unicode>
                </TextEquiv>
            </TextLine>
        </TextRegion>
    </Page>
</PcGts>
