2499 3668
1188 587 1496 753 20.6.1906.
901 589 1025 704 65
512 692 916 823 Lieber Freund,
354 778 1743 943 wir reisen schon sehr bald, wahrscheinlich an Montag
331 869 1791 1056 den 25.- über Berlin (1-2 Tage) Kopenhagen (3-4Tage)
327 986 1842 1136 nach Marienlyst. Wie lange wir dort bleiben, hängt von
348 1093 1795 1229 unserm Wohlbefinden und den unberechenbaren Nebenum¬
346 1204 1780 1369 ständen eines unbekannten Aufenthalts in unbekannnten
356 1301 1861 1463 Tagen ab. Nach 3-5 Wochen etwa möchten wir noch in ein
356 1408 1739 1554 stilleres Nordsoebad (Wyk oder dergleichen) würden
338 1531 1778 1677 dann den Buben mit dem Fräulein von Hamburg aus zu-
360 1616 1811 1770 rückspedieren und, wenn alles gut geht, noch eine ganz
360 1723 1922 1854 kleine holländische Reise thun. Sagen Sie mir jedenfalls,
358 1834 1762 1957 wann Sie nach Nordyk kommen und wie lange Sie dort-
348 1937 1803 2087 selbst bleiben. Hoffentlich führt uns der Sommer we-
360 2046 1778 2167 nigstens auf kurze Zeit zusammen. Das obenstehende
358 2134 1791 2326 programm hat nicht die Bedeutung eines lessingthea¬
371 2270 1826 2414 ters- sondern höchstens die eines Deutschen Theaters-
366 2375 731 2509 Repertoire.-
364 2464 1809 2624 Bevor Sie wiederwas von uns erfahren, adressieren Sie
