2563 3715
865 737 999 885 7
1156 786 1596 898 Wien, 29.1.1908.
348 887 748 1025 Lieber Freund,
350 981 1750 1112 gewiss werden die Kritiker heute nicht klüger sein
357 1089 1789 1220 als vor 6 Jahren, und somit stimm ich Ihnen gern bei,
354 1188 1813 1301 wenn Sie die Leb. St. durch den Ruppenspieler ersetzen
363 1301 1785 1418 wollen. (Ursprünglich war der Cyclus gedacht:Puppen
363 1405 1845 1529 spieler - Dolchfrau - Lebendige Stunden (als bestes in
352 1514 1776 1647 der Mitte) - Masken - Literatur). Einen Satz in den
357 1611 1839 1750 Puppenspieler einzufügen halt ich für nicht notwendig.
363 1699 1795 1824 ja es wäre sogar gefährlich, weil ja unsre guten, lie-
357 1817 1838 1942 ben, wohlwollenden, sachlichen Kritiker das Adhocige der
363 1905 1841 2045 Sache merkten, und hier mit ihren Geist, ihrem Tiefsinn,
361 2013 1866 2158 ihrem künstlerischen Ernst einzusetsen nicht unterlies-
374 2158 1849 2270 sen. Ich glaube, man müsste sogar vemeiden darauf hin-
359 2227 1847 2347 zuweisen, dass der Ruppenspieler einst zun Cyclus gehö-
365 2332 1834 2470 ren sollte - sondern einfach vermelden, dass statt des
369 2438 1834 2567 Einakters Leb. St. der Supp. als erster gespielt wird.
374 2543 1856 2655 (Hab ich Ihnen übrigen schon gesagt, dass ich mich sehr
374 2637 1787 2794 darüber freue, dass Sie den Cyclus wieder aufnehmen?
