2557 3740
1270 753 1376 864 etwa
1009 726 1103 868 de M. M.
1157 775 1239 872 Inen
870 827 1763 994 e anders Bassermann als Rubak. Da
654 943 1838 1077 zweifelt keinen Augenblick, wenn Bassermann
577 942 685 1079 geb.
456 1097 557 1225 G.F.P.
654 1044 2203 1202 während doch im Buch kaum viel mehr als das unaussteh¬
662 1151 2100 1283 liehe, un-menschliche, literarische eines Kerl heraus¬
2050 1196 2184 1306 G.H.F.P
1285 1239 2122 1365 in Genie sein mag. Die Triesch
637 1256 1233 1396 kommt, der wohl auch
639 1341 2118 1503 so gut wie ich sie nie gesehen, dasselbe lässt sich vor
676 1460 2196 1576 der Wüste sagen und bedeutet wohl mehr, da ich ihr so¬
2168 1541 2219 1658 G.H.F.P.
679 1569 2176 1714 viel nicht zugetraut hätte. Im ersten Akt fuldelte
674 1662 2182 1815 sie wohl noch ein wenig.- Am Schluss grosser Jubel, al-
2141 1683 2229 1780 G.C.F.P.
637 1761 2139 1922 les rief nach Brahm - Bassermann flüsterte in das Ge-
629 1854 2108 1999 klat sch hinein, dass Sie nicht da seien. Also lassen
526 1866 635 2011 G.F.P.
670 1945 2143 2124 Sie mich für mich allein und natürlich auch für Olga
534 2095 695 2242 G.C.H.P.
695 2048 2112 2197 Ihnen herzlichst danken für alles, was Sie uns heuer
1301 2137 2176 2300 unter haben geniessen lassen. Wir
742 2205 1310 2324 Herrn Johann Strauss Thea
633 2211 765 2370 4.
495 2217 625 2390 Monsieur de
631 2295 2188 2429 sind Ihnen einige schöne und hohe Stunden schuldig ge¬
643 2390 740 2458 le reste des
691 2359 2143 2526 worden (wie kann man sie bezahlen?) und es lässt sich
674 2489 2071 2611 wohl sagen, Ihr Theater ist das einzige heute, von dem
