2480 3408
1582 622 1672 694 dione
484 562 1267 728 vielleicht von Szene 4 oder 5
434 697 1582 850 statt ins Freie und Neue nach Scene 1 od.2
292 756 385 895 erung des
439 780 1842 944 liefe. Auf der Beachtung solcher scheinbarer Kleinig
385 907 1876 1037 keiten beruht ein nicht geringer Theil aller Theater-
434 993 1940 1142 wirkung, was ich Ihnen gern in einem längern und licht¬
317 1067 398 1180 P.D.
437 1125 1923 1231 vollen mündlichen Vortrag allem Lächeln zu Trotz aus-
437 1203 1949 1359 einandersetzen zu können mir einbilde. Eine andere Art
439 1306 1934 1448 von Theaterwirkung liesse sich erreichen, wenn man alle
434 1406 1887 1523 4 Weibsen vhn Einer Komödiantin darstellen liesse;
428 1516 1910 1623 die Freude an der Verwandlungskunst dieser Einen wür¬
432 1614 1911 1747 de in diesem Fall das Vergnügen am Wechsel der Gestal-
443 1757 1925 1868 ten zu ersetzen oder, wenn diese Eine ein Genie wäre,
428 1823 1891 1942 zu überbieten vermögen. Aber ich glaube, es wird Ihnen
441 1938 1876 2070 leichter sein, zu Triesch, Wüst, Orloff, Herterich eine
439 2017 1804 2172 sich fünfte zu finden, al/s aus einer dieser vier,
422 2123 1921 2273 aus dem anormen Talent der Triesch ein Genie zu machen.
371 2247 1755 2369 Reicher-Max gewiß s das beste. Ich dachte sonderb.
484 2326 1657 2496 eise gar nicht an diese Möglichkeit. Es frey
