<?xml version="1.0" encoding="UTF-8" standalone="yes"?>
<PcGts xmlns="http://schema.primaresearch.org/PAGE/gts/pagecontent/2013-07-15" xmlns:xsi="http://www.w3.org/2001/XMLSchema-instance" xsi:schemaLocation="http://schema.primaresearch.org/PAGE/gts/pagecontent/2013-07-15 http://schema.primaresearch.org/PAGE/gts/pagecontent/2013-07-15/pagecontent.xsd">
    <Metadata>
        <Creator>prov=READ-COOP:name=TrHtr:version=2.1.0:model_id=51170:date=26_07_2023_01:05</Creator>
        <Created>2023-05-02T07:45:15.758+02:00</Created>
        <LastChange>2023-07-26T01:05:16.817+02:00</LastChange>
        <TranskribusMetadata docId="1416708" pageId="54950311" pageNr="10" tsid="130863915" status="IN_PROGRESS" userId="64420" imgUrl="https://files.transkribus.eu/Get?id=RKNUSMGWZYXHNZQIJAVXPKNV&amp;fileType=view" xmlUrl="https://files.transkribus.eu/Get?id=VBULJHKHHVQGHQQOVIVODZVJ" imageId="44454037"/>
    </Metadata>
    <Page imageFilename="1416708_0010.jpg" imageWidth="2540" imageHeight="3559">
        <ReadingOrder>
            <OrderedGroup id="ro_1711829015101" caption="Regions reading order">
                <RegionRefIndexed index="0" regionRef="tr_1"/>
                <RegionRefIndexed index="1" regionRef="tr_2"/>
            </OrderedGroup>
        </ReadingOrder>
        <TextRegion id="tr_1" custom="readingOrder {index:0;}">
            <Coords points="624,633 2227,633 2227,1696 624,1696"/>
            <TextLine id="tr_1_tl_1" custom="readingOrder {index:0;}">
                <Coords points="1738,679 1765,679 1792,699 1819,691 1860,700 1918,691 1964,702 2032,699 2032,642 1997,621 1980,629 1943,619 1925,629 1912,621 1894,629 1852,623 1840,633 1819,617 1786,623 1769,615 1738,625"/>
                <Baseline points="1749,683 1794,686 1839,686 1884,686 1928,686 1973,683 2018,683 2036,686"/>
                <TextEquiv>
                    <Unicode>(28.4.06.)</Unicode>
                </TextEquiv>
            </TextLine>
            <TextLine id="tr_1_tl_2" custom="readingOrder {index:1;}">
                <Coords points="611,762 1393,795 1751,747 1939,791 2113,774 2115,668 2016,706 1647,660 1473,689 1327,654 1244,708 613,679"/>
                <Baseline points="624,725 668,752 713,752 758,755 803,755 847,755 892,755 937,752 982,752 1027,752 1071,749 1116,752 1161,752 1206,752 1251,752 1295,752 1340,746 1385,746 1430,746 1474,746 1519,743 1564,743 1609,743 1654,740 1698,740 1743,740 1788,740 1833,737 1878,737 1922,737 1967,737 2012,740 2057,740 2101,743 2119,740"/>
                <TextEquiv>
                    <Unicode>Das.geht leider doch nicht“ bedarf der Aufklärung.</Unicode>
                </TextEquiv>
            </TextLine>
            <TextLine id="tr_1_tl_3" custom="readingOrder {index:2;}">
                <Coords points="679,890 828,855 1184,900 1511,855 1658,902 2088,855 2088,776 2022,768 851,828 681,795"/>
                <Baseline points="689,859 728,856 773,856 818,856 862,856 907,856 952,856 997,856 1042,853 1086,853 1131,853 1176,853 1221,853 1265,853 1310,850 1355,850 1400,850 1445,847 1489,847 1534,847 1579,847 1624,853 1669,844 1715,848 1715,848 1761,844 1806,844 1851,844 1895,841 1940,841 1985,841 2030,841 2075,844 2093,841"/>
                <TextEquiv>
                    <Unicode>(Hier muss ich natürlich Sie um Discretion bitten.)</Unicode>
                </TextEquiv>
            </TextLine>
            <TextLine id="tr_1_tl_4" custom="readingOrder {index:3;}">
                <Coords points="662,1012 828,964 1014,1016 1776,950 2125,1014 2127,886 1515,913 1401,865 1105,929 664,923"/>
                <Baseline points="674,958 698,958 743,961 788,964 833,961 877,964 922,964 967,961 1012,961 1056,961 1101,958 1146,958 1191,958 1236,955 1280,955 1325,955 1370,955 1415,952 1460,952 1504,952 1549,952 1594,949 1639,949 1683,949 1728,949 1773,949 1818,949 1863,946 1907,946 1952,946 1997,943 2042,943 2087,940 2131,946"/>
                <TextEquiv>
                    <Unicode>Vor ein paar Tagen traf Rittner Salten auf der Stras-</Unicode>
                </TextEquiv>
            </TextLine>
            <TextLine id="tr_1_tl_5" custom="readingOrder {index:4;}">
                <Coords points="668,1086 2150,1066 2150,1016 1904,954 1654,1012 1457,971 1269,1012 670,1010"/>
                <Baseline points="680,1065 722,1062 767,1062 812,1065 856,1065 901,1065 946,1062 991,1062 1036,1062 1080,1062 1125,1062 1170,1062 1215,1062 1259,1062 1304,1059 1349,1059 1394,1056 1439,1056 1483,1056 1528,1056 1573,1056 1618,1056 1663,1053 1707,1053 1752,1053 1797,1053 1842,1053 1886,1053 1931,1050 1976,1050 2021,1050 2066,1050 2110,1047 2155,1050"/>
                <TextEquiv>
                    <Unicode>se und äusserte sich gesprächsweise zu ihm, er sei im</Unicode>
                </TextEquiv>
            </TextLine>
            <TextLine id="tr_1_tl_6" custom="readingOrder {index:5;}">
                <Coords points="666,1192 1838,1167 1927,1206 2165,1157 2167,1084 1947,1055 1354,1126 1281,1086 666,1130"/>
                <Baseline points="677,1170 692,1167 737,1167 782,1170 827,1170 871,1170 916,1167 961,1167 1006,1167 1050,1167 1095,1167 1140,1167 1185,1167 1230,1167 1274,1164 1319,1164 1364,1164 1409,1161 1454,1161 1498,1161 1543,1161 1588,1161 1633,1158 1677,1158 1722,1158 1767,1158 1812,1158 1857,1158 1901,1155 1946,1155 1991,1155 2036,1155 2081,1155 2125,1155 2170,1155"/>
                <TextEquiv>
                    <Unicode>Prinzip nicht dagegen denulian in Wien zu spielen...“</Unicode>
                </TextEquiv>
            </TextLine>
            <TextLine id="tr_1_tl_7" custom="readingOrder {index:6;}">
                <Coords points="670,1285 952,1331 1250,1277 2150,1269 2150,1161 1925,1207 1848,1169 671,1223"/>
                <Baseline points="683,1271 722,1271 767,1271 812,1271 856,1271 901,1271 946,1271 991,1271 1036,1268 1080,1265 1125,1268 1170,1265 1215,1265 1259,1262 1304,1265 1349,1265 1394,1265 1439,1265 1483,1262 1528,1262 1573,1262 1618,1259 1663,1259 1707,1259 1752,1259 1797,1259 1842,1259 1886,1256 1931,1256 1976,1256 2021,1256 2066,1254 2110,1254 2155,1256"/>
                <TextEquiv>
                    <Unicode>So sehr ich vermuthetete, dass im Ernstfall mit diesem</Unicode>
                </TextEquiv>
            </TextLine>
            <TextLine id="tr_1_tl_8" custom="readingOrder {index:7;}">
                <Coords points="660,1397 1335,1378 1434,1414 1825,1372 2001,1411 2167,1385 2167,1289 1565,1331 1240,1304 1161,1345 660,1302"/>
                <Baseline points="671,1379 695,1379 740,1379 785,1379 830,1376 874,1379 919,1376 964,1376 1009,1376 1053,1376 1098,1373 1143,1373 1188,1370 1233,1373 1277,1373 1322,1373 1367,1373 1412,1373 1457,1370 1501,1370 1546,1373 1591,1370 1636,1367 1680,1367 1725,1367 1770,1367 1815,1367 1860,1367 1904,1364 1949,1364 1994,1364 2039,1361 2084,1361 2128,1364 2173,1367"/>
                <TextEquiv>
                    <Unicode>Prinzip für mich verdammt wenig anzufangen sein würde,</Unicode>
                </TextEquiv>
            </TextLine>
            <TextLine id="tr_1_tl_9" custom="readingOrder {index:8;}">
                <Coords points="670,1511 1004,1482 1146,1519 1300,1474 2219,1529 2221,1387 671,1436"/>
                <Baseline points="680,1486 704,1486 749,1483 794,1480 838,1480 883,1477 928,1477 973,1477 1018,1477 1062,1477 1107,1477 1152,1477 1197,1474 1242,1474 1286,1474 1331,1471 1376,1471 1421,1471 1465,1471 1510,1471 1555,1471 1600,1468 1645,1468 1689,1468 1734,1468 1779,1465 1824,1465 1869,1465 1913,1465 1958,1465 2003,1465 2048,1465 2093,1463 2137,1463 2182,1460 2227,1460"/>
                <TextEquiv>
                    <Unicode>glaubt ich es, nach den wahrhaft allarmierenden Nachrich-</Unicode>
                </TextEquiv>
            </TextLine>
            <TextLine id="tr_1_tl_10" custom="readingOrder {index:9;}">
                <Coords points="681,1594 869,1631 1420,1577 1722,1620 1813,1575 2121,1594 2121,1513 1149,1507 681,1558"/>
                <Baseline points="692,1585 737,1585 782,1585 827,1585 871,1582 916,1585 961,1582 1006,1582 1050,1582 1095,1582 1140,1582 1185,1582 1230,1579 1274,1582 1319,1579 1364,1579 1409,1576 1454,1576 1498,1576 1543,1576 1588,1576 1633,1573 1677,1573 1722,1573 1767,1573 1812,1573 1857,1573 1901,1570 1946,1573 1991,1573 2036,1570 2081,1570 2125,1573"/>
                <TextEquiv>
                    <Unicode>ten über Reicher von den verschiedensten Seiten, mir</Unicode>
                </TextEquiv>
            </TextLine>
            <TextLine id="tr_1_tl_11" custom="readingOrder {index:10;}">
                <Coords points="681,1716 1633,1722 1780,1683 1871,1734 2032,1680 2150,1701 2152,1612 1772,1589 1176,1649 991,1596 892,1635 683,1596"/>
                <Baseline points="692,1683 722,1686 767,1686 812,1686 856,1683 901,1683 946,1683 991,1683 1036,1683 1080,1686 1125,1683 1170,1683 1215,1683 1259,1683 1304,1680 1349,1680 1394,1680 1439,1680 1483,1680 1528,1680 1573,1677 1618,1677 1663,1677 1707,1674 1752,1674 1797,1674 1842,1674 1886,1674 1931,1674 1976,1674 2021,1674 2066,1674 2110,1677 2155,1680"/>
                <TextEquiv>
                    <Unicode>selbst schuldig zu sein, nichts unversucht zu lassen,</Unicode>
                </TextEquiv>
            </TextLine>
        </TextRegion>
        <TextRegion id="tr_2" custom="readingOrder {index:1;}">
            <Coords points="651,1726 2233,1726 2233,2535 651,2535"/>
            <TextLine id="tr_2_tl_1" custom="readingOrder {index:0;}">
                <Coords points="679,1811 1078,1801 1312,1844 1567,1786 1920,1825 2142,1788 2144,1724 681,1747"/>
                <Baseline points="689,1791 716,1791 761,1791 806,1791 850,1791 895,1788 940,1788 985,1788 1030,1791 1074,1791 1119,1788 1164,1788 1209,1788 1254,1788 1298,1788 1343,1788 1388,1785 1433,1785 1477,1785 1522,1782 1567,1782 1612,1785 1657,1782 1701,1782 1746,1782 1791,1782 1836,1782 1881,1782 1925,1779 1970,1779 2015,1779 2060,1776 2104,1776 2149,1776"/>
                <TextEquiv>
                    <Unicode>um diese Gefahr von meinem Haupt abzuwenden. Man will</Unicode>
                </TextEquiv>
            </TextLine>
            <TextLine id="tr_2_tl_2" custom="readingOrder {index:1;}">
                <Coords points="679,1910 2165,1916 2229,1898 2231,1763 1678,1848 679,1834"/>
                <Baseline points="689,1895 710,1895 755,1895 800,1895 844,1895 889,1895 934,1895 979,1895 1024,1892 1068,1895 1113,1892 1158,1892 1203,1892 1248,1892 1292,1892 1337,1892 1382,1892 1427,1892 1471,1892 1516,1889 1561,1889 1606,1886 1651,1886 1695,1886 1740,1886 1785,1886 1830,1884 1875,1886 1919,1884 1964,1884 2009,1884 2054,1884 2098,1884 2143,1884 2188,1886 2233,1884"/>
                <TextEquiv>
                    <Unicode>sich doch seine Durchfälle möglichst allein verdanken...</Unicode>
                </TextEquiv>
            </TextLine>
            <TextLine id="tr_2_tl_3" custom="readingOrder {index:2;}">
                <Coords points="675,2014 1070,2003 1411,2063 1600,2007 2115,2018 2090,1902 1060,1968 675,1910"/>
                <Baseline points="686,2003 731,2000 776,2003 821,2003 865,2000 910,2000 955,2000 1000,1997 1045,1997 1089,1997 1134,2000 1179,2000 1224,2000 1268,1997 1313,1997 1358,1994 1403,1994 1448,1994 1492,1994 1537,1994 1582,1994 1627,1994 1672,1991 1716,1994 1761,1994 1806,1994 1851,1991 1895,1991 1940,1994 1985,1991 2030,1991 2075,1991 2119,1997"/>
                <TextEquiv>
                    <Unicode>und gerade diesmal, bei dem ausserordentlichen Erfolg</Unicode>
                </TextEquiv>
            </TextLine>
            <TextLine id="tr_2_tl_4" custom="readingOrder {index:3;}">
                <Coords points="683,2136 1380,2103 1585,2152 1718,2107 1954,2154 2202,2098 2202,2022 1902,2012 1800,2053 1604,2007 1413,2063 989,2032 685,2078"/>
                <Baseline points="695,2107 728,2104 773,2107 818,2107 862,2107 907,2107 952,2104 997,2104 1042,2104 1086,2101 1131,2101 1176,2104 1221,2101 1265,2101 1310,2098 1355,2098 1400,2098 1445,2098 1489,2101 1534,2101 1579,2098 1624,2098 1669,2098 1713,2098 1758,2098 1803,2098 1848,2095 1892,2095 1937,2093 1982,2093 2027,2095 2072,2093 2116,2093 2161,2093 2206,2095"/>
                <TextEquiv>
                    <Unicode>der gesammten übrigen Besetzung, wäre die gesamte Ver-</Unicode>
                </TextEquiv>
            </TextLine>
            <TextLine id="tr_2_tl_5" custom="readingOrder {index:4;}">
                <Coords points="675,2221 1033,2216 1233,2276 1378,2219 1635,2264 1968,2206 2148,2235 2150,2115 1952,2156 1720,2109 1587,2152 1188,2130 1095,2173 929,2142 677,2177"/>
                <Baseline points="686,2206 719,2209 764,2209 809,2209 853,2209 898,2209 943,2209 988,2209 1033,2209 1077,2209 1122,2209 1167,2209 1212,2209 1256,2206 1301,2206 1346,2206 1391,2206 1436,2203 1480,2206 1525,2203 1570,2203 1615,2203 1660,2203 1704,2203 1749,2200 1794,2200 1839,2203 1884,2203 1928,2203 1973,2200 2018,2200 2063,2197 2107,2203 2152,2203"/>
                <TextEquiv>
                    <Unicode>antwortung auf mich gefallen - wenn der Oelfleck zu</Unicode>
                </TextEquiv>
            </TextLine>
            <TextLine id="tr_2_tl_6" custom="readingOrder {index:5;}">
                <Coords points="675,2328 969,2359 1045,2324 1221,2374 1662,2312 2117,2334 2117,2272 1834,2204 1629,2272 1393,2231 1219,2276 675,2264"/>
                <Baseline points="686,2313 689,2313 734,2313 779,2313 824,2313 868,2313 913,2313 958,2313 1003,2316 1047,2313 1092,2313 1137,2313 1182,2310 1227,2313 1271,2310 1316,2310 1361,2310 1406,2310 1451,2310 1495,2310 1540,2310 1585,2310 1630,2310 1674,2310 1719,2307 1764,2307 1809,2307 1854,2307 1898,2307 1943,2307 1988,2307 2033,2307 2078,2304 2122,2307"/>
                <TextEquiv>
                    <Unicode>eldminieren gewesen wäre. Sie nehmen mir also nicht</Unicode>
                </TextEquiv>
            </TextLine>
            <TextLine id="tr_2_tl_7" custom="readingOrder {index:6;}">
                <Coords points="664,2417 1322,2465 1511,2415 1718,2467 1981,2419 2190,2446 2159,2341 664,2367"/>
                <Baseline points="674,2406 719,2415 764,2418 809,2418 853,2418 898,2418 943,2418 988,2418 1033,2418 1077,2415 1122,2415 1167,2418 1212,2418 1256,2415 1301,2415 1346,2415 1391,2412 1436,2415 1480,2415 1525,2412 1570,2412 1615,2412 1660,2412 1704,2412 1749,2412 1794,2409 1839,2409 1884,2409 1928,2409 1973,2409 2018,2409 2063,2409 2107,2406 2152,2406 2194,2409"/>
                <TextEquiv>
                    <Unicode>übel lieber Freund, wenn ich trotz Ihres Abrathens (des-</Unicode>
                </TextEquiv>
            </TextLine>
            <TextLine id="tr_2_tl_8" custom="readingOrder {index:7;}">
                <Coords points="640,2550 1047,2581 1132,2535 1407,2525 1625,2583 1844,2519 2107,2564 2167,2543 2167,2452 640,2465"/>
                <Baseline points="651,2516 698,2522 743,2522 788,2525 833,2525 877,2525 922,2522 967,2522 1012,2522 1056,2519 1101,2519 1146,2519 1191,2519 1236,2519 1280,2519 1325,2519 1370,2519 1415,2519 1460,2519 1504,2519 1549,2519 1594,2519 1639,2519 1683,2519 1728,2516 1773,2516 1818,2516 1863,2516 1907,2516 1952,2516 1997,2516 2042,2516 2087,2516 2131,2513 2173,2516"/>
                <TextEquiv>
                    <Unicode>sen Motive keiner besser zu würdigen versteht als ich)</Unicode>
                </TextEquiv>
            </TextLine>
        </TextRegion>
    </Page>
</PcGts>
