2782 3768
2345 0 2459 37 Ime
1825 782 2173 869 (28.4.06.)
880 848 2281 946 ei Rittner angefragt habe. Es ist ja zuversichtlich
807 931 2293 1089 zu hoffen, dass er die so lebhaft geforderte und ver-
811 1043 898 1097 G.C.F.P.
834 1041 2345 1178 trauenswürdig zugesagte Verschwiegenheit wahrt, und kä¬
832 1138 2243 1285 me wider Erwarten doch was heraus, so ist alles aus-
842 1233 2339 1360 schliesslich auf mich zu wälzen. Hoffen wir dass sich
834 1335 2339 1486 hier Stimmen, wie sie sich Ihrem Brief nach, für Reicher
846 1438 2305 1596 „regen“, etwas deutlicher vernehmen lassen als in Ber-
805 1552 2361 1699 lin - an sein Besserwerden glaub ich nicht.- Die Würfel
851 1676 2198 1786 sind gefallen - mög es dem Stücke anders gehn.-
861 1753 2353 1933 Da Sie am 3. morgens ankommen, sind Sie für den Abend
840 1881 2287 1999 des gleichen Tags zu einem stillen Nachtmahl in die
836 1964 2347 2113 Spöttelgasse gebeten und werden ersucht bekanntzugeben,
811 2065 2349 2237 bei dem temperenzigen Zustand unseres Weinkellers, wel-
855 2212 2415 2337 ches Getränk sich in diesem Jahr Ihrer Sympathie erfreut.
1024 2256 2334 2436 Ihre freundliche Einladung in die Premierenloge
828 2374 2365 2546 nehmen wir natürlich mit Dank an. Haben Sie schon eine
834 2490 2355 2616 Ahnung, wann Sie den B.W. geben werden? Dies frage ich
844 2585 2376 2761 wegen Bruder und Gattin, die Anfang Mai eine kleine Rei-
