2563 3715
1093 765 1783 896 Marienlyst, 28. Juli 1906.
401 866 1838 994 Lieber Freund, als Ihr Brief ziemlich lange ausblieb,
414 956 1845 1097 dachte ich schon, dass Sie persönlich eines Tags hier
416 1086 1864 1192 auftauchen würden. Nun muss aber wohl, nach Ihren neu-
420 1183 1877 1320 esten Plänen, überhaupt ein Wiedersehen in diesem Som-
416 1286 1849 1406 mer ausser Frage gestellt werden. Wir wollen ca. 10.
420 1384 1877 1517 August Mlyst. verlassen, dann auf 3 Tage etwa nach Ko-
416 1511 1884 1618 penhagen, dann nach Kiel und einen Blick ins Schleswig-
422 1609 1894 1714 Holsteinische thun; dann nach Berlin (auf Stunden nur)
433 1699 1813 1839 den Buben mit dem Frl. nach Wien schicken, und dann
431 1791 1905 1926 will ich mit Olga nach Weimar (das ich noch nicht ken-
429 1903 1854 2031 ne) ins Thüringische und so allmählig in die Heimat.
424 2004 1866 2138 Marienlyst gefällt mir nach wie vor aufs allerbeste.
431 2094 1888 2265 Doch ist nun der Höhepunkt überschritten und eine ge-
422 2201 1928 2359 wisse Unruhe beginnt mich zu ergreifen. In dem B. Stück
437 2319 1845 2454 bin ich in den 4.Akt. gediehen (erste Niederschrift,
446 2415 1886 2552 aber im ganzen etwas fertiger als sonst meine ersten
439 2526 1941 2655 Niederschriften sind) und will die Skizze (die ausführ-
452 2646 1941 2769 licher aber nicht so praecis ist wie das endgiltige zu
