2499 3668
1010 564 1143 665 66:
1070 620 1765 738 Marienlyst, 12. Juli 1906.
830 703 931 781 .4.
624 770 1031 849 Lieber Freund,
519 808 1977 941 nun sind wir schon 14 Tage da, und es gefällt uns ei-
527 916 2035 1049 gentlich mit jedem Tage besser. Das Hotel ist in jeder
536 1016 2026 1150 Art vorzüglich, Wohnung, Essen, Bedienung, die gemeinsamen
530 1109 1971 1257 Räume weit und luftig; der Park schattig und freund-
542 1220 2016 1358 lich zugleich, das Seebad, wenn auch kein sog. Strand da
549 1323 2011 1460 ist (wenigstens keiner zum Baden) köstlich u. wellen-
551 1445 1964 1561 schlägerisch; anmutige Spaziergänge, reizvolle Gänpe
560 1520 2026 1675 ins Land, Wald, Feld, Meer, auch Blicke in die freie See;
557 1645 1949 1767 kurz, wenn es Ihnen in Nordwyk nicht sehr behagt, so
560 1744 2037 1872 kann ich Ihnen nur rathen? Kommen Sie her, Sie werden
566 1859 1960 1977 es nicht bereuen. Wir leben in halber Pension; den
560 1943 2059 2070 Abend haben wir uns frei gemacht, weil das 6 Uhr Dimer
566 2039 2067 2172 mir zu früh und zu opulent war. Wir bleiben jedenfalls
562 2174 675 2232 G.C.F.P.
573 2198 2012 2273 bis auf weiteres, eine Reise von hier an die Nordsee.
1336 2254 1450 2322 G.C.F.P.
924 2273 1008 2329 G.C.F.P
583 2292 1971 2380 en famille ergibt sich als eine allzu umständliche
1255 2357 1342 2423 G.F.P
575 2385 669 2453 G.C.F.P.
579 2423 2041 2496 Sache, und so ist unser (natürlich nicht felsenfestes,
586 2453 2069 2608 aber doch auch nicht geradezu kahanisch-holländerisch-
