2540 3559
1264 589 1890 762 XVIII spoettelgasse 7
992 663 1158 791 à 825
1408 685 1813 847 Wien am 27 Jänner
1864 687 1957 852 0
565 742 1490 868 M.
1473 835 2063 947 dans cette société dans le
628 849 756 947 Décembre
975 829 1382 1022 Lieber Freund,
1545 902 2067 1006 cette fois aussi avec
622 933 797 1041 1.4.39
841 935 935 1041 des
614 1018 742 1097 a une
675 988 2138 1179 Heute morgens habe ich das Exemplar des Rufs mit den
652 1091 2069 1264 mir vorgeschlagenen Strichen erhalten. Sie wissen,
663 1171 2097 1305 ich lasse mir im allgemeinen Striche gern gefallen,
658 1236 2158 1429 und streiche auch gern selbst, wo ich es nötig finde,
658 1347 2089 1516 aber was diesmal an meinem Stück verübt wurde, geht
646 1410 2201 1614 mir doch ein bisschen über die Grenze des mir Verständ.
663 1508 2132 1681 lichen. Das Stück spielt ungekürzt mit Zwischenakten
673 1589 2177 1768 kaum über zwei Stunden. Und so habe ich eigentlich den
652 1685 2213 1858 Eindruck, bei der vollkommenen Ueberflüssigkeit die
427 1707 537 1790 dire une
644 1746 2229 1937 Dauer des Stückes abzukürzen, als wenn manche Stellen
644 1825 2225 2046 nur aus reiner Freude am Streichen gestrichen worden
654 1923 2048 2099 wären. Trotzdem kann ich immerhin eine Anzahé der
658 2012 2199 2201 Striche akzeptieren.Gegen den grössern Teil mussw ich
691 2081 2209 2280 diesmal entschiedenen Einspruch erheben. Ein Exemplar
701 2189 1559 2368 mit meinen Strichen liegt bei.
705 2219 2217 2457 Erster Akt, erste Scene, bin ich mit manchen Striche
693 2347 2199 2530 einverstanden, wie Sie sahen, aber auf Stellen wie
715 2406 2067 2601 Seite 15 % doch wenn ich nach Hause kam u. s. w.
