2540 3559
592 598 1799 767 Seite 86 und 87,die sov.
547 718 1916 865 die Stimmung des Akts, als für die Idee des Staats-
594 808 2060 959 unentbehrlichen und nebst bei sehr schönen Stellen
2128 849 2240 961 G.H.F.P
557 896 2079 1032 wieder aufzumachen.. In der Scene zwischen Max und
2111 951 2256 1038 1
585 987 2095 1132 Irene, konnte ich einige Striche gelten lassen. Kei-
2126 1024 2228 1136 P.S.
645 1065 2085 1206 neswegs aber, den letzten auf Seite 93 * klingt ihr
2138 1114 2230 1181 G.C.P.
2156 1161 2260 1226 G.H.F.P
643 1140 2132 1281 heute aus allen Ecken hervor " -Im dritten Akt möchte
630 1238 2250 1379 ich den Strich auf Seite 102 in der bekannten Schwebe las
2101 1326 2268 1406 G.C.F.P.
620 1336 2258 1455 sen. Mit manchen andern bin ich ohne tiefere Ueber-
2064 1420 2266 1477 G.C.H.F.P.
657 1406 2036 1552 zeugung einverstanden. Der Strich Seite 127- 128
2134 1463 2260 1514 G.C.P.
2124 1501 2224 1561 G.C.F.P.
651 1506 2171 1614 ist mir total unbegreiflich gewesen. Und ebenso wehre
630 1595 2181 1722 ich mich gegen die Zerstörung des Rytmus im Ausspruch
2126 1685 2238 1736 G.C.H.P.
651 1673 1975 1793 der Marie, Seite 189-180. Und nun zu Schluss.
2158 1722 2240 1783 G.P.
659 1765 2060 1881 So sehr ich die Erwägungen zu ahnen vermag, die den
2140 1773 2238 1914 1
632 1842 2246 1960 verehrten Händalen sollte es nur einer gewesen sein
653 1958 2260 2054 verannlasst haben, den Bühnentod der Katarina zu ele-
651 2011 2164 2138 minieren, so wenig kann ich auf diese See verziehten
2134 2067 2228 2130 G.H.F.P.
2099 2120 2252 2181 G.C.H.F.P.
649 2097 2095 2217 deren Inhalt mir als Bild, Ausklang und ganz ein-
653 2181 2083 2307 fach als dramatischen Dazugehörigkeit gleich unent-
645 2268 2032 2403 behrlich scheint. Wird die Rolle der Katarina von
639 2362 2105 2491 einer guten Schauspielerin dargestellt, - und es wäre
