2541 3671
897 688 1741 878 und sein, mögl scharweise sich als
545 731 879 903 vor Ende April
521 852 2004 960 in den Mai hinausschleben. Die Sie mir schon andeuteten
501 950 2000 1064 würden Sie den Herbsttermin beobzugen, der aber fiele
1986 1007 2057 1109 de la fois de
480 1021 2002 1167 keinesfalls mehr in meine Zeit. Vielleicht löst sich
1843 1081 1933 1136 dans le dernier
2008 1116 2096 1212 de ses
2045 1152 2176 1261 et de ses
492 1124 1978 1256 die Schwierigkeit durch eine persönliche Unterredung.
1923 1179 2012 1228 G.H.F.P
490 1203 2043 1318 zu der ich Sie bitten werde, so bald ich von einer kur¬
419 1271 513 1373 bei der
2090 1248 2217 1379 ne se
488 1301 594 1367 de cette
523 1275 1986 1436 zen Reise nach Berlin, die ich heute antrete, zurückge¬
2053 1397 2113 1491 dire une autre
1681 1371 1916 1493 G.C.F.P.
1359 1402 1624 1493 G.H.F.P.
1277 1414 1365 1491 de ses
480 1397 1248 1563 hehrt sein werde.“
723 1481 1976 1606 Aus diesem Brief geht also hervor, dass Sch.
2104 1538 2157 1626 G.C.H.
552 1522 674 1604 G. P.
425 1577 519 1692 resere
1545 1538 2119 1677 zu vermelden wünscht.
482 1561 1551 1706 eine offizielle Annahme des Medardus
1922 1614 2027 1720 erung des
490 1643 2029 1794 und es wäre mir natürlich von grossem Wert, wenn ich
505 1739 2065 1849 ihm gegenüber erinnern könnte, dass er sich zu Ihnen ge¬
488 1845 2063 1957 äussert, er würde mir, wenn Zensur und Drehbühne stimmen,
482 1904 2031 2070 was nun der Fall ist, einen Brief mit Termin schreiben.
480 2006 580 2066 G.H.P.
1978 1982 2063 2041 G. P.
1969 2021 2106 2125 Pieter
531 2016 1978 2137 durch den sich auch sein Nachfolger gebunden fühlen
595 2082 1998 2219 Isste. Obwohl ja bei den Vertrags-resp. bet den Jun¬
1920 2155 2006 2204 de la faveur ses
654 2182 2018 2302 denrevers-Verhältnissen des Burgtheaters von einer
772 2255 1984 2386 Eindung im juridischen Sinn ja nicht die Hode
744 2337 1972 2486 ann, wäre meine Aosition selbstverständlich ein
766 2423 1933 2588 lich bessere, wenn ich nach sechsmonatliche
1248 2554 1361 2656 tens
733 2539 1171 2674 lungen doch wenig
