2563 3715
1503 762 1797 896 (28.7.06.)
385 865 1815 1003 bin jetzt in der Zeit des 30j. Krieges und fühl mich
396 964 1875 1079 unbeschreiblich gefesselt. (Einer meiner nächsten Ein-
400 1059 1785 1203 akter begibt sich zu dieser Zeit.) Auch einigen Poe
396 1184 1830 1322 hab ich zu mir genommen, dem ich mich aber recht ent-
400 1304 1879 1419 fremdet fühle, und ausser etlichem flüchtigen lese ich
400 1391 1597 1511 Liliencronsche u. Grillparzersche Gedichte.
402 1492 1823 1628 Neulich waren wir in Frederiksburg und Fredensborg
405 1610 1839 1701 kennen Sie denn eigentlich all diese schönen Schlös-
409 1684 1896 1813 ser, Wälder, Gärten Dänemark? Ich fühl mich dieses Jahr
411 1800 1819 1942 noch viel stärker berührt von dem Reiz dieser Land-
416 1914 1834 2041 schaften als vor zehn Jahren, da ich mit Beerhof- und
416 2004 1834 2131 Goldmann in Skodsborg weilte, Domino spielte und die
420 2120 1860 2250 „hernen Gestalten" des Freiwild (wie sie einmal der
420 2243 1841 2344 höhnische Hugo nannte) aufs Papier schleuderte. Die
420 2329 1918 2441 Wahrheit zu sagen: alles berührt mich stärker, von Jahr
700 2407 816 2467 ich
415 2422 1886 2549 zu Jahr, und hätte gegen die Weltordnung nichts einzu¬
426 2516 1922 2644 wenden, wenn man nur jünger würde statt dem unerbittli-
433 2626 1279 2775 chen Gegenteil anheimzufallen.
