2535 3679
1083 771 1748 937 freundlichen Ruf kann ich
574 913 1931 1075 folgen. Erstens steck ich tief in der Arbeit. (Es
430 967 542 1069 G.C.H.P.
584 994 2051 1162 Stück, Tragikomödie ich kann mir nicht helfen in 5 Ak¬
596 1112 2081 1258 ten ist so gut (und so schlecht) wie fertig; das an¬
2101 1114 2191 1251 P.
582 1211 2045 1353 dre (das gewisse mit der theueren Ausstattung) „nahte
600 1312 2111 1493 sich wie mir scheint, dem Ende; ich hoffe, Anfang, Mitte
2105 1333 2189 1446 P.
454 1351 570 1491 de ses
489 1464 542 1552 G.C.P.
560 1422 2053 1556 Mai, bis auf letzte Feilen auch dies hinter mich ge¬
600 1505 2024 1696 bracht zu haben (bin recht erfüllt davon) über das
568 1619 2134 1785 Musserlich-projektirliche der beiden Maschinen sei di-
580 1736 2115 1890 les aufs mündliche verschoben, sicher ist nur dass das
550 1827 2136 2014 eine bis auf weiteres (die Tragikomödie) in die Reser-
521 1862 625 1978 G.C.P
2118 1911 2227 2075 Pour Votre
462 1913 594 2012 G.C.P.
596 1929 2063 2079 ve übersetzt wird (eventuell auch ins russische) -
503 2069 619 2168 G.C.F.P
594 2034 2109 2223 Numero zwei: Meine Frau ist ziemlich leidend, wir ge-
596 2122 2140 2302 denken nämlich etwa Mitte September den Heini mit ei¬
473 2154 584 2272 G.C.P.
619 2231 2162 2391 ner Schwester zu überraschen (die nachmals so berühmt
588 2341 2103 2501 gewordene Sängerin..) und Olga trägt diesen hoffnung=
615 2446 2132 2594 vollen Zustand mit allerlei Beschwerden, die wohl noch
1470 2546 1604 2639 dans un arme des
617 2582 712 2655 G. P.
