<?xml version="1.0" encoding="UTF-8" standalone="yes"?>
<PcGts xmlns="http://schema.primaresearch.org/PAGE/gts/pagecontent/2013-07-15" xmlns:xsi="http://www.w3.org/2001/XMLSchema-instance" xsi:schemaLocation="http://schema.primaresearch.org/PAGE/gts/pagecontent/2013-07-15 http://schema.primaresearch.org/PAGE/gts/pagecontent/2013-07-15/pagecontent.xsd">
    <Metadata>
        <Creator>prov=READ-COOP:name=TrHtr:version=2.1.0:model_id=51170:date=26_07_2023_01:05</Creator>
        <Created>2023-05-02T07:45:17.122+02:00</Created>
        <LastChange>2023-07-26T01:05:35.092+02:00</LastChange>
        <TranskribusMetadata docId="1416708" pageId="54950339" pageNr="20" tsid="130863964" status="IN_PROGRESS" userId="64420" imgUrl="https://files.transkribus.eu/Get?id=UUPMNVAHKWVJYBLJQQBDFHJW&amp;fileType=view" xmlUrl="https://files.transkribus.eu/Get?id=DQUPOQPOTUTMVEMDXHUOETZL" imageId="44454065"/>
    </Metadata>
    <Page imageFilename="1416708_0020.jpg" imageWidth="2563" imageHeight="3715">
        <ReadingOrder>
            <OrderedGroup id="ro_1711829023117" caption="Regions reading order">
                <RegionRefIndexed index="0" regionRef="tr_1"/>
            </OrderedGroup>
        </ReadingOrder>
        <TextRegion id="tr_1" custom="readingOrder {index:0;}">
            <Coords points="391,824 1878,824 1878,1798 391,1798"/>
            <TextLine id="tr_1_tl_1" custom="readingOrder {index:0;}">
                <Coords points="1331,902 1363,904 1399,889 1425,899 1464,882 1493,884 1502,895 1526,882 1547,891 1611,887 1615,775 1596,783 1576,771 1521,784 1486,773 1471,783 1451,770 1429,779 1394,762 1381,766 1363,746 1339,746"/>
                <Baseline points="1343,880 1346,883 1391,883 1436,880 1481,877 1526,874 1570,874 1615,877"/>
                <TextEquiv>
                    <Unicode>(12.7.06.)</Unicode>
                </TextEquiv>
            </TextLine>
            <TextLine id="tr_1_tl_2" custom="readingOrder {index:1;}">
                <Coords points="379,1022 862,967 1018,1002 1401,956 1733,987 1790,980 1793,887 1224,913 865,862 523,945 385,893"/>
                <Baseline points="391,994 409,991 453,985 498,982 543,979 588,976 633,976 677,973 722,970 767,967 812,967 857,964 901,961 946,961 991,958 1036,955 1081,952 1125,949 1170,946 1215,946 1260,943 1305,943 1349,940 1394,937 1439,937 1484,934 1529,931 1573,931 1618,925 1663,925 1708,919 1752,919 1797,925"/>
                <TextEquiv>
                    <Unicode>Olga und Heini erwidern herzlich die lieben Grüsse.</Unicode>
                </TextEquiv>
            </TextLine>
            <TextLine id="tr_1_tl_3" custom="readingOrder {index:2;}">
                <Coords points="390,1101 1828,1050 1832,963 394,1035"/>
                <Baseline points="400,1090 444,1084 489,1084 534,1084 579,1081 624,1078 668,1075 713,1072 758,1072 803,1069 848,1069 892,1066 937,1063 982,1063 1027,1060 1072,1057 1116,1057 1161,1054 1206,1051 1251,1048 1296,1048 1340,1045 1385,1042 1430,1039 1475,1039 1520,1036 1564,1033 1609,1030 1654,1030 1699,1027 1744,1024 1788,1021 1833,1021"/>
                <TextEquiv>
                    <Unicode>Sollte es in N. schon Menschen geben, die sich freund-</Unicode>
                </TextEquiv>
            </TextLine>
            <TextLine id="tr_1_tl_4" custom="readingOrder {index:3;}">
                <Coords points="385,1217 797,1180 1806,1199 1812,1096 1383,1075 1166,1125 389,1134"/>
                <Baseline points="397,1191 427,1191 471,1191 516,1188 561,1185 606,1182 651,1179 695,1179 740,1176 785,1176 830,1173 874,1173 919,1170 964,1167 1009,1167 1054,1161 1098,1161 1143,1158 1188,1155 1233,1152 1278,1152 1322,1149 1367,1146 1412,1143 1457,1143 1502,1140 1546,1137 1591,1134 1636,1134 1681,1131 1726,1131 1770,1128 1815,1134"/>
                <TextEquiv>
                    <Unicode>lich unserer erinnern, so empfehlen Sie uns bestens.</Unicode>
                </TextEquiv>
            </TextLine>
            <TextLine id="tr_1_tl_5" custom="readingOrder {index:4;}">
                <Coords points="387,1296 1725,1278 1782,1258 1786,1191 390,1237"/>
                <Baseline points="397,1296 400,1296 444,1293 489,1293 534,1290 579,1287 624,1287 668,1284 713,1284 758,1278 803,1278 848,1278 892,1275 937,1272 982,1269 1027,1269 1072,1266 1116,1263 1161,1260 1206,1260 1251,1257 1296,1254 1340,1251 1385,1248 1430,1245 1475,1245 1520,1242 1564,1239 1609,1239 1654,1236 1699,1233 1744,1233 1788,1236"/>
                <TextEquiv>
                    <Unicode>Im übrigen hab ich eine Ahnung, dass Sie herkommen.</Unicode>
                </TextEquiv>
            </TextLine>
            <TextLine id="tr_1_tl_6" custom="readingOrder {index:5;}">
                <Coords points="396,1403 1458,1405 1664,1357 1858,1399 1874,1285 1565,1261 398,1361"/>
                <Baseline points="406,1403 444,1400 489,1397 534,1394 579,1391 624,1391 668,1391 713,1388 758,1388 803,1385 848,1382 892,1379 937,1376 982,1373 1027,1370 1072,1370 1116,1367 1161,1367 1206,1364 1251,1361 1296,1358 1340,1355 1385,1352 1430,1352 1475,1349 1520,1349 1564,1346 1609,1343 1654,1343 1699,1340 1744,1337 1788,1334 1833,1331 1878,1334"/>
                <TextEquiv>
                    <Unicode>Intuition gegen Intuition. Ein Marienlyst in der Hand</Unicode>
                </TextEquiv>
            </TextLine>
            <TextLine id="tr_1_tl_7" custom="readingOrder {index:6;}">
                <Coords points="401,1534 970,1484 1757,1495 1762,1403 1523,1381 1346,1427 1256,1381 1175,1421 527,1466 405,1431"/>
                <Baseline points="412,1505 421,1502 465,1499 510,1499 555,1496 600,1493 645,1493 689,1490 734,1490 779,1487 824,1484 869,1481 913,1481 958,1478 1003,1475 1048,1472 1092,1472 1137,1469 1182,1466 1227,1466 1272,1463 1316,1463 1361,1460 1406,1457 1451,1454 1496,1454 1540,1451 1585,1448 1630,1445 1675,1442 1720,1442 1764,1445"/>
                <TextEquiv>
                    <Unicode>ist mir lieber als zehn Semmeringe auf dem Dache.</Unicode>
                </TextEquiv>
            </TextLine>
            <TextLine id="tr_1_tl_8" custom="readingOrder {index:7;}">
                <Coords points="578,1618 687,1646 814,1595 1186,1615 1339,1576 1663,1580 1731,1628 1854,1583 1858,1482 582,1558"/>
                <Baseline points="591,1600 606,1600 651,1597 695,1594 740,1594 785,1591 830,1588 874,1588 919,1582 964,1582 1009,1579 1054,1576 1098,1576 1143,1573 1188,1573 1233,1570 1278,1567 1322,1564 1367,1564 1412,1561 1457,1558 1502,1555 1546,1558 1591,1552 1636,1552 1681,1549 1726,1546 1770,1543 1815,1540 1860,1546"/>
                <TextEquiv>
                    <Unicode>Doch auch zu Gebirgen finden Sie gerne bereit</Unicode>
                </TextEquiv>
            </TextLine>
            <TextLine id="tr_1_tl_9" custom="readingOrder {index:8;}">
                <Coords points="981,1709 1005,1720 1044,1709 1077,1736 1101,1734 1110,1725 1140,1729 1162,1714 1182,1714 1188,1642 1167,1642 1151,1630 1132,1644 1107,1644 1092,1628 1072,1631 1051,1618 1027,1630 1007,1607 989,1602"/>
                <Baseline points="994,1687 1009,1687 1054,1684 1098,1678 1143,1675 1188,1678"/>
                <TextEquiv>
                    <Unicode>Ihren</Unicode>
                </TextEquiv>
            </TextLine>
            <TextLine id="tr_1_tl_10" custom="readingOrder {index:9;}">
                <Coords points="1145,1799 1173,1801 1204,1827 1221,1821 1245,1830 1261,1823 1283,1825 1294,1720 1278,1720 1228,1701 1200,1705 1191,1714 1167,1698 1156,1698"/>
                <Baseline points="1158,1788 1203,1782 1248,1776 1293,1776"/>
                <TextEquiv>
                    <Unicode>A.S.</Unicode>
                </TextEquiv>
            </TextLine>
        </TextRegion>
    </Page>
</PcGts>
