2540 3559
1246 591 1669 718 Wien, 12.4.1906.
587 665 2056 835 Lieber Freund, ich kann Ihnen den Suppenspieler gern
585 788 2089 949 zur Aufführung überlassen; mit Bassermann, auch Stieler
595 921 2036 1056 natürlich einverstanden; in der Damenwahl mehr der
610 1002 2179 1150 Ureus Seite zugeneigt, wenn es der jungen Dame ge-
597 1094 2117 1258 lingt, sich mit einiger Anmut zu umgeben. Den sogenann-
608 1227 2081 1352 ten „Herzenston“ hat sie ja wohl besser als jene ande-
608 1317 2052 1477 re, deren Ton aus, sagen wir tieferen Regionen stammt.
604 1412 2089 1577 Die Perzentualfrage ist in diesem Falle wohl mehr von
612 1553 2046 1665 prinzipieller als praktischer Bedeutung; denn weder
612 1635 2099 1768 für das Budget des Tessingtheaters, ja kaum für dar ei-
616 1745 2079 1860 nes Schriftstellers dürfte die Differenz, wie die hier
622 1847 2074 1999 in Betracht kommende zwischen 2½ und 3 der Abendein-
616 1962 1988 2103 nahme eine Rolle spielen. Aber ich glaube, Gerhard
616 2058 2085 2183 Hauptmann wäre es nicht angenehm zu erfahren, dass die
606 2168 2054 2297 Belastung Ihres Etat durch Elga Sie zwingt einem an-
2011 2281 2111 2369 Ja
618 2265 1980 2377 dern geachteten Autor gegenüber von den üblichen,
610 2359 1986 2512 sogar denselben, noch dazu mit Erfolg gespielten,
595 2475 2072 2635 wegen Durchfall des Nachbarstücks abgesetzten Stück
