2563 3715
874 737 1007 874 69
1216 765 1531 924 3.11.1907.
290 951 1308 1048 Lieber Freund,
1334 909 1439 1033 G.C.P.
292 1009 1714 1156 unsere letzten Briefe haben sich gekreuzt; trotzdem
298 1117 1785 1250 kann ich meinen Bemerkungen die Närrrische Welt betref-
303 1220 1718 1349 fend nichts hinzufügen, das die Constellation zu än-
314 1342 840 1448 dern geeignet wäre.
311 1375 1780 1561 Heute nur eine Frage, die ich Sie bitte recht bald (so
318 1516 1755 1635 kurz Sie nur wollen) zu beantworten: Möchten Sie die
327 1611 1703 1768 Leb. Stunden im Laufe dieses Winters ins Repertoire
329 1695 1834 1869 des Les.Th. aufnehmen? Ich frage Sie deshalb, weil sich
333 1821 1692 1961 mir, speziell hinsichtlich der Literatur eine gute
331 1948 1737 2057 Chance zu bieten scheint, die ich gleich aus-
339 2025 1809 2180 nützen möchte, wenn ich auf ein Wiedersehen des Cyclus
344 2129 1390 2266 bei Ihnen endgiltig verzichten müsste.
458 2247 1544 2378 Herzlich grüssend, auch von meiner Frau
954 2360 1188 2459 Mhr A.S.
