2575 3686
679 780 779 890 Frei
474 853 1670 999 den Mizzi-Vertrag hab ich ans lessingtheate
414 988 523 1108 Monsieur
485 941 1722 1104 und erwarte nun gelegentlich Ihre Gedanken über die
487 1066 1906 1212 setzung zu hören. In Ihrem letzten Brief ist Ihnen
1824 1122 1906 1164 G.H.F.P.
483 1141 2002 1292 neulich nach dem unbesetzbaren Philipp jedes weitere
485 1250 1916 1423 Wurz Besetzungswort in der Kehle stecken geblieben.
313 1336 449 1498 Votre
474 1354 2010 1503 Die Lolo Wüst?- Graf Reicher? - Fürst Monnard? - Fiaker? -
464 1471 1954 1630 (Sie enden natürlich den Abend mit der Comtesse?) -
1854 1538 1988 1634 „ „ —
368 1582 476 1672 G.F.P.
512 1555 1981 1708 Ich danke Ihnen für die geschwinde Erledigung meiner
1854 1659 1958 1735 de ses
447 1668 1927 1831 anatolischen Frage. Mit den ausgelassenen Stücken
470 1751 2010 1927 (Denksteine, Agonie) bin ich wohl einverstanden; aber
336 1804 428 1904 P.
284 1921 410 2021 G.C.P.
487 1870 2017 1996 dass Sie gerade das ausgelassenste Stück, den Hochzeits
403 2025 495 2109 P.
510 1956 1942 2117 morgen, nicht auslassen wollen, freut mich weniger. Min
506 2069 2038 2226 ist dieses Stück sehr zuwider; es sollte schon manchmal
364 2209 476 2303 G.F.P.
483 2163 2013 2334 in Berlin aufgeführt werden, ich habe nie meine Einwil-
500 2288 1885 2449 ligung gegeben; das erste Mal sah ich es heuer in
447 2389 1820 2556 Wien (Concordia-Vorstellung) - meine Sympathie
1758 2504 1868 2602 get
514 2535 1511 2673 gerte sich nicht. Dem Publikum und
