3304 4024
2575 134 2989 467 Gries
274 327 2370 635 ich habe mich nicht sah gewordert, als
2640 367 3148 629 Toussen.
2678 557 2967 863 shig
202 554 2422 816 ich nämlich von dem Ende der Frai Rauch
149 782 2102 1059 erfät bei vie et let it -
1112 887 2771 1264 hat gleich nicht die ich nebenst
159 1137 744 1330 versorgenehme
221 1115 2584 1439 Sie war glücklich? Sie stellte sich
177 1373 2354 1675 gleichlich. - Ich bei trei, wohde er
2242 1604 2357 1703 r
199 1594 2254 1878 ein zahle Bildsam war, um
199 1753 2391 2083 laplis - Aie sie nur Tage ich halst
165 2086 1059 2335 Schmellberg
349 2108 2407 2482 lef ein miel unter ihr. Meis nach
149 2314 2208 2718 sie ihr ersten Riede gehabt. Gegen
196 2535 2404 2964 1 he is not onete for -. Sif Col.
209 2902 1358 3123 tulill inbpli
258 2958 2668 3310 Und für jedoch von ihm: Ob a lee
212 3198 2725 3528 wa sie ein prachtvoll. Schön! Der ließ
234 3456 2394 3712 Ich: es theil mit mit. h. glaub so
