3432 4232
152 415 1422 696 Tafdt nach März. - Rußig - xxx
118 571 1594 848 betrachtet die Landklecht. Melod
135 800 1013 1047 der Eisenbahnzinsicher¬
159 939 1567 1196 Aukunft waren hiligam nicht hiean
145 1121 1621 1392 Alfra auf sah; sei sehr allein nach
149 1385 507 1574 Hamb. –
152 1496 1527 1770 Also kommt morgen, Unterbruch
179 1685 1429 1912 9, soll einig bey Angen
165 1868 1523 2165 Deiten seine Lett. Geben Sie licht
179 2064 726 2233 imlaubl.
189 2270 1614 2459 sluft kon Roma weg, er mit
240 2425 1584 2645 Ostlosach für; ers sind all Posenne
287 2577 1527 2780 dere tod mit Steh u. auch bleibe
1679 290 3080 618 aus: Sie ärzert sich, ist sie mit
1712 574 2121 723 sig war. -
1723 665 3074 871 Alfred saß ich, sie zu mir sich
1702 807 3144 1027 Eulix ist mits daruber; was theils
1706 976 2493 1172 dh für sich wurmert. —
1716 1165 3097 1398 An muss aber geht sie weg; ich
1736 1321 3165 1577 icht nicht u zwält sie, wie sie neven
1706 1489 2952 1723 könnt, sie ist nur ein leiblichen
1699 1679 2368 1875 durch te Straßen
1716 1837 3114 2108 Wir wollen weg: - alhier ist
1780 2050 3043 2287 desselt - ist wollt am
1756 2222 3111 2449 sie verkau lassen - F. geb.
1783 2391 2405 2621 se im Stettin
240 2661 2965 3050 Sie scheint zum Trost hinend, kehr als Ich meist nur wiss, wird
2016 3009 2743 3229 gestern wir
247 3043 1668 3283 Druck der damit, schon Herabselnd. Heraus
247 3256 1500 3469 blei auch Man; sie denkt an -
1837 3239 3128 3462 Wie für allein ist. er läßt sich oh
2749 3411 3040 3604 of it
1847 3394 2631 3651 betr. ich leb 8 Uhr
263 3408 757 3584 Rudern. -
1881 3587 3023 3860 mit tsamt an frei gewort
284 3600 1557 3860 Einmal erzeicht sie ein rahrs.
1908 3779 2641 4006 Mörtzwischen
284 3827 1604 4023 tus, weg sept, sie fehls nicht
