3464 4248
1672 298 3105 486 Diesmal ist es noch gut itzging.
136 371 1475 640 Aberise. - Subakant Amst, das sie ist
1689 434 3045 667 u ich sich auf der gute Fust – aber die
145 556 1551 767 nach dem Leiten Wustalz..... 4 iärst
1687 622 3096 830 müsse Mal!.. Ich mich zeit¬
168 744 1588 959 sie heiß das bereit?  Sie fehlt.
1671 785 3088 984 sus menspät. Denn ich ein geh..
133 905 950 1151 est un besoin auf.
1694 939 2579 1113 wahr ich ich mit.
1714 1079 3011 1273 d Eht d 9 April, sich mit1-
158 1179 1513 1411 Reise. Wenn agatssich in lei¬
1746 1228 3026 1427 ihn ein Fak zu lagen. - Meist
165 1341 1538 1534 liert, bedeut sie ihn, ertappt sich, wes
1728 1430 2185 1599 my helf.
203 1522 1321 1710 froh ihr, nicht staaten zu müssen.
1758 1567 3108 1758 wo wird sie erwegen, die ist E
1127 1656 1545 1787 gustmmt
1235 1755 1561 1866 in Leben
1751 1758 2099 1896 plan.
229 1870 1533 2106 Ankunft. Sie habe Wies im Regen¬
1757 2031 3096 2198 teste. Aber. Mankacht. - Sei sich
271 2067 1592 2259 verlassen! - bekauft im Freitag
1784 2178 3128 2373 habe ihn: -. Rahte selbst - u aus
226 2262 1672 2459 Meinritt nicht haren, glücklichernd
1775 2350 3001 2502 auf. Man nur  .    -  ƒ t Amst
1757 2486 3155 2691 dte xxx Ich einen lit.
235 2456 1129 2646 wer müth ein Zänden
242 2601 1608 2775 Rei. nicht kacht sehr Tisch in Athem
1760 2658 3148 2827 verbreche.. Er zerkt sie... Sie nach
256 2771 1606 2970 zugleit auf, zu thun. Sie ihn
1717 2771 3088 2985 sich lank ls... 4. Wasserin: der
1762 2941 3062 3167 Zeit schrecket vor. – Sie will sein
1136 2941 1574 3139 in Rentzeln
287 2981 1156 3169 wahrtei sei lasse.
1778 3124 3062 3329 Gertner, der Strafe heiß - ganz
267 3196 1601 3375 Ladangt wird geholt; sei toderbiet
1749 3289 3026 3510 wol, sie mit elf krum¬
265 3330 1633 3540 an Alfred de macht zu keit 10 rt
1748 3438 2890 3617 d in schrieb an Trefe aan han
303 3513 1613 3766 Sie ihr leichen. Ein Zufüllxx nicht
1717 3624 2665 3784 4doch geht sie & traf weg.
285 3685 941 3877 Werken mit.
1742 3718 3176 3899 1 kr a lige auf N 2/3 4 sch
3067 3834 3248 4003 br
1706 3886 3074 4047 so nicht, an Sie die Eheile aus
305 3879 1534 4078 Plokkeit Erst hoffi. Erwirsheiten
