3320 4024
960 266 1402 487 in P.
2146 212 2549 439 D'il en
1656 248 2068 460 it to be
212 384 2513 690 von Überlauregung b/dtet... C.H.U.
2213 587 2461 721 cup.
200 639 2634 884 werkbarte einmal ich in all toret.
179 842 2437 1102 Uhr 1 Troon!.. In lese ihm noch
167 1129 2589 1387 Mais je vous remerciez. Je de dirai.
176 1344 2349 1583 ich war schon?  in d. Monat. — Uhr
218 1611 2407 1868 it ma ouen.. D me gens uorruik
163 1835 2380 2104 il sainte avec autre ni,
2404 1820 2498 1974 e
182 2053 2355 2361 it but an undgebracht sell. - On
188 2307 2328 2576 die sist mit Schos... An ih na¬
173 2525 2337 2737 sibt. Ee in gilt but B
197 2685 2446 2946 Wee fis best of. Moi je d'en lelelien
321 2888 2319 3173 And a was [illegible]
285 3188 669 3373 1. kam
