3416 4168
194 421 1637 642 Sie wacht auf, Nachs; er liegt da¬
231 581 1520 826 Sie hat sich würden schwer, für den
219 746 1654 1013 tet ist sehen.  Aber ihr Leb ist
233 1004 1536 1231 so und on. Une sie falle
235 1179 1547 1475 zu wesenden Freitlichk
258 1464 1567 1726 sei ihn. - Die sieht sie, ein
226 1649 1572 1925 mir sich scheiniglich bewegt.
215 1911 1611 2160 der fehlt ist ein, vielleicht
240 2156 1577 2402 sulx in sich für zehne et
222 2302 1404 2612 ist. Sie will ihr tage be¬
237 2619 1283 2839 brobouston" - 1 - 1/2
228 2791 1574 3074 Sie ist glücklich, sagt sie ihm
256 3019 1602 3302 ist der von ihm genommen ist
357 3248 1692 3544 von ihm. – Von uns!
289 3520 525 3709 No.
301 3675 1594 3952 Wir sehrte der eigentlich
2079 238 3067 507 A. wit in pit
1737 330 2027 575 Ged.
1771 574 2821 762 Mart, bis ich ledig die
1884 755 2753 1018 z' faite parton.
1836 1192 2952 1481 Sie füllt hiebeblick
1825 1382 3078 1690 perke lebens Mains
1737 1690 2866 1966 Ihr sei zu ihm gehört
1737 1925 3099 2223 Sie sieht zum Früher hannt
1733 2151 3135 2429 wahren er schluss; Miss
1773 2370 3058 2635 zieht worden, lachen Mensche.
1798 2624 3078 2879 Ein grüßt scherzweise heraus
1742 2818 3017 3112 er ekelt ich vor ihr falt
1782 3054 3036 3338 aber sie fühlt, dass sie ob
1760 3313 2350 3581 tet gehört.
1803 3535 3157 3838 I.ke auf kan befreut
1850 3714 3105 3985 person ersehung werde.
