3464 4152
194 305 1521 515 Die mächste Tage steht sie frühe auf. -
224 477 918 634 Sie machen künftigen.
210 568 1397 727 Es ist schön, dass er von dir genommen ist.
189 694 1659 807 Weil von mir? - Wohl auch an dir, die wollte
163 796 1587 947 sich mit einer schönenproben. – Mir augenblich:
243 899 1585 1054 Er sich sie an den Teile an; er verstellet sie,
216 1035 1562 1183 Er füllt ihr es schweren wird, er ka sich
191 1171 864 1288 nicht mehr Lauschen!
202 1251 1190 1404 Er hat Selbstmord gedenken.
200 1362 1400 1529 Man sie herein könnt, er und sie..
218 1507 1291 1680 die Terak wird ihn entschlich.
216 1638 1581 1813 Bisjetzt hat ein Konein geles; geht meint
193 1786 1603 1920 ein Niebisch, Schopent, durch & Elenlande.
827 1885 1169 1990 Srechnn
210 1910 1564 2097 es ist ihn zu meiten, Er war ich durch
1867 169 2912 455 In der früh der Professoren
1828 327 3063 611 ist nach 5 Leskik gestorben
1861 690 3048 850 Sillkreuzestret. -  ine -
1852 772 3003 1002 konnt würd ich selbst!
1881 943 3089 1103 dann: ich wert ich vorschlagen – mit
1867 1064 2165 1185 stärk –
1865 1113 3116 1282 die will es ihn auch vorschlossen -
1892 1198 3211 1398 von Tag der Arbeit - zu ihr Testan¬
1953 1344 2431 1465 nicht.
1848 1420 2939 1663 Waren hab ich  gesagt, daß ich
1852 1556 3030 1821 umbringen werden; ich selbst
1885 1793 2914 1999 es im Schlaf th sollen
218 2066 1181 2233 selbst ein Carl miethen
245 2208 1809 2387 Sie hat leicht Auss an ihm, als zugleich kein,
1963 2274 3007 2501 er bricht auf, ich
218 2390 1601 2560 Abris. - Im Tag in Salzberg.  Gesang war
233 2552 1690 2719 tiren, diese geändert. Lebe – War schaub
1894 2497 2750 2789 in verlassen.
263 2694 1033 2861 Dich über die Frühren.
249 2824 1675 3017 Jo Minaan Befahrt Alfred - etc. do Joh
1898 2877 3042 3079 In Rob blist sie eigae hag
245 3011 642 3147 in erfolge
1906 3026 3178 3219 sondern - in it but
266 3102 1101 3254 4. Post nicht mit auf.
1854 3170 3120 3365 in A Missil for dringt
284 3194 1667 3394 Mam bein Terster. – Teilte Er sei das
496 3312 953 3412 tach nicht.
259 3316 1204 3517 erheit Gestrenz - ein¬
1846 3394 3180 3596 chachts: Ich auf ich ihn ge
323 3497 887 3633 M rasse dit niet
1846 3581 2912 3758 wilfe dieses Geschm.
282 3612 1642 3874 (zu Alp. ich wills mir)
1846 3684 2513 3880 Tiflicht we ihn
1194 3750 1459 3981 6th
286 3816 1101 4011 Ew. Bekannte
