3464 4232
1694 267 2659 398 in 4. auf - gebenet. -
98 306 1586 520 hinstensch in Saag...  Endlich k. nicht
1704 413 3035 553 Alfred ging zu rechten. Verstatt sie nicht
116 446 1547 634 wieder. Die best woll hab. Stol, u. ich
114 621 1567 826 nicht alle... G. nicht kann, ab so könne
140 763 1564 992 yor Chmant...  4 wolach erhebt – auf
162 977 1564 1187 in nicht zwei zu tiefen... 9. Juli
177 1154 1534 1339 darbei, im Marti- in traurz Garle
195 1304 1645 1523 wie hat in ihr nicht noch zum Taufe
194 1516 1512 1724 gelegt.. Ihm thut die tiefe wohl
203 1700 1648 1894 of nolich halte sie – dort in zahl sowen streich
221 1836 1613 2039 G. sieht, wie sich ihn so zahl in ihn
218 1991 1645 2235 keit. x. schon kann. 4. seit sich
229 2196 1610 2448 selbst erklärt. ich es seh ein ihren
229 2382 1646 2598 Ged' eingehohr.. Wa ihr bei...    4 r
227 2576 1564 2790 er dahin an best, als beim ich ich
238 2751 1565 2926 denn nur alle mich kreiß; an
267 2928 1471 3116 so heim herauch ich wie a laut. Es
358 3121 1584 3354 the M er all + ab & durch
310 3321 1654 3560 bei ich mit, welche auch ihm
301 3551 933 3704 Sir.. I am.
291 3695 832 3850 im Zoller will.
321 3763 1289 3971 Ses fäll i a fait. Ihr abheil¬
315 3881 1517 4071 “Ui daif i of hier... Also put with
