3400 4168
1757 325 2940 572 Nun sagt – ich: Er hat Aussicht
1074 328 1537 604 Kurze Slach
145 355 963 611 [illegible] kuntho nay
1744 503 3009 710 Er bekannt latsnah. Aussehen. S.
151 558 618 729 des Glücks.
1715 591 3117 864 tegnet gern all zu sehen, das Fersam
204 693 1472 943 wenn man seit. - Bis sie ih
1662 851 2382 1081 sie ganz frä¬
200 894 1436 1100 ausfmerkte macht.
187 1074 1633 1275 ruthe?  -  d. will ich leben. -  vieleicht? -
171 1176 2815 1462 - Aufsicht, so konnte wie zu seiner Knaben! Der Großreich der Lebende
1777 1399 2983 1659 Ma sie sich über ihn erheb
191 1452 1442 1629 aber erwäle! - über die nicht
765 1623 1373 1866 at supr argh
194 1659 729 1823 selin wird:
1974 1616 3068 1872 lt weil sie leben wer¬
194 1869 1597 2086 flöslich mich, er will wo anders hin
200 2060 1551 2319 Sie sch sich auf der toch und fahr nach
1813 2004 2802 2286 [illegible] krank in Mein
200 2254 1560 2483 Solztung. - Vnd verschon; er braut
1859 2273 2986 2592 täft sie nicht weggehe.
187 2421 1574 2671 ufersucht zu wert. - ich mach so all
197 2641 1646 2884 den Cassa in Er will sie tödt i die
1863 2575 3121 2901 der Termin oder der Raub¬
1872 2805 3078 3114 at Sie bit der Lebers. -
191 2858 453 3071 sich.
243 2947 1475 3173 qum Tage merkten, dass ich
260 3127 1593 3338 betrill gest in E. geht nicht to
1932 3213 2907 3564 ich naher die mit!
194 3278 1593 3512 den Straßen, er will ein sich sich ein
197 3558 1583 3742 übringen. - Wie er mit 4 liegt, wo
1974 3627 2717 3860 Sie flieb 8o 9
200 3679 1853 3975 So auf in Erkennt ein ernstvolle Gesicht —
