3107 3704
109 595 1372 816 lieber, ich hol Sie jedenfall
427 794 1116 1011 Mieterseht ab
118 790 342 994 J'ai
606 1005 1140 1215 Mr. C. I.
57 1510 1473 1716 dem Lebenschaftag, heil hatten wir Geworgerbes (mit zu tödt)
72 1677 1497 1827 möglicher gewesen und dit attentisch morgen Peunieren; Marlei
64 1769 1504 1957 ort Rücke vorlass ich kunde ich sehr nicht durch
68 1889 1514 2081 nach Miss. de Mirna Uniswillage fohler mir zuneh¬
55 2001 943 2167 tusendmal auf das Thüren:
48 2125 1475 2272 „haus hat ich, mit mein Befreundigung gesehen, den
35 2219 1514 2366 die pouspell, sonst gibt für unzurücklich nichts
908 2318 1311 2412 von rassimmen
48 2335 1475 2465 der Mutter ist schön. Größen sei Reisend; haben sie im
35 2416 1493 2565 halbe - waren man gehört? Ich macht:  "Geglüsst Ihr A.S.
110 2668 1114 2837 Gerichtester kam schwirkigt, ich
112 2801 1153 2999 habe eben törer geschrieben, daß ich
120 2968 1105 3156 heit schon ziemlich früh in der
98 3114 1142 3281 Bericht fahre, u. daß er beim
109 3235 1033 3320 wollen Sie nur noch noch 2 Tagen lassen
99 3296 392 3340 in d'Grille, pr
1699 1132 2905 1340 lieber Zuslag, meine Karte haben die wohl erhalten
1703 1318 2900 1429 Es ist hier sehr hübsch; Gegend, Radwege, besonders der
1703 1394 2891 1508 Bad; die Pensionsgesellschaft allein, aber dann
1696 1467 2876 1578 Eben ergäglich. Gnäckigkeit hat ich noch nicht – im
1687 1582 2896 1679 der 1. Akt des Theil durchgelesen. - Magister hab ich mit
1681 1650 2896 1757 der Burgens ein Ragerli Trakesse gemacht. es
1681 1740 2902 1862 wann drei statt vier Personen - gestor man
1664 1836 2900 1966 ich wieder mit ihrer in Rortschach zusammen, beste¬
1679 1917 2922 2047 am Oua. In dieser Sonnenlungen, fahr von ihr Minna
1663 2009 2664 2160 Räuschen, geht alles mercker neu auf,
