4457 3624
1712 945 2622 1178 Wahrtester Herr Schwarzkopf
1650 1117 3024 1326 hier ist das Mann sorgt der Besi¬
1632 1249 2991 1451 die von mir ge lechte Reihenfolg
1618 1376 3017 1583 liegt bei. Die Entscheiden, aber
1603 1533 2977 1705 die Gedichte überlasse ich vollkommen
1639 1644 2916 1815 Horn. Sind Sie der Ansicht
1611 1771 2911 1958 (der ich mich übrigens auch sehr
1599 1891 2883 2072 winniger beginne, daß sie
1599 2029 2932 2229 nicht hineinzuhören, so behalten
1613 2196 2960 2363 Sie sie ein Fach zurück. Das
1611 2332 2951 2507 Gedicht von Morren kommt unterlich
1585 2485 2956 2654 jedenfalls als Motto. Dass ich
