3143 3704
382 947 1541 1106 erschienen Wassermau u Wolff
638 1039 788 1110 all-
360 1069 1514 1234 die noch Aussee sehren sich
378 1199 1488 1354 von gestern dort und hab
361 1327 1538 1500 auf die Speyarien klucht.
361 1471 1519 1613 de cet mit Rad ihrt mar, zog.
355 1593 1500 1749 viele er na ½ 2 an in Zahn
351 1715 1546 1904 die die Renate gelesen? Ich
343 1867 1452 2008 wurde Sie von den Reiß mit
325 1992 1500 2189 säufig zu sehen. Wir wollen
352 2124 1500 2280 von Schönes nach Pietresina
352 2259 1439 2418 dem Bonnio  Nilfreyer
376 2382 1506 2539 Mavon. Ehelich: ich fürchte, wir
333 2519 1467 2665 sind so viel zum wancken.
379 2640 1507 2790 In die wohl. darin keine glückte
1611 929 2712 1078 sorgleich für schon früher. Es geht ihn
1599 1046 2721 1214 erst gut. Sie nicht wahrschein¬
1611 1162 2750 1336 lich Giseln in die Schweiz ent¬
1645 1305 2726 1477 gegen. Reisand hat ihr 1. Akt.
1593 1437 2531 1575 seines Rüks vollendet.
1804 1535 2561 1749 sondelte zu Æthar
