4552 3608
2122 208 3555 522 Liebte Güssen, Salle ist aber bei
643 325 1606 554 sey, die ich wird N. R. nachsse der lasse, wenn
1641 310 1799 524 Votre
2132 440 3646 641 mir, lädt mich uns die in die Frage I
586 474 1805 673 niedenten — oder sonst nicht von Ihnen. Den helfe¬
353 601 1830 775 Sie gelegentlich durch ein Anzahl an Enden ab; nicht mehr? – Reise!
2132 601 3627 773 1. Gallen, Nr 2, rechts Mieder
342 697 1831 864 berichte, von mir erwarten sie nicht, wie ich wiedernte; wenn anle¬
2172 716 3633 943 Thealer ein. Ich kam wohl etwa
344 777 1839 951 deckt: wozi ich zehn Beichtogen beruchte, der läßt sich in Wiener¬
2153 858 3377 1047 Gäter. Bill kommen Sie bestimmt
342 888 1833 1068 zählen - zwischen dem Entschluß aus den Kassesaus nach Herr
3194 917 3616 1026 Bitte, kommen Sie
3166 985 3559 1081 ta? Très-moi
353 971 1831 1149 zu gehe und dessen Ausführung. - Im ganzen bin ich über zwei Ange¬
2427 962 3113 1187 Herzlich Ihr Cette Sache
3164 1047 3561 1145 ganz allein.
3204 1104 3648 1219 Herzl. Salzen
355 1089 1744 1268 rechtsterh: Acht ich nicht a Mierki und doch ich in stawis bin. An
348 1170 1506 1378 Schnee Sie, wie geldgierig dieser Stütger ist? Hervlich Gräße!
1210 1246 1514 1363 Ihr Arthurstr.
2056 1240 3187 1501 Liebst Güsterz. Hier ist der Sitzung
369 1368 1888 1603 treten Husag. Wenn es Ihnen also erblich nicht unangenehm.
2028 1433 3164 1601 es bleibt dabei, das Sie den bei uns
372 1510 1847 1710 ist, morgen trotz als mit uns auf l Maschofe zu fahren;
3273 1571 4443 1790 Lista Gustav, dieser Mittwoch den 17. findet
353 1620 1858 1796 so holen sie mich vor 8 bei uns zu heut ab. Alläntigsmes
2053 1614 3079 1797 essen. Mein Nam littel zu
3272 1758 4409 1916 einer der s. Z. so bliebten Auflage
359 1731 1860 1907 ich eine Kritigung stellen: Sie dieser beim Abtried nicht
2009 1735 3158 1994 Herrn herzlich H. Cather
374 1884 696 2005 weinen.
3258 1865 4432 2026 einer statt. Also bitte kommen
830 1881 1826 2119 Hvorzleißen  Jhr  Artte Hel
3253 1988 4440 2139 Sie, Musik und Hirschfels der Unde¬
3266 2094 4196 2240 greifliche garentirt. ½ 10.-
2047 2200 3117 2338 hiebe Freund, wollen Sie morgen sei.
3387 2211 4370 2459 Herlich Hr. Cath Schrei¬
2763 2328 3077 2451 d. v. Freilang
2041 2362 3187 2506 uns nachtmahlen? N. a. kommt Brahm
446 2387 1809 2623 Wachstester, unser Verabend gemäß will ich Sie
2015 2465 3132 2644 der Sienielleicht interessiren wird.
454 2582 1830 2801 heute Abend ca. 6 Uhr abholen; es sei
2043 2603 3132 2778 Ich / The Sie sehen nichts anderes vor.
446 2705 1784 2930 denn, daß die mir abschreiben, was ich
2002 2716 2958 2916 Acht Uhr! - herzlichen Gruhe Ihr
2051 2877 2353 2965 21.5.96.
2529 2841 3168 3015 Orthes & Schütly
446 2894 1334 3096 unfrichtig bedauern wurde.
862 2996 1550 3192 Herzlichs Ehe eybne,
1263 3094 1907 3313 Cultiv Schnitsler
493 3147 1055 3342 I Ziselastrape 11.
