4216 3594
557 849 1921 1023 nur über das für eine einzess Nacht
542 1006 1884 1172 sie der Herzog von Kologna wenigen
567 1152 1872 1318 originell als fünffüftig im 2.
545 1301 1548 1425 Akt der Bratrice bemerkt.
559 1417 1838 1590 hier Ehe ich vollkennen zurück gezogen
540 1541 1405 1699 bis sie Unhöflichkeit.
561 1638 1903 1828 Schreiben Sie mir dessch bald mieder.
841 1772 1711 1964 Von Zeugen The Arth so
671 1959 1211 2120 Juhl 25 H. 55
564 2084 1913 2292 Rappor erzählte viel von Ihnen. Amt
567 2237 1904 2433 von Etermann; hier war der Entsu¬
549 2428 1310 2557 sins mir geringer.
