3107 3704
1191 753 1555 917 (oder Trient)
223 834 1550 1000 in Besprech, endet in Boyen, von wo¬
1626 905 2893 1079 Auf die Partie soll theilreise zur
218 1001 1555 1155 ich etwa leibt begeht noch Ischl
1620 1040 2876 1196 Arbeiten erwendet werden.
218 1126 1515 1290 fahre. Schreibe die mir nach Toblach
1598 1162 2896 1321 die Tage sind so lang. Der Mutter
220 1290 1483 1462 Südlohnhotel; dankbar bin ich sehr
1608 1314 2883 1468 hier war fast derwegs schon; der
209 1413 1513 1599 dort. Ich sehe nicht weiter hinzu
1596 1457 2891 1608 tägliche Bad sich angenehm; ein¬
220 1606 1503 1766 sollentlich ist er wirklich monothe
1581 1596 2873 1751 sam Fahrten um der See vor großen
199 1726 1532 1888 Sieur Sie absolut gegen die Fußgarten
1587 1743 2854 1905 Nauershert; die Abende manchmal
196 1886 1500 2050 so kommen Sie statt August nach
1572 1876 2866 2070 kaum erträglich. Nachmittag hat
193 2021 1550 2170 Nohl, wo nicht und ich, sondern auch
1587 2042 2420 2182 ich meistens geschrieben.-
196 2146 1520 2322 mein kleiner Neffe sind. Aber
1582 2167 2835 2342 die zweite hälfte August dank ich in Pacht
198 2303 1500 2474 das beste wäre, Sie nahmen Südtevot
1587 2317 2896 2516 in verlangen; im September erst durch
187 2498 395 2585 nur
427 2466 920 2626 Hh zusammen
1582 2493 2400 2656 Thürigen zu rechte.
208 2612 1484 2781 Ich habe hier wieder zu arbeiten ange¬
1626 2640 2344 2771 Bitte kommen Sie.
186 2771 1481 2937 sengen, mit mäßig im Todenl.
1755 2714 2724 2972 Verhänger H. Antteil
