3087 3639
1665 457 2835 630 Sie wissen. Sie finde außer und
457 478 1592 644 glückte Fassung zu kennen. Ich
1665 593 2796 719 meine Mann, mein Schwester,
452 603 1595 765 Folge ganz Ihren Rathschlägen
1679 708 2532 881 In Edlach Schnägerin
436 746 1613 907 der Ueubarletz. Meine Umelle
1694 854 2772 994 neffen. - Novellagslandes
451 857 1605 1041 sahm Sie wohl durch die Grünwald
1658 984 2841 1161 ich gewöhnlich mit einer nicht hübschen
451 1006 1584 1176 erhalten. Stille behalten sie sie
1288 1113 1619 1205 (die Marielle!!)
1652 1081 2781 1283 (das zu Ihrer Kreisigung) aber an
449 1152 1607 1343 vorlaufen ruhig in Ihrem Hause.
1668 1261 2824 1435 nehmen gescheidten jungen Dame
436 1303 1592 1460 Tels Sie war was darüber sagen,
1664 1345 2764 1548 derselben, die ich dem Krahn
469 1421 1611 1598 wollen, mündlich. Am liebsten
1644 1514 2802 1724 empfohlen. (Hätten sie der junge
440 1577 1566 1766 unterlich hier, in Reichenau
1647 1659 2841 1827 "dame nicht finxerdächtig")
445 1722 1614 1899 Entschließen Sie sich doch ein bis her¬
1674 1818 2811 1981 Ich bleibe sie wasscheinlich des
437 1852 1554 2010 herzukommen. Im Cursaus lebl
1670 1956 2811 2134 gegen den 20., das kein ich sate.
430 2019 1524 2153 liches angenehme und nicht
1682 2108 2779 2297 waldt auf ein Reise von Tagen.
464 2140 1590 2297 thümer. Die Reise ist nicht weit ein
1042 2323 2245 2532 oder anderer Pläne noch in Unklaren.
1051 2514 2228 2634 Ein bisserl kalt und ein bisherl höchs - ein
1035 2624 2224 2754 bisherl Zahl und ein lisserl G'säu's
1033 2728 2225 2845 im bisserl Lieb - und kein lissend treu¬
1030 2817 2233 2941 Und ein Stück in einem Würter gar in Mai.
1199 2923 1637 3104 hwliß
1433 2988 1766 3178 Alter
