3143 3704
1096 1038 2225 1225 wie liebe Guhls, das ihn
1102 1175 2234 1343 wird er allmälg Ernst, u. er
1099 1310 2222 1470 ist wirklich schad. Er Sie nicht
1104 1428 2202 1577 summel auf ein jaar tag
1092 1518 2267 1694 da ich dort dabei sein können.
1095 1697 2205 1835 Ich verlasse Tischt morgen im
1075 1806 2177 1975 ihrte (ich einen Umweg)
1096 1937 2181 2108 durchang in Sagtens zu sein.
1096 2075 2213 2222 Richard (ant jago nur)
1107 2218 2231 2386 so weiter), womit. der Vergnung
1091 2367 2229 2507 Monsieur de M. D. nous
1083 2520 2213 2669 lassen wir Nachmittag
