4488 3688
891 652 3441 978 in einem der beiden, er an Ende schon an eine
2262 917 3534 1139 weite Aufführung derken —
881 949 1811 1194 offenen Fächer.
962 1094 3463 1368 Bemühen Sie sich bitte. - Wir haben in Rom ein¬
891 1268 3466 1514 in die Spattelgasse, die zwar wiederlichen Tage
920 1439 3463 1672 Frau talliere ani- redelt, und gestern sie
965 1601 3470 1843 sie ich unter einem wir hier angekommen.
907 1762 3431 2024 so daß jeder criminelt und vollig entzückt.
917 1995 3495 2159 Verdacht bei Ihrem Einbruch. Von Hitze kam hier auch
920 2082 3515 2424 ausgeschlossen bleibt. Möge bei Tag sollen ohne Abm.
939 2246 3499 2527 um Engelo ein zweite kleider. Erfreien Sie weit
942 2508 3492 2730 Exemplar taucht – solle welleicht doch ein Wort¬
