4265 3624
541 508 1939 774 Das sie an Wien 26 war, und sagte
2023 504 3474 773 (Alzesehen vor etc etc.) - führen wir nach
2038 692 3506 886 Nürnberg; sie von dort nach Berlin um,
533 701 1958 895 ihrs. Sie darauf wollkamen ernst
2000 820 3452 983 in ihre Blumernthat Rechtung groben enge¬
542 809 1874 990 Ich weits nicht so genau, – ich bei eben
2018 922 3448 1107 treffen) ich, schon in der Nähe (auf A)
515 972 1888 1130 so 70, 22, 24 geboren, so um die
2031 1079 3464 1240 Reise ist alles noch) nach Frankfurt
531 1072 1107 1216 Jahreszeit
1191 1092 1702 1246 Hf:
2036 1167 3413 1339 wo ist er jaar Tage mit Paul Gold¬
544 1211 1879 1417 Sie; wieder ganz ernst. Ja, und
2036 1284 3463 1441 vertrachte. Ich fäng ihn im ganzen besser
535 1351 1852 1514 Schwestern sind alt ungefähr zu
2016 1401 3448 1569 gestimmt at je (cherchez la femme -
528 1485 1339 1636 den Jahrengehoren.-
2013 1525 3404 1676 d'un autre); er nicht nach Florenz,
595 1589 1943 1801 Nicht styls sich, bitte, abscheit wirklich
2020 1644 3484 1779 ich, uns einer Zeit ganz alten, in Ruf
531 1733 1978 1899 ich habe und gleich extra für Sie gemacht
2011 1742 3457 1910 zu arbeile, hieher. Zier, in Park¬
533 1866 1890 2027 - Nachdem ich in die nehm inerquets
2011 1872 3475 2031 hotel, angenehmes seiner, vortrefflicher
530 1974 1872 2166 mein 3 Einakler (gar nicht übel) ein
2049 1992 3472 2144 essen, bin ich man daran, den schwer
502 2095 1912 2272 Rehndtheale und des "Kormachters"
2009 2115 3379 2254 Et Beatrice wird einmal, um
510 2257 1921 2449 noch incognitotar auf der Galtin
2014 2215 3433 2402 wieder und "Vorlaufig" atzuschließen
1563 2343 1925 2449 schnitzen
541 2385 1950 2566 (tas weinig u fort nahezu nichts) genossen.
2031 2356 3395 2537 Ich denk' er so weit zu bringen, daß
2018 2484 3455 2664 ichs dem Brahen in Berlin, vorlesen
493 2502 1826 2685 (ich michte das Vermächtnis durchaus
2011 2619 3316 2822 kann. In der Belage scheint’s im
502 2608 1885 2776 noch einmal schreiben - es konnte
480 2732 1896 2924 ein so schönes Stück sein u. ihr so scheußlich
