4282 3624
2049 424 2326 544 Beförderung.
2165 525 2331 585 den Sammelka
2213 569 2296 616 Minuten
1510 604 2402 770 von Gustav Schwarrk
2097 749 2363 929 Wien
2144 901 2259 1067 bre
1764 901 1870 1074 Tr.
2738 1182 4099 1372 hier die Nachmächtens Sommière! Tanz lang ist
2724 1325 4145 1468 ser. – Dafür hab ich gefallen dem Kirchen die Vertrie¬
1462 1326 2605 1533 sch., mit Ihnen wieder bei seiner
2722 1450 4110 1586 ergeben; wie keint vor, sie hat einen jenesse
1436 1510 1646 1644 2. p
2725 1554 4087 1694 (ind mit auf ihr gemacht. Aber ich gebe sie noch
1895 1489 2547 1719 Herzliche Gesch.
2734 1648 4135 1795 nicht sein; habe noch manchen daran zu thun. Überlei¬
1482 1653 2312 1853 Ihr stets ergeben,
2732 1750 4107 1902 ist sie hier unsezu urspielbar. Ich las (mit eine
1999 1798 2573 1987 Art. 5 feber
2761 1872 4043 1996 Unlastweihr, Schuper,) von z-Killermacht! -
2792 1959 4041 2070 leben Sie wohl nur auf bald zu Wiedersche:
3227 2042 3965 2201 Berdiss St. Cathrois
