4488 3624
3384 239 3481 483 1
1209 526 3300 715 hard der üblich letzt meinen mit Ausrede etc.
1209 675 3313 872 Henricie angeblich litt Meinig. Roiges waren ich
1206 815 3248 996 Schwesen noch wohl bestimmt; nach 31. Näm¬
1180 930 3295 1143 daß ichs nicht mehr zu. Hier am 25 täus.
1319 1090 3305 1285 Am 12. am Volkoff. PupponGieb, kehrte
1968 1224 3255 1445 Kneittel hat die Regie¬
1190 1261 1926 1445 Cul leim:-
1303 1427 3284 1668 i Frühlingstag. Mührer heute in Fuhren
1230 1587 3182 1753 und ließen der besinnen. Heiter waren
1214 1713 3121 1963 wie nicht. Letzt. die, ihr den meiner lebt.
1253 1847 2874 2068 von Jener Kesselflicker sagt.
1269 1997 3308 2210 Rührend war der kltin Reimund Hofmann,
1203 2149 3258 2396 thal, der gestern in Untersprengung fiele
2099 2296 3255 2507 gung; – Sili L. nur seine
1206 2367 2110 2541 den Sache einher.
1214 2530 2304 2722 erste Liebe gewesen.-
1385 2541 3250 2882 Lassen. Für sichs wohl ergehen, lauten Füßen,
1198 2783 3119 3040 wie zu stos. Sie ich alte herzlichste
2191 2966 2567 3308 H.
2000 3108 2086 3290 P.
