3107 3704
1522 785 1724 934 selve
1781 705 2234 887 Teu. Trindéchi
1773 867 2066 1017 Denngst
948 845 2219 1125 leibtes Gustav, nach einer mich hier
919 1051 2273 1249 wie Sie sehen; heint reisen dann in Zisel
929 1204 2253 1394 nach Toblach; ich und trasserm. vorzu¬
918 1342 2212 1532 nach Villach, sind Sonntag bei Ruhard.
914 1480 2265 1635 der neulich bei uns war nur in viel besseren
923 1606 2221 1770 Stimmung als erwärmthet. Wir wollen
909 1719 2256 1931 also wirklich die berühmte Fukpartie machen,
908 1872 2243 2042 Riesard Massoren, ich - am Ende schließt
913 2005 2258 2160 lich auch Robert Hirschf. an – und wie
908 2184 2239 2349 Sie mitgehen wollten, war er unleissen
897 2330 2226 2487 weilen guten hohen nicht die schlechteste
914 2458 2182 2650 Überlegen Sie sichs daß. Wir brechen
909 2608 2174 2760 etwa 5., od. 6. August vom Toblanden
908 2753 2211 2916 auf der ganze nicht eben 10 Tage
