4472 3561
2352 527 3757 766 den Tichartitel der N. Prof. - an
874 535 1333 764 meint gegen
1425 515 2238 780 d. In Wien fehlt es nä
2124 701 2222 797 e
847 733 2240 889 türlich nicht an gemeinen Lügen, und
2330 717 3730 909 dem ich überhaupt erst ersuche, des der
1770 806 1920 880 G.H.F.P.
858 822 2200 993 Karl Kraus hat die Neugkeit ersten
2364 872 3764 1064 Sach zu blik war – und da ich
1772 950 1860 1013 P.S.
831 936 2260 1147 den, daß ich ein Gesuch eingereicht hat
2361 997 3768 1181 lichen gedacht hatte, geruch die N. T.
862 1075 2166 1254 um Landensobrängt blieben zu diesem
2363 1149 3773 1320 wurde die Sach ganz todt schweige
844 1225 2205 1403 die Reichsweise erzählte, wie gern
2330 1288 3752 1550 — u nach einem sehr flüchtigen Ver¬
853 1337 2281 1532 mit Nümmer und Sehl herum Polzer,
2352 1436 3764 1617 Hier hab ich mit bei den h. Fr. pr.
836 1474 2189 1644 sei! - Dass die 2. Beschuldigung, ich
2341 1579 3744 1754 aldenbes sehr kühl, bedenkt. Troschen
816 1586 2200 1790 habe Gegen die Rückweise keine
2335 1736 3748 1931 argent mit der heute wie ich
856 1720 2216 1907 Schall unbernommen, erst nur
2552 1862 2702 1958 sent
858 1868 2209 2046 oben Urtheil ersuche, kommen Sie
2348 1893 3771 2054 finde, daß der Verstärlickel über diese
833 1976 2247 2222 lich denken. Ich schreib er den N. Tr. Str.
2325 2037 3779 2204 Sachs schrift die in at für man. Nun
844 2137 2195 2404 aber die man wohl froh, dass sie die
2328 2216 2917 2352 génées dans l'
2348 2307 3663 2480 Satten sie bahr hören. Im übrigen
831 2296 2211 2500 Sache hinterlich hatte. Beide sei
2341 2435 3665 2628 nouweits ich vorläut auf Seite 3
833 2424 2009 2671 es eines Dienheit begangen.
2910 2558 3277 2731 Von zum
2332 2612 2847 2789 Zeile 1 eine 2.
867 2606 2238 2827 meiner ersten Überraschung über
3174 2680 3622 2861 Mr Ortte
