4488 3641
887 857 2058 1047 gleich doppelt, aber so je de
832 1025 2221 1203 daß ich mich nach der katholischen
825 1164 2251 1346 Canaille wahrbtsahm. - Also wird
837 1311 2160 1527 er doch weiter oben zu heißen haben.
855 1444 2214 1627 will. — Un den 20. herren wurde
841 1593 2052 1857 ich wahrscheinlich in Berlin sei.
848 1772 1972 2017 fangs dachte ich dem Brasie
846 1917 2019 2144 Stück das nordesten zu keinem
832 2063 1974 2288 sicht konnte mir absolut
837 2240 1988 2497 fertig vor. Auf herrier
843 2419 1987 2602 der andre Gesindel hat ich
871 2568 2185 2787 fürmlich Muth – trotz der Neue Freien
2325 825 3269 1052 Sehr freuen wird er nach
2311 1002 3388 1178 am Milkowss in Wien
2297 1142 3544 1307 port seit. an Bürger.
2332 1265 3583 1478 (aber ihr das mit möglichster Kesser
2322 1380 3610 1623 denheit aus jedruckt/ von Ihm
2297 1564 3572 1744 fände. – Ehemann hat ich flücht¬
2318 1680 3493 1889 gesprochen; er behauptet ein Nun
2301 1818 3567 2020 noltucht zu haben; wie Sie je mei¬
2293 1981 3681 2189 scheinlich wissen werden. - Rufau
2315 2150 3354 2327 chenken Sie, schreibt bt
2332 2302 3493 2510 an seinem Damm.
2363 2430 3493 2668 ist hier Fuhrmann Hensch
