4488 3641
847 913 3616 1054 veralleen. — Königl. war bis vorgehen hier, komisch, wie ich sowohl an etc.
2294 1019 3551 1216 que le G. Bimp bekommen
837 1012 2232 1226 samm sesellschaft that nun sehr wohl.
857 1140 3492 1343 Er schrieb anfangs füchtig; dann wir daß sie den N. Hofe die Rolde
2325 1295 3578 1512 zurückschicken. – Une hat er die
847 1281 2170 1508 er plötzlich ganz herunter u. ist jetzt
826 1433 2173 1632 in Alteusses. Ich blik noch bis
2300 1446 3585 1639 N. die Abtheidt = arme gegen
826 1560 2187 1801 kühle, hier, fehn dann nach
2266 1584 3533 1787 und kommt sich wahrscheinbar
844 1691 2139 1956 dünchen, wo ich mit M. E. zu
2280 1725 3420 1959 wie ein ruhig dylmelich
830 1870 2232 2101 treffe und ein klein Reich unter
2294 1891 3402 2111 kad vor, der die Regieht
2741 2059 3299 2242 zu vorwert,
2311 2052 2700 2238 Deutscher
813 2059 2238 2287 nehmen soll, will, mich werde
2263 2187 3268 2414 versteht. – das, war —
875 2214 2214 2407 - ich weiß wirklich selbst nicht.
823 2328 2080 2555 Ist übrigens vom 1. October be¬
2769 2349 3082 2562 zusprechen.
2273 2376 2617 2562 briften
816 2514 1987 2721 Nummer Höfe angezeigt, in zwei
2493 2514 3396 2755 hat sich hier auch gehört,
2242 2524 2400 2731 able.
