4440 3640
1497 600 2777 768 Von dem Milchens waren Sie hoffentlich
1463 732 2794 917 ebenso entzückt wie ich. Ein Exigone von Herzl
1465 853 2760 1020 wie es scheint – nur ohne Geist und noch
2160 963 2784 1082 von diesen Jungst Wien
1472 996 2770 1198 mit effectirter. Es ist doch wirklich einem ekel¬
1458 1102 2765 1290 lehter als der andre; (wie gut haben wir
1453 1253 2790 1394 und das eine zusammen akale können.
1574 1371 2769 1527 Von den Gl. hab ich Nachricht. Es sei
1475 1485 2755 1604 nach Vorzeugn geht; die russische Gräfin
1475 1608 2752 1747 hat einigesordnung Sommerglän mit
1458 1709 2806 1870 getheilt; ich nehme er, ihr nur heute an Wien
1467 1888 2799 2013 ein Breit von ich nachgeschickt wird. Die nicht
1475 2011 2458 2147 ist sie verschollen.- und ich auch.-
1534 2087 2774 2276 teten Sie wohl, sie die mir herzlich
2189 2202 2770 2374 it in the
1519 2263 1833 2433 gezeißt.
1519 2354 2691 2480 Dich mein kaum in Schmachte hie sind,
1546 2453 2762 2591 (wollen die gei.) Wasserin hat sich aus
2381 2525 2685 2616 konnte
1497 2565 2787 2668 Seeboden Richerdt Rad aufgenommen, in dass
1495 2641 2790 2802 Speicher (büchstäblich) Symmeb steckt:
