4472 3641
2166 616 2743 771 Tablack, 1.8.55
1539 753 2873 1032 lieber Justag, machen Sie ein der 2-3 Stver¬
1531 922 2858 1147 sagen 10-17, so will ich mit jefrieden
1534 1054 2835 1257 gaben - obwohl Ihr leichsamen gegen die Ent¬
1537 1214 2873 1380 Zeilen ziemlich ungerechtfert ist. Mit mich
1542 1361 2887 1546 weitlich zu Tuh sehr, die Partie ist bereits gehanden
1539 1504 2845 1671 gestellt, und, soweit sah etwas voraussag
1539 1615 2895 1825 Capt., fangen wir (Richard, Wassern, ich
1554 1811 2867 1953 samst früh zu schrecken an? Ihr machlage
1559 1935 2895 2079 Tagesleistungen; die Nachmittag von Frei¬
1556 2062 2857 2229 bei wirnt kommen wir sowenn die
1536 2187 2875 2353 über Stazin zurück, am Stoczen an will
1556 2315 2880 2512 ich ev. zur Theil per Rad über Brenna
1571 2488 2899 2659 nach Innkreute, Sahlins, Jschl, an ich
