4504 3657
827 817 2107 1037 Aber die Uxen beginnen zu kranken
2169 774 3435 1057 nung suchen, da jener lieben
797 1007 2087 1171 und ich war es nicht einmal
2159 978 3491 1198 Forstmann über die er mir (allesche
784 1119 2048 1358 mehr wagen, Ihnen diesen alle
2162 1139 3465 1355 ohne Angabe) gemiethet bereit
797 1283 2107 1506 Kasten anzutragen. Dort der Zeit
2162 1286 3432 1529 versucht hat. Ahren Sie, wie
824 1470 3462 1621 werde Räte nemlich lebende, unbequem solch Sache sind?
824 1614 2110 1805 führliche Geschenke (auch für die, die
2172 1605 3458 1805 Ahr Geben was langt mein die
797 1765 2077 2008 lich draufsetzen.) Sehr bald nach
2162 1785 3390 1985 Dankbarkeit, fink, je soga
784 1933 2067 2110 erhört von hier umgleich mit
2166 1926 2635 2120 Respekt! -
2218 2028 3357 2254 Sind Sie schon über Ihren Sommer
827 2077 2011 2330 Sicherheit laut rechnen zu
2189 2159 3393 2422 schlüssig? - Am 26. circa bei ut
817 2258 2064 2474 komme. Es ich Sie in Mein noch
2169 2294 3458 2550 in Mien. Ich laut sie bald auf.
774 2415 2126 2625 antreffe. Ich muß nemlich in der
2323 2438 3478 2750 e Ihr Bruder noch in Wien?
833 2566 2310 2773 Ihnen bekannte Affaire „seer sofort“
2192 2658 3452 2979 Gristen in Ihn für dieser Fall.
820 2743 2139 2992 wie der schöne Einsdruck lautet, Mos¬
