4472 3561
857 567 2175 785 Und heute berichts höreinnt ich als
835 712 2087 908 Blumenthal; ich hab ihr mir
825 866 2175 1074 gesehn, geschehe ist nichts besonders,
845 1032 2161 1255 Ich nahm an, er hat sein Wort
818 1229 2208 1423 gebrochen, was ja ganz geräuschler
790 1400 1487 1589 jaffix kann. -
913 1526 2178 1734 Seien in herzlich gequißt und lassen
866 1661 1936 1881 bald ein Wort von sich hören
885 1829 1810 2042 Richter zehlt vielmals.
1234 1962 1843 2221 Ihr Aitsfel
940 2175 1278 2336 28/1 St
1006 2304 1240 2427 sell.
2477 695 3010 897 Lieber Freund,
2294 887 3670 1080 nach kurzen Handlung durch böhmische Wälde
2301 1036 3598 1212 Bäcker, Ausstellungen und Theater bin ich
2308 1181 3627 1385 vor ein paar tagen beim Leopold ge¬
2292 1326 3604 1546 landet und will sie von hier aus
2280 1485 3611 1687 vielends herzlich grüßen. Außerdem
2266 1641 3642 1832 aber wiederholn ich meinen wohlgemeinte.
2291 1770 3582 2000 Rath: kann die auch hieher. Son der
2270 1924 3634 2128 Gesellschaft will ich gar nicht recte -
2258 2097 3537 2301 aber Natur und Küche sind noch
