4552 3641
2473 890 2892 1039 Samll 9.9.8
2371 1013 2950 1123 Ischl, Rudelsche
1641 1055 2959 1330 Ueber Zustang, die schon ich bin noch.
1657 1239 2998 1411 immer hier. Heil hab ich noch
1641 1350 3012 1569 einmal vorläuf, höchst vorlaühig, im
1620 1513 2947 1692 in schlechter Namen mein Flick alzi¬
1627 1655 2989 1852 schlossen, eine Zeit, in ihr lutteil
1597 1785 2947 2038 Dirkler gingsgut; aber in der St. Edler
1609 1966 3010 2164 Sagen bis ich noch ganz gottverlasse
1630 2136 2968 2311 und über die Schmählichkeit meinen
1630 2299 3015 2461 Ausdrucks in einer vielleicht unver¬
1636 2432 2975 2669 sältnismass. Wiedersgeschlagenheit
1644 2580 3061 2808 de wicht vorleidig auf andres wit, der Ihr
