3087 3639
1574 535 1911 672 9. t. E ov.
1330 639 2103 749 Reichenverlei Tagesbach
1641 707 1960 807 Custiau
1072 704 2152 951 Äbber Gustav, seit Donnerst
1075 913 2125 1055 Abens bin ich hier. Die haben wohl
1036 1020 2155 1146 eine Raden bekommen. Ein paa
1042 1135 2155 1284 Tage hab ich in Altaissen zugetracht,
1018 1250 2113 1402 Dann kam eine schöne Radien
1021 1379 2168 1555 ins Gefällt, wie er ein jener
1021 1506 2183 1666 recht angenehme Stunde gab.
1026 1630 2110 1781 Hier soll ich mich aus Cukuln
1017 1782 2112 1932 gemacht; die Januarau
1027 1904 2133 2041 der 5 abligen Komodie seil:
1036 2015 2096 2186 worfen und die Uilquellen,
1030 2142 2180 2314 neu begonnen, deren erste mit¬
1012 2558 2192 2717 lieber Güssen, sich denke Ihnen herzlich
1021 2703 2162 2846 für Ihre liebe Rente, welche ich meine
994 2816 2173 2971 abworläuf abthied get nehmen.
988 2928 2182 3062 nur in solchen Sinn errichten mühe,
999 3027 2177 3178 Zeitenfalls hoffe ich Sie eben decken Ziel
1027 3145 2182 3273 mieckgischen. Um die im Augen meine
