3333 3608
317 720 1314 896 Monsieur le compte de la nouvelle
2457 755 2799 859 wenn verw. xxx
1020 794 1284 926 12.8.201
277 917 1323 1083 Schon da, lieber Hüssen? Wir haben
258 1030 1311 1152 schieden ist u. s. w. – Mein Zügl,
239 1118 1342 1284 es sich aber, doch ich heute danken.
248 1238 1309 1379 meine 2 Stücke dem Zeige und
243 1326 1331 1514 eben Samlung vorlesen. Das Ihnen
212 1470 1348 1620 schon bekannte um 4 Nachmittag
254 1596 1363 1741 Nach dem Nachtmahl des neue
246 1748 1323 1863 wenn die also Zeit hätten, zum
246 1857 1262 2011 Nachtmahl, das schon um ½ 8
1071 1947 1248 2033 —
227 1975 1366 2124 Zrücktheitstattsinckt, und zum zweite
253 2102 1353 2249 Stück zu keinen, so erwiesen Sie mir
222 2194 1322 2347 eine Freude und einen Inhalte.
231 2312 1332 2471 so eine Sie nicht Zeit tüht es daß haben
222 2428 1200 2601 So schreibe sie mir zu stück zummal.
248 2540 362 2648 ab.
584 2567 767 2675 wch
178 2630 399 2789 Monsieur
