4456 3576
2291 604 3638 808 derige bethechtet, in widerlichen
837 588 2208 808 hieher zu verlegen, wo Sie verwissens
2271 738 3608 961 Nolg. Es ist Rudelf. Golm. habe
859 738 2210 1005 Zeugen finden. Nur, um Himmel
960 927 1084 985 d'une rève
2251 915 3615 1089 Sie von eben was gelesen? - Man
792 911 2163 1113 willen, höre die Richard nicht im
2253 1043 3582 1259 Causin hat sich seiner Roman ge¬
788 1093 2150 1295 Arbeilen! Ich könnte das nicht
2224 1178 3579 1378 kauft, um den Änder dann
785 1299 1400 1412 veranborsten. –
3433 1333 3609 1443 P.S.
2244 1351 3629 1623 mit mehr Recht hoffen zu können,
774 1392 2154 1618 Hans von Rahlenberg kann ich nicht.
2247 1506 3613 1751 Ich weit hier am böse Träume
792 1542 2166 1766 Was ist das für ein Stuf? - Hier¬
853 1723 1052 1784 G.C.P.
2215 1701 3575 1912 geplagt; gestern erschien mir der
781 1699 2134 1941 läuft ein Suler herum, der auf
2229 1861 3615 2080 Verleger Fischer, er streichell und
801 1910 2164 2118 Beobachter posirt und hämisch¬
2192 2067 3635 2282 die Mangel, und ich sagte ihm. Zärtlich
795 2054 2141 2280 nach der Table des hötes vor.
3413 2183 3521 2258 G.C.P.
813 2222 2116 2448 eine Bank aus das Weilen der
2192 2244 3644 2475 sein Kärmen sie – aber zahlen nicht! —
