4504 3624
2427 608 2847 805 11.8.906
2435 763 2787 927 Hetsh.
1639 815 2876 1100 Ander Güllen ich habe Sie gestern
1605 1046 2857 1304 Nachmittag aufgebucht, ein Ihnen
1580 1227 2924 1454 des Nachricht von der Frau 9., Auch
1603 1424 2906 1672 nitz 4, unter gewunden Mor¬
1585 1560 2859 1868 auf erschten Schick eines
1642 1752 2941 1995 Junglungs zu übertragen, und
1613 1921 2911 2206 bei diese Erkjecheit durch so trag
1630 2092 2865 2382 erfahren, das Sie nach Straf
1605 2281 2954 2546 abgedingft sind.“ Ich ich der
1617 2450 2906 2737 eine sehr bedaure, so bin ich
