4488 3624
431 293 815 520 V. F. K.
2486 536 3084 729 21.2. 810
1262 836 3218 1077 lich führen, unter Kerk für die Karte. Zuffentlich
1302 993 3285 1234 gefallen Ihnen unter so gut von der Werk.
1918 1134 3301 1372 I hab dienstliche Abbicht be¬
1260 1155 1885 1367 satt by.
1430 1283 3325 1511 besuchen eines Behntschnitt möglich
1273 1346 1380 1461 r
1236 1427 3296 1655 ist. Die oben verwerteten Heilheit der
1226 1555 3325 1848 am Tod Shofs Jahr xxx und
1249 1749 3330 1984 geheit gehen ist. Grisse, in ein paar Tagen.
1242 1892 3325 2151 Auch sie Olge ist es ein besondere Eheverein
1257 2054 3333 2303 Schlag. Wir haben sie alt sah zum gehabt
1276 2201 3220 2373 Denn ein wahrhaft lieblicher Wesen¬
1244 2371 3343 2577 was hatte das Wort erhierten müssen! Ich
1234 2488 2739 2765 erzähl) sein würdlich mehr.
1325 2666 3377 2943 Keiner geht er im ertragen ganz leidlich,
1354 2823 3293 3082 Hein hat noch: wenn sein Schwertheit
1338 3008 3348 3330 erzündig in ders wohl kleinen Garten. Von Rein¬
