3107 3704
1899 1328 2771 1461 Alle worts konnte mir so klein
1552 1269 1667 1451 E
1572 1406 2781 1550 und die um vor; daher hat ich die vorige freil¬
1566 1503 2752 1658 zustrichen. - In den einsamen Stunden für uner¬
1561 1592 2794 1747 traglich, unerträglich. – Gebenkehr ist krässen.
1569 1673 2808 1840 gekommen. Der hier seine Pomme abschwerde will
1989 1781 2169 1842 Mesling
1564 1776 2783 1919 Ribord k mit wegen als übermorgen soviele.
1592 1863 2778 2005 - Verbleibe nahrscheinlich bis lutte nächsten toch¬
1570 1976 2766 2081 da. – (Wie: Mann, Hisele, – wohl auch Crassum.)
2636 2069 2803 2161 21. & 94
1633 2068 2402 2194 Seine diesergleich gesprechen. Ihr A. S.
2550 2126 2771 2230 Von 4
1607 2421 2712 2591 übermachte kam Jahre
1630 2586 2735 2748 Sie auch schon heute? Es war
1607 2706 2791 2880 hötte, wie wir Abends zusammen
1621 2826 2768 3018 wäre. – Bahnvetzen
1665 2972 2743 3128 sind unsicher und unangenehm.
2367 3072 2568 3164 to him.
1621 3073 2207 3190 Ich wohne im Hagek¬
2284 3102 2732 3242 Anlaufte Gattin
1621 3161 2081 3263 what the post.
