4264 3639
500 568 1905 743 niedriger Karl. – dann dich Versamml
489 678 1869 832 in Reisiknoveinsaal! So etwas ihr
494 815 1914 965 möglich!! – Denn macht, ich bin bey
500 902 1889 1084 ner Mien fort. - Marsagen die (um
503 1066 1908 1228 kommt der michtigste) zu dem Ver¬
483 1165 1908 1347 schwieder meine 3 Cinakter. - Ja
480 1299 1926 1465 habe Schlenther geschrieben, ob jener An¬
494 1427 1703 1598 sinnen wiederholt wurde? -
492 1544 1858 1703 Sehen Sie unser Bekannten? Ich hör
501 1654 1910 1833 ja nichts von ihnen von Bessermann
507 1775 1944 1935 saltes; etc. - Ueigo ist nach Prumt
501 1901 1930 2082 Richerd nach einem unbegreif¬
498 2008 1831 2228 lichen St. Michael in Eppan
501 2175 938 2329 gereist.
507 2264 1833 2446 Wenn sie einmal eine überflüssige
516 2404 1905 2615 Niedelstunde haben ("Gott, hat ich
1172 2547 1815 2702 so schain die
489 2538 1093 2707 den andre?
500 2680 1890 2870 vielleicht zu meinem Maria hinauf.
2009 505 3066 738 Sie würde sich sehr freuen.-
2082 693 3445 826 Uor nun leben Siemohl. Sie ganz
2058 806 3366 963 Morte ins Hotel Avoy, Berlin,
2040 929 3384 1066 maronieren, wie sich denke können,
2036 1044 2991 1176 wich Nwillkommen.
2298 1156 2926 1355 Von Herzen Ihr
2668 1333 3054 1497 Cuther
2109 1486 3416 1658 Mesund Cap - also Cauter such
2058 1634 3429 1815 und neben mir ward geklabbert".
2067 1759 3346 1921 der kleine Kraus und Gregorig
2071 1863 3416 2008 stücken an Ekel. Was ich sehr
2080 1953 2738 2125 erfreulich Jauch.
