4520 3704
983 378 1125 525 1 : =
1174 408 1430 519 1,1 (1)1,
1657 673 2863 791 ̃
2104 729 2772 846 wäre XVIII. 28.7. 804
1707 849 2864 986 lieber Gühlung, ich nehme an Sie sind noch in An¬
1961 963 2205 1026 Denenken
1685 947 2892 1090 Nie u so erwähren sowohl sie als die freundliche
1681 1044 2881 1210 Mitunterzeichner der Ansichtskarte Hieschfeldt
1642 1182 2867 1305 Zu Ciananis von meinen, responfern hergli¬
1665 1254 2886 1433 chen Gegängnißen betrachte. In Reusame,
1635 1363 2884 1498 war es sehr schön, u es ist schade, das die und
1665 1458 2849 1617 nicht ein paar Stunden geschreckt haben. Am
1651 1586 2867 1709 Mietag u. Vestag war ich auf der Raix (mit
1657 1687 2835 1847 Paul Marx) ; so ist mein billen erstet, wie
1665 1783 2849 1942 deutes zu spät für die angelangt. Nun ihr
1668 1903 2860 2045 es hier in Wien auch gar nicht übel, ich er¬
1674 2037 2835 2152 beite nicht wenig, und von Sonntag an haben.
1684 2109 2872 2255 wir den Wagen von Julius auf 3 Wochen,
1687 2218 2825 2360 zur Verfügung, was alte egentielte,
1660 2321 2827 2475 Großkardtsauerschrecken mildert. Lassen
1693 2434 2797 2565 in sich wohlergehen und tals von sich
1685 2536 2704 2694 hören. Von Olge über die schönsten Geichte.
2525 2587 2691 2691 th A.
2609 2646 2768 2723 ..........
1698 2620 2120 2716 3.0
