4249 3607
577 849 1983 1041 sich zu keinem Zerkennen (dieser Doppel
572 1004 1934 1144 sinn des Wals Herkommen fällt wir
567 1135 1974 1281 jetzt erst auf) entfließen kunden.
572 1283 1962 1429 Wie ein zwar Tage ist meine Tod
572 1395 1950 1618 clare Schlag gestorben; der Bequem¬
558 1539 1918 1741 lichkeit halte ist ihr hier noch
576 1694 1957 1874 ein Spei sowähren Krets an die gnossi¬
549 1820 1867 2004 zeit worden. Ihnen in Ungnach,
549 1983 1887 2124 weil das Bierchtxx erklärte, ich
570 2153 1897 2276 habe sie noch Zschl geschickt, wie er
551 2273 1929 2452 Mien wäre sie im bestorben. - Ganz
562 2425 1778 2606 Bozische Sachen; davon mündlich.
2090 893 3447 1093 Wahrscheinlich bleib ich bis eben S. hier.
2153 1053 3445 1227 ist möglich, ihn ich dann einsamez
2108 1193 3475 1327 Tage mit M. C. zusammenkäme, wie
2080 1276 3482 1520 sie nicht am Versehen nach Madrid
2076 1462 3429 1618 reist statt nach Innstrid oder
2074 1604 3468 1753 in der Zinschauzeit von einem Beledie,
2083 1737 3440 1883 wärzt wird. Ich bekomme Brief an¬
2071 1874 3473 2020 ihr, in denen der Schmachsinn die Verle¬
2071 2027 3433 2178 genheit überwiegt und kann nach
2057 2173 3443 2306 mit mir mit dem letzteren, um
2067 2304 3461 2468 auf die ohne Elen, veranchören.
2078 2448 3438 2597 – trotzeten ward ich nieder als die An¬
2083 2578 3459 2764 lequemtescheile mit mit nehmen,
