4264 3639
512 516 1973 747 nicht ohne Kühnheit; aber in den wichtlichen
497 684 1956 847 diencenten versagt – daß ich will
545 821 1971 985 Ihrem Urtheil, wenigstens den Tackb
507 967 1932 1139 ob nicht vorgreifen. – Wie ich sonst
494 1096 1902 1246 die Zeit vertrenge? Der Wetter war
494 1204 1973 1405 schlecht; heut erst kreut ich ein büchen
497 1346 1888 1499 weckla. In den ersten Morgen- und si¬
508 1485 1888 1644 manche Abreisstunde kommt eine
514 1586 1963 1743 drückende Traurigkeit über mich; nur
507 1716 1875 1915 an gewisse Ortlichkeiten, Kaste, Platz
495 1864 1882 2015 in Mien aber ich mit Angst; ja nie
483 1960 1928 2119 an etwas gegenstisches. - Gelehr hat
501 2096 1930 2283 ich die 11a aue Bovary, jetzt ohne
507 2202 1963 2414 dis Mail non Faure, fin, ses
523 2350 1937 2551 fein, aber ein wenig langweilig. Im
508 2470 1923 2670 Thealer: gestern bei Carmen, nemlich
499 2646 1984 2832 bei Undrie. Sehr schön, der Hoffheater.
2246 396 2529 527 Votre très-ci.
2095 523 3380 695 Nelpkei brauch ich eine Art Cud
2067 666 3505 830 trink "Kochbrunnen", war bekantlos
2084 778 3485 930 als beiden beseitigt. (Marum na
2054 904 3422 1059 nur an all Cürzlätze immer wieder
2047 1041 3420 1209 kommt?) Ich hab die Absicht tiefte
2067 1146 3490 1342 er hier nach Berlin zu reisen, bleibe
2052 1279 3461 1481 obst (melticht) 8 Tage, s ist ich im
2047 1433 3431 1592 den 10. October seien nach Mien
2052 1525 3514 1699 komme. Entschuldigen die: ich freu mich
2058 1642 3481 1801 bemach und mit Sie. - Tolua regt
2058 1760 3472 1937 mich selbst diese Entfernung auf; ma¬
2052 1876 3448 2023 spürt in Beutthlaus des immen, dass
2056 1995 3426 2146 Oesterreich das vertrotteltste Land der
2061 2132 3494 2287 Well ist. Die letzt Sie immer von kleine
2067 2237 3426 2427 Kraus hab ich gedachten; also Ihnen
2056 2390 3453 2561 der Karl ist und betibt, wenn er auch
2048 2507 3502 2707 viel jetz Einhält u in manchen Recht
2050 2688 3448 2897 hat, ein müderträchtigen, von ein
