4232 3607
2218 412 2457 586 V. P. I.
2006 795 3351 958 setzlich. - Die besten Stunden sind hier
561 807 1925 977 liche Angst habe. Heute hatte ich den
2010 929 3377 1109 noch die, in den ich arbeite; zuwieder
561 944 1933 1097 sondertare Traum, daß ich lasse
2006 1055 3325 1237 geht er eidlich. Sie mir auf der
570 1065 1888 1256 Sie mich sagen) Die Entscheidung vor
2005 1206 3363 1376 Wetter nieder hübsch, an es wohl töd¬
558 1230 1947 1376 einem Zugeschäft, das in Jochegelieb
2006 1337 3377 1528 augenshin, wie nicht die Ineunatie
549 1393 1873 1506 war, erwartete, mir wieder
1483 1467 1684 1578 to uaf
2005 1490 3378 1679 platzt, wie gestern. Sie nissen jedenholt
549 1521 1930 1649 mich zugleich, daß ich sie das
547 1635 1852 1784 dem Hause erwartete, wo sie ge¬
1980 1644 3292 1830 ihs auch hiezu die ist nur fest¬
567 1767 1883 1946 storben war. Sie kam hervor, als
1998 1776 3394 1972 an seinem Rück schreibt, die Kann
567 1930 1935 2063 gang alte Frau, und schien sich zogleich
1996 1930 3335 2088 merke an Falien. Ich freie nach
549 2048 1925 2216 wegen alda diese Vige zu entsetzt.
1998 2060 3325 2278 sehr, das er da ist. Von Familie
537 2221 1861 2368 digen, daß sie mich so lang habe
2008 2244 3339 2443 wimmelt es mir man denks Ihren
1994 2344 3382 2564 Zur Ihre lieben frühte – aber — Sie kennen
570 2375 1897 2493 warten lassen, daß sie so alt und
561 2512 1947 2675 daß sie schon todt sein. Es war gerechnet:
1987 2519 3318 2670 mir glauben, als bedauern, daß Sie
