3709 3767
391 625 1595 830 besser ja den Stücken passen.
349 785 1655 975 Alle drei sind keine Stücke,
369 946 1620 1105 in allen Freien ereignet
355 1069 1623 1258 lich das wichtige zwischen
330 1239 1633 1401 den vorlehten u. letzten Akt¬
343 1362 1605 1568 u. wir müssen einsach der
355 1527 1574 1687 glauben; in allen drei ein
349 1662 1685 1835 ist der letzte Art eigentlich nichts
337 1805 1611 1985 als ein sentimentat Ralog.
306 1960 1662 2138 der zwei Hauptpersonen, welche
355 2116 1672 2305 eingesehen haben daß u. s. w.
370 2261 1665 2477 Aber gehielt wird – sein schicken.
456 2435 1613 2649 Ihre Ansicht über Peesenschmit
1743 576 3029 818 wie die richtige zu sein; ich habe
1722 780 3073 965 seine Größe im begriffen, oberst
1719 918 3022 1089 er, wie Sie wohl in der Zeit gelesen.
1734 1069 2987 1241 haben, „Für mich eingehöret
1734 1197 2972 1411 hert, als die guter Männer noch
1724 1374 2542 1531 über mich lächelten.
1760 1490 2987 1692 Ich bleib noch etwa 14 Tagen hier
1741 1613 2989 1812 dem gel ich nach Londres, im
1733 1786 3007 1963 Sie wohl in den letzten heilagen,
1724 1950 3004 2127 in Wien. Sollte ich nicht auch
1731 2088 3000 2268 Sie als Radfahrer wieder¬
1719 2281 2133 2455 finden.
1721 2379 2955 2632 habe Sie wohl und seien sei herzlich
2261 2588 2884 2795 Th. Catt St.
1798 2625 2179 2798 geziehrt!
