3709 3767
1814 724 2343 969 Paris 9.5.Et
1711 924 2369 1046 rue de Maiheuge,
1071 959 2333 1195 Lieber Gustav. Ich nicht 9. Sie mehr,
1058 1135 2348 1393 Qu. 18 (Zeilen.) Ich hatte sie und
1061 1297 2352 1517 auf noch drüber – als Toker-Kiebitz
1058 1413 2327 1619 verstehe Sie ja das. Der Empfang
1083 1564 2322 1762 Ihres freundlichen Neides bestätig ich
1053 1688 2394 1904 mit herzlichem Dank; ich wollte vor andern
1058 1795 2327 2048 so liebenswird gesetzt et von Ihrem
1053 1963 2390 2137 bewicht sein. Im übrigen liegt manchen
1430 2112 1517 2191 P.S.
1054 2117 2402 2305 Anlass vor, mich je benante. - wenigsten
1059 2231 2374 2454 Für die abgebehenen vier Wochen; da ich
1071 2394 2364 2558 nicht verschreien woll. Sie sind an
1071 2499 2325 2700 Flüchtiger Leser der Zeit um haben
1095 2628 2340 2826 wohl die Entrefilets gelesen, die
1100 2774 2370 3000 in das Ehlen Nummern über Haus darin
