4472 3578
844 592 2187 822 besser als voriges Jahr. Versäumt haben
870 735 2147 965 die schon genug: z. B. die Erstauffahren
863 882 2132 1132 der „Sugendhänden von Pserhofer
832 1043 2154 1224 einen blauen Kammgarnaufen, von
846 1174 2156 1397 Bees-Hofmann und drei Mitz¬
822 1322 2187 1562 von Paul von Schönthan. Guten
837 1476 2201 1695 die Acht, daß Sie nicht gar zu viel
822 1652 2173 1880 zu bereien haben und begeben Sie
806 1778 2173 2011 sich eilends her. Sonst recht an
823 1942 2189 2177 End noch Lautenburg ab, und es
844 2092 2151 2277 bleibt von Berliner Rückloren und
818 2210 2192 2488 Klumenthal übrig – das ist für Sie,
2292 587 3672 796 mit Ihren einigen Versuchen, vortheil¬
2279 716 3668 943 hafte Sacheidungen anzukündigen, doch
2287 872 3679 1070 zu wenig. – Weters soll Ihnen nicht
2287 1006 3618 1236 vorhehlt werden, daß man an schönen
3159 1124 3358 1191 de mon ami
2605 1138 3610 1321 Frau Odeler ihr Rad
2311 1200 2572 1362 Tagen
2284 1253 3649 1533 tummeln sehen kann, was Ihrer
2287 1436 3606 1668 Lösterheit eine jähren und ge¬
2916 1609 3523 1800 Leiz beitreten.
2270 1668 2943 1847 Elissentlichen
2275 1709 3627 1989 dürfte. Auf die Neue Rein¬
2258 1942 3584 2147 u feit bin ich abonnirt — Ihr
2280 2108 3440 2270 Bildingslieb braucht also
2268 2249 3589 2470 keine Heimung zu erleiden.
