5100 3642
1133 146 1473 339 II, X, 801
2889 133 3202 310 1.9.90
1843 199 3242 455 lieber Zustav, nur sind heute (um
204 299 790 405 Dr. Arthur Schnitzler
220 376 765 478 Wien, IVIII. spoettelgasse 7.
202 393 1550 601 lieber sühlung, beifahd 2 Tise zur Kerker
1899 328 3252 553 Olga auf) Belkon Loge Nr. 2.
197 507 1555 678 pouvais.- Ob ich morgen ihm Sitz zum Ein¬
1816 517 3281 704 Liebte. „ Wolte die kommen, so wird
173 625 1555 773 schweigiel an Ihren Brücke sonder kann, macht
1852 678 2342 844 und freuen
168 761 1559 873 ich in diesem Convent noch nicht ganz sicher.
2433 719 3026 958 Herzlich St.
187 852 1469 985 ein nicht diesmal, nächste Woche besinnt.
376 956 1027 1116 Vorließ ist.
2722 929 2889 1072 A.
1993 1008 2211 1174 B
245 1074 1548 1322 Füßers, da Namen nur in meine Lage, und Herzeke
1725 1149 3171 1405 bieter Hustow, bitte mocht mochte die morgen
120 1257 1500 1397 kleiders (sulm) gemeint in eine werde Lage jehnen.
3288 1187 4483 1442 lieber Herr Hohen, die erfüllen die Sitz
173 1328 1561 1473 auf mich mit verzichten, Sie in der Aufverlage zu sehen,
1685 1303 3217 1509 Schlag mit einer abt. März. H., hiemit da ich sehr
3283 1378 4566 1550 mit Vorstellung durch die Jahrenberg zu gesandten
91 1432 1517 1579 und passe an, ob ich Ihnen und der Max sie eben
1685 1451 3230 1638 im 9 fort mehr, kommt die wo möglich nicht
3279 1500 4483 1658 den Um Sitz litte nach Beleiben zu er¬
94 1525 1475 1714 2. Ahnd meine Autorensitze schicken darf?
1683 1565 2353 1721 willhät, seiner ½ t.
3473 1600 4458 1843 Herzliche Cräfte an sie in selbes
532 1669 1236 1821 Zerleitnissen Ihr
2157 1687 2704 1899 verdiese Ihr
71 1814 682 1989 2) zu behertungen mein ich,
891 1806 1243 1993 Artt/r
3375 1825 3811 1980 13. X. eor
1754 1833 2016 2010 16.5.105
98 1931 582 2136 sehe' sothenklich selbst.
4158 1816 4551 2068 Artise
233 2132 1239 2533 Heute Vieher Volketh.
243 2400 1494 2631 Balkon Loge 2, lucks
1796 2323 3124 2575 lieber Füllung, hätte keinen Sie freil Freundes
1798 2519 3094 2693 Aber in die Frankgasse mit un anfangen.
212 2540 1336 2858 Hessen Sie nun, so hat
260 2672 1567 2930 zusehen in nachher mittelin
1781 2666 2974 2818 nachmachten, und, wenn sie nicht könne
1775 2754 3107 2993 (was mir schriftlich) schreiben bisher
212 2837 1074 3038 zu nichtmahl.
1810 2936 2529 3051 Mans litt ein Erst.
960 2909 1396 3165 P.S.
384 2982 904 3225 Verdecht.
2095 3042 2585 3283 Beschluße M. H.
