4472 3625
872 666 2207 862 zwischen 18. u 20. sein dürfte. Vielleicht
2261 679 3596 879 nen;. Nachmitt gibt es nun
875 808 2187 994 treffer wir schon früher zusammen?
2258 821 3563 997 2 - 4 Stunde in denen man der
848 936 2231 1136 Salzung? Jedenfalls halte ich Sie stets
2295 943 3583 1169 Zeit hat; auch auch der Fustleur soll
865 1068 2207 1264 auf den Käufernde, wo ich bin; und
2271 1105 3515 1335 es s gefallen werden. - Mähren den
872 1203 2183 1379 schreibe Sie am besten nach Wien; es
2282 1261 3573 1501 Aditszeit geht's an am besten;
879 1328 2214 1521 wird mir vor seit und seit nachgeschickt; u
2251 1426 3603 1643 dagegen wach ich früh recht oft aus
882 1504 2119 1687 bleibt noch einige sichersten.-
872 1572 3590 1761 Bei Richard war ich (in Wassern) den schrecklichsten Zweinen auf; und
892 1734 2163 1950 vorgestern; er ist eigentlich ei¬
2214 1720 3600 1937 an der Clenden steht er nicht oft so –
855 1886 2167 2089 an jula Stimmung und, rük
2224 1893 3576 2123 na. Sie geh mir sehr, sehr ab. - Morgen
872 2065 3566 2271 Sie, die Marielle ist fertig. Zu Wach. Vormitt. sah ich noch Rectorbef, wo die
865 2173 3549 2396 nachten (mäßigen Sie Ihre sortirten Familie ist (Vater, wollen, Schwester).
2194 2312 3532 2538 Jahr, in dieser heilen Sammlagen,
869 2319 2173 2576 besser als ich es bei dahin bittheid
889 2481 2194 2714 vermochte) will er sein tragati
2258 2471 3525 2707 wird alles eigentlich so ganz, ganz
2295 2633 2565 2870 klar.
906 2633 2200 2914 Gemerkt habe. - Ich schreibe an der neu
