3709 3767
293 648 1521 810 zu lesen wäre; sie stammen und
293 780 1538 984 der Feuer der Herrn Graf und ich
276 934 1566 1107 nicht nicht, ob Sie um Wien aus die
278 1029 1606 1237 ganze Läpperei dieser Notizen beurtheile.
273 1160 1530 1328 können. Allerdings ist er auch der
283 1315 1548 1500 Mühe werth hiehergekommen um
274 1466 1554 1623 steris nur auszurechtehen. und
279 1558 1551 1742 auch hier gibt es eine Hoffnungswoll
283 1702 1563 1895 Jugend, welche bemüht scheint, da¬
278 1837 1531 2033 Wesen ihrer Heimal zu fälschen
253 2008 1518 2143 und das Leben zu zwischen.
263 2088 1583 2329 Nun hat sie mir neulich bei Gelegen¬
286 2279 1531 2489 heit einer Thealorauffähr
286 2449 1518 2615 bevoru gezeigt. Ich habe Herrn
1671 509 2938 825 Maulin gesche; zugleich Herr
1679 775 2981 933 La Jeunesse, der der erstgenannten
1661 901 2979 1072 bei der vordesten Oeuve-Vestell ge¬
1661 1046 2911 1209 ohfeigt hat und, wie man sich es
1631 1149 2938 1348 zählt, darauf hin arbeitet, Kaiser
1628 1303 2914 1510 von Frankreich zu werden. Er
1648 1451 2914 1641 beginnt damit, Feußelaus zu¬
1646 1608 2883 1779 schreiben und mysische Undrei Oen¬
1672 1714 2948 1943 zu vertheilen. Ich habe zahleich
1638 1902 2956 2093 amter Jünglinge mit praerophor¬
1633 1998 2941 2213 lilischen Fräuleins gesehn, die in
1638 2118 2953 2319 den Conloirs herumgespensterten.
1634 2273 2936 2472 teilen sob ich auch ein Stück ge¬
1614 2414 2946 2613 sehen, war aber nur den zwei ersten
1629 2564 2963 2796 Akten gewachsen. Im ersten jemmal
