4457 3543
908 716 2262 915 Birgsasthum seben werde. Es ist nur
879 856 2296 1059 lauf nach ziemlich leer – wie wohnen
858 983 2277 1191 in einem netten Prinethaus ich
897 1120 2298 1301 zahl für mein hübsches angenehmen
853 1255 2275 1463 Zimmer 60 Kreuzer (zwei Küster)
874 1401 2261 1598 aufte nur dreien wohnt noch im¬
853 1517 2266 1693 immer in dem fand, ver 15. Juli kommt
862 1650 2287 1810 wohl niemand. Um diese Zeit stiege
844 1768 2270 1962 mir wohl wieder zu Theil. Es sei eben
897 1935 2195 2075 ihr die sich der entschlossen hieherzog
888 2058 2232 2214 kommen. Der Theilen wir, so bey an¬
899 2175 2182 2351 Ihnen beliebt. Schreiben Sie ein Mort
908 2305 2132 2465 und ein Zimmer zu 60 Königs
920 2412 2214 2658 ist für Sie bereit. Danken Sie, daß
878 2563 2284 2741 ich ein gewonnen Geist bis und Sie im¬
890 2725 2255 2928 zu etwas aufhörtig wurde, war mir
2346 586 3715 874 nicht schonzunehm wäre. So darauf
2334 819 3256 954 mir alle weiters ertheilen
2355 917 3603 1088 Ich schreibe am 2. Ehlmeiner neue
2353 1036 3763 1250 Stückers. In diesem 2. Okt. Streit über
2328 1153 3756 1381 langt kein weiblicher Messen vor, war
2339 1274 3772 1476 auch sehr sehr mehr macht. – Hofmeinsthal¬
2348 1410 3745 1600 und Frau lesen nur in Zustrich – nur
2360 1524 3747 1702 führen eben in Wagen – sie mankelte
2350 1639 3756 1855 zu Fuhr. Von Richard bekam ich sondern
2342 1785 3742 1965 einen Brief; er scheint nicht hat
2355 1926 3606 2131 güler Läume, was wir jene ha¬
2334 2042 3733 2243 in Senedig. - Wie ersehnen nicht umb.
2342 2186 3624 2398 quam ist, bitte kaufen Sie gegentlich
2362 2293 3588 2506 Nummern der Kikeurki vom 27. Januar
2357 2407 3711 2617 u bemahren Sie mir auch. Ich nehme da¬
2346 2533 3690 2731 Sie haben einiger über die Gästelei gelesen
2353 2665 3761 2859 Sie Ändern war man allgemein sehr liegens
