4248 3640
1407 938 2699 1222 lieber Zustag, ich hat es ja geehrt
1371 1114 2659 1357 daß die schließlich doch nicht keinen
1349 1249 2688 1501 wurde - aber Sie müssen mir trotzdem
1338 1378 2720 1638 erlauben, entläuscht zu sein. Denn
1343 1540 2741 1785 ich sagen würde: Ich sehne mich nach Ihnen
1333 1670 2659 1889 so kinder Sie zweiten. Nunen Sie
1349 1822 2750 2020 nach Minz - wie das mehr ist - aber
1364 1934 2739 2117 die wissen ja, daß ald die Mascheite
1364 2076 2657 2238 in wir zu stechen Zeit besteht
1366 2189 2776 2354 können, und die meint an das
1375 2329 2738 2518 glauben, das ich der Mein – ich fand
1780 2466 2003 2539 and
1387 2443 2773 2631 von keine Ausdruck, eine Herrn¬
