3709 3767
321 652 1639 836 ein Schwindsüchtiges, dass er schwind
320 792 1591 946 süchtig und complicirt ist (oh ma
310 932 1606 1073 mère que je suis compliqué)
334 1039 1603 1227 und eine Blinde, daß sie bleibend
318 1183 1622 1344 ist; im zweiten kommen die
339 1309 1616 1483 Blünde und der Nahmied süchtige
331 1460 1572 1609 mit verhindere Handgdenken
338 1550 1601 1724 herrin: es ist ein Transfusion
338 1698 1614 1871 gemacht worden und der Scheine.
323 1835 1601 2029 süchtige wird gesund. Und die
315 1971 1609 2180 Blinde, welche noch im ersten sans¬
313 2098 1563 2288 die Geliebte des Bruders des
336 2283 1603 2425 Schwindsüchtigen war, wird
346 2409 1581 2612 die Frau des Schmiedsüchtigen
336 2588 1601 2804 Man glaubt aber nicht, was die
1731 533 2989 811 Transfiesem für ein Münch
1719 762 2966 975 mittel ist! Dann kommen noch
1717 926 3012 1105 zwei Obte, die ich nicht mehr gehabt.
1735 1085 3009 1242 seln und das ganze heißt: Son sang
1739 1229 2997 1388 = Sehr interessant warum ein
1716 1334 3012 1544 die drei Häusterfolge des Saisen,
1731 1493 2943 1701 Donloüreuse Carriere,
1722 1640 2968 1821 Suob - hauptteilich wegen
1712 1794 2945 1980 der Familienselichkeit
1722 1945 3015 2130 der drei Stücke. Da allen keine
1719 2083 2950 2293 könnten vor alten die Titel
1719 2265 2976 2471 gewechselt werden, ohne das er
1704 2401 2978 2619 ein Bensch meckl; ja ich selb
2234 2506 2430 2596 G.C.F.P
1717 2568 3012 2791 szurück. Eindruck, sie wieder die
