4280 3658
1838 497 2471 633 Wiestades, 28.8.99
1792 576 2705 719 Wiener Café, 10 Uhr als 6
1389 633 2732 821 lieber Zustav, nun sitze ich hier, in Martitz
1374 754 2834 913 nicht in Miener Café seit Sonntag. Gerner
1365 852 2799 973 in Mirschen, wieso? Ich bin ins Polten
1384 949 2753 1108 gekommen, von München aus. Dort
1365 1045 2716 1220 hab ich, in den Tagen, wo die Brücke
1367 1163 2778 1270 einstürzten, verüberichtermaßen, etc. S.
1380 1262 2817 1411 getroffen; beide kamen wir grad an dem
1374 1374 2799 1531 sag an, bevor wir leid, ich er steht
1371 1474 2791 1630 aus, sie im Partenkirche aus vor
1341 1568 2823 1730 der übrige Welt abzuschnitten gewesen.
1352 1719 2812 1838 waren. Es folgten einig recht hübschen
1365 1798 2766 1985 tags. wollte auf jekant sein, so konnte
1360 1897 2775 2074 ich singesetzen und Nächte. Aber ich will
1371 2007 2786 2164 nicht gekant sein u auch nicht renommen.
1360 2138 2766 2294 also sagen mir. Abach! - Sie hatte
1365 2239 2743 2405 überwerschend viele leichte dennante.
1341 2348 2751 2504 clamismal als oder war sie vollkommen.
1343 2478 2747 2646 wohnung. Beisponkreise ich fragt sie
1349 2594 2813 2747 nach ihrem Aller. Etwär uns nahm anher
1316 2661 1974 2881 lete sie : 23. -
2026 2720 2390 2883 Ich vermögen
