3368 3624
2254 275 2665 464 Reuent
954 588 2822 762 Es ist natürlich recht schwierig sich über
1136 727 2917 898 die künstlerischen Qualitäten eines Mer-
1148 843 2933 1035 kes zu äussern. So versucht es der Rezen
1138 997 2915 1174 sent gar nicht. Er geht an die Sache von
1136 1123 1820 1234 anderswo heran.
1128 1229 2900 1418 Mancher zeigt seine ehrliche Feindselig-
1136 1370 2837 1545 keit schon damit, dass er sein los als
1123 1494 2976 1663 solches beklagt. Wie entsetzlich. überharft
1136 1633 2824 1782 schreiben, ins Theat er gehen zu müssen,
1317 1716 1547 1807 gecade
742 1741 2766 1931 eanKrZ,esen Beruf erwählt zu haben.Es
1136 1885 2857 2049 ist etwagwie wenn ein Arzt ins Kranken-
1123 2009 2764 2193 zimmer träte mit einem Fluch darüber,
1133 2153 2814 2324 dass man ihn habe holen lassen,däss er
1128 2287 2529 2435 überhaupt Medizin studiert habe.
1121 2405 2847 2584 Hat der Rezensent auf diese Art den Au-
1110 2541 2761 2705 tor verdientermassen zurecht gewiesen.
1297 2620 1580 2733 diese
1113 2675 2923 2847 dass er überhaupt wage ihn zu bemühen, imm
1090 2786 2880 2950 belegenheit zu geben seinen Beruf auszu-
1110 2948 2882 3092 üben und Geld zu verdienen, so äussert er-
1113 3056 2892 3246 se in Missfallen, das der Autor gerade das
2882 338 3036 464 124
