3352 3640
2873 185 3033 314 16
2701 342 2840 438 mi
1014 408 2949 639 „Innerhin, es stockt was Mahres drin. Damit
1016 555 3010 742 versucht man die Berächtigung von Schmähschrif
1006 674 3043 836 ten zu beweisen. Gewiss steckt was. Mahres drin:
1016 808 2919 973 Wd nicht? Aber dass es auch absichtlich Fal-
1791 884 2997 988 dasr pebueso nit cuhe oodros in
1008 953 2995 1125 sches drin steckt, das ist das Wesentliche, das
1029 1090 2962 1257 paralysiert die wohlfeile Nchrheit und davon
1021 1219 1867 1391 ist nicht die Rede.
