3352 3656
798 619 953 779 sd
2866 218 3016 336 166
1033 648 2968 871 mit besonderer Vorliebe stellt er Rückseheit
1040 827 2968 1009 te fertiwo es sich un vorübergehene Schnar
1055 963 2803 1146 kungen Handelt-und gleichteo der Eintage
1050 1045 2934 1301 tliege, doren dehick al es ist deue Ebbe und
1050 1226 2992 1396 nicht mehr die neue Flut zu erleben, und ihr.
1045 1367 2915 1519 Dasein in der tröstlichen Ueberzeugung en-
1064 1492 2733 1676 det, dass sie mitarischen durfte, wie das
1069 1625 2281 1829 Hear auszutröcknen begenn.-
