3368 3640
2888 203 3028 317 166
1383 636 2982 811 Der Rezensent nimmt es dir übel, wenn
1034 763 3010 950 du langweiligst bist, aber noch viel mehr,wenn
1036 899 3071 1074 du nicht langwilig bist.Er verzeihtes dir skaum-
1016 998 2871 1191 wenn dir nichts einfiel, aber er ist unver-
1016 1102 2891 1328 söhnlich, wenn dir etwas eiggefällen ist. Er
1011 1272 2911 1454 ist enttäuscht, wenn es in der letzten Szene
1001 1343 2934 1568 nicht knallt, aber im Tiefsten empört, wenn es
998 1475 1822 1687 exattt. wille zu gett
