3368 3624
818 417 2673 567 Das Charakteristische einer gewissen sorte
820 600 2761 761 begabter, aber niederer Kritiker ist, dass sie
812 709 2588 864 das Adelige und Grosse in einer gewissen
805 820 2712 994 Entfernung gerne gelten lassen (niemand ist
815 955 2704 1136 ferner als der Tote); wenn es aber in ihrer
805 1076 2761 1242 N채he auftritt, sich in jeder Weise dagegen zu
1633 1211 1775 1304 und 1
820 1198 2699 1392 wehren versuchen. As macht (ihnen auch wenig
823 1353 2763 1521 Vergn체gen 체ber Lehte Uebles zu sagen,die al-
815 1475 2761 1666 ler menschlichen Berechnung nach niemals et-
815 1604 2805 1788 mas davon erfahren w체rden, eo leiden sr mener
732 1741 2807 1943 ehe Prozuplivrle sin der Btelochlinn rmlert
2828 261 2958 370 1
