3368 3656
1168 611 2806 775 Irgendwo bei Heinrich Mann sagt ein Maler
1183 754 2662 939 mit der Ruhesehnsucht des gehetzten
1178 879 2853 1026 Schaffenden, als einer, der (nach Goethe) zu
1183 988 2728 1152 seinem talent verdannt ist: -, Oh, sinme1
1180 1135 3081 1311 nicht malan missen.- Und dach, Ich bin überzeugt,
1190 1270 2851 1394 mich dieser Gehetzte hit Augenblicke, wo es
1192 1370 2986 1514 ihn freut, nicht nur, dass er malen kann, sondern
1173 1503 2941 1673 auch, dass er imlen muss. Aber ich frage nich:
1180 1628 2948 1804 Was geht an den Leuten vor, die nicht etwa von
1171 1759 2811 1913 dem Drang gehetzt werden zu malen, sondern
1180 1879 2716 2067 über das zu reden,inas von Andern gemalt
1168 2033 2785 2202 worden ist. Rufen sie nicht auch manchmal
1159 2161 2823 2306 aus: Nicht reden missm! Passlert es ihnen
1152 2254 2962 2462 nicht (o vto dem Kinstior. gegeniher aber den
1168 2439 2991 2590 überwältigen Escheinung von etwas mirklichem-
1152 2545 2785 2697 vor der überwältigenden Erscheinung eines
1157 2657 2780 2813 werks, dass die Seinsucht sie überfällt zu
1171 2813 2899 2960 schweigen.Offenbar ist das ein seltener Vor-
1166 2927 2908 3079 gang, sonst ledten heute nicht Tausende daven,
1149 3045 2974 3226 nur davon, dass andere da sind,welche schaffen.
1147 3190 2811 3377 würden nicht Begen und Ballen Papfer veri-
