3368 3672
2881 195 3019 320 166
2474 436 2844 631 (Hon
1137 647 2903 831 Aufsätze dieser Artlwie z.B. Hauer über
1149 792 2822 951 Journalismus, Schaubühne, 21.12.) veran-
1151 922 2842 1062 lassen mich immer wieder zu dem Aueruf:
1142 1022 2912 1203 Was wollen (ie eigentlicht Wünschencfie,
1140 1169 2824 1342 dass die Presse abgeschafft werde,wis-
1140 1305 2862 1482 sen Sie nicht so gut wie Andere und wie
1151 1432 2921 1596 ich, dass die Presse eine Külturnotwendig
2515 1544 2853 1630 juritimn
1140 1575 2892 1737 keit, wenn auch nicht immer einen Kultur-
1146 1705 2774 1843 faktor bodar tett dass ihre Fehler und
1124 1823 2901 1989 Mängel mit dem Wesen der Institution zu-
1137 1941 2931 2125 sammenhängen, dass eine fehlertosd Presse,
1140 2088 2894 2252 wie sie sie ja offenbar wünschen mügsen,
1153 2204 2856 2365 genau so übel-schmeckte wie destillier-
1142 2345 2928 2513 tes Masserzdass eine Presse ohne Feuille
1140 2470 2815 2638 tonismus;ohne Unigerechtigkeit, ohne Be-
1142 2592 2813 2754 stechlichkeit (wonuhter ich nicht aus-
1146 2717 2967 2908 schliesslich das Bestochen durch Geld ver-
1146 2856 2788 3003 stehe) nicht mhr Presse wäre, sondern
1155 2978 2931 3155 Traktat, vorkrühte Holtgeschichte, Essagie
1140 3108 2928 3276 mus! Glaubendie wirklich, dass gerade die
2978 493 3112 617 12
