3352 3656
2884 207 3019 317 166
1240 696 3053 925 Es ist dig Buch, das gar niht genug gelobt
1261 885 1794 1006 werden kann.
1265 961 2974 1139 Soll ich anmerken, dass ich da oder dork
1258 1108 3035 1267 einen Fehler finde,um damit meinen kriti
1243 1234 2958 1387 schen-Befähigungsnachweis zu erbringen?
1249 1360 3014 1526 Ja,es gibt auch in diesem Buche Stellen,
1256 1488 2924 1648 die mir weniger gefallen, wie es solche
1249 1621 2938 1794 in jedem grösseren Werkegibt. Söll ich
1243 1738 3035 1920 sie besonders betonen, weil der Autor noch
1240 1853 2906 2035 am Leben ist? Hinzumeisen häbelich auf
1249 2022 3021 2199 das Gute und Schöne. Die Fehler spürt. Ihr
1249 2148 3005 2299 schon selbst heraus oder man stösst Euch
2578 2238 2731 2328 abe
1229 2283 2963 2425 mit der Nase drauf. Am Schönen(geht Ihr
1249 2398 3019 2551 vorüber. Guch Ihr, die Ihr nicht bösen Wil
1249 2553 1697 2665 lens seid.
2735 2661 3066 2850 IX. 1911.
