3352 3656
749 362 909 547 Ni
782 539 2997 762 Die parteinässig sozlaldenokratische Meltauffarsing
790 707 2851 870 (someit Parteinässigkeit und Meltanschauung zu-
779 807 2801 1000 sammen möglich sind) brachts eine neue Fehler-
785 939 2801 1119 qualle in die Kritik. Es wurde dokretiert, dass
782 1069 2724 1268 leuto (alo sich un das tägliche Brot nicht zu
765 1196 2934 1401 kümmern hättensohne Mahrungesorgen, künstlerischer
771 1334 2840 1478 Behandlung nicht würdig seien. Nichtstuer wurde
785 1464 2787 1655 joder geganpt, jede dichterische Gestalt wenig-
762 1583 2934 1771 stöns,nicht etwa nur einer, der nichtsotat, sondern
751 1721 2765 1906 dor gs viel vordiente, oder gar besass, dass er-
765 1862 2967 2008 nicht hungern musste. Man vorgass, dass der Hungerah
2740 1903 3075 2077 unale Aut
790 1967 2710 2158 laussor der aufgezwungene, wie zum Exempel in
2517 2083 2682 2166 de
768 2088 2658 2296 Ugolino) bis vor wenigen jahrzehnten In der
762 2240 2710 2392 Dichtkunst überhaupt nicht vorhanden war.Der
1196 2345 1547 2439 dichencicer
771 2367 2887 2553 Hunger als Motiv, die mterielle Sorge als tnos-
1077 2470 1423 2583 im Hroma
785 2495 2903 2696 phärghat sich orst allmählich ihre künstlorische
779 2633 2055 2776 Daseinsberechtigung erworben.
768 2743 2937 2945 Boi Shakespoare, Goothe, kleist, schiller spielt der
771 2890 2898 3066 Hunger, die Armut in de. Häuptsache so gut wie gar
765 3000 2881 3171 keine Rolle. selbst der Unterschied in den äusse-
779 3127 2914 3334 ron Lebenoverhältniesen, Oeberfluss auf der einen,
