3368 3656
2894 195 3026 311 16
2713 427 3059 637 Hon
1232 640 2768 798 Presse das Sprachgefühl. verRichtet?
1223 758 3006 915 Ist. Ihnen nicht bekannt, dass difettieren
1217 910 2961 1098 de Bücherschreiber und Stückfabrikanten
1210 1022 2806 1192 geieeessen verderblicher wirken,
1210 1181 2999 1335 weil sie manat mit der Pretention auf-
1225 1288 2498 1458 treten Kunstwerke zu bringen?
1210 1404 2985 1581 Mit diesem Geschrei gegen die Presse, das
1219 1543 2777 1708 ja seinerseits auch schon lang genug
1208 1675 2885 1838 zu den journalistischen Gebräuchen ge-
1201 1798 2968 1968 hört, und auch in solchen Zeitungen, ange-
1201 1928 2925 2093 stimmt wird;gegen die es gerichtst. sein
1208 2069 2927 2241 könnte, verhält es sich ganz ähnlich wie
1196 2192 2972 2350 mit dem Geschrei gegen die rheatermisere,
1201 2326 2961 2491 die Operettenseuche, das Tingeltangel-Me-
1196 2449 2907 2612 sen. Weiss gan denn wirklich noch immer
1199 2561 2981 2748 nicht, dass die Normalmenschen,die, für die
1190 2722 2988 2871 Zeitungen geschrieben und für die Theater
1192 2829 2874 3006 gespielt wird, weder das Bedürfnis nach
1181 2943 2903 3124 reinem Stil noch nach Kunst haben? Dase
1572 3075 2010 3184 berleihelt
1174 3084 2865 3249 8io sich nur nicht dagegen mehrenzwenn
1183 3227 2858 3392 diesetbe Flemente ihnen in einer ihnen
