3352 3656
1034 799 2938 993 Das Fland der Tageskritik liegt zum grossen
1046 919 2960 1105 Teile darin, dass jeder Reporter den Literar
1031 1034 2950 1246 historiker, zum mindesten den Piegraphen zu-
1041 1191 2921 1364 spielen sucht und sich nicht damit begnügt,
1034 1311 2849 1505 Irgend eIn Mark gu! oder schlecht zu Ein-
1036 1459 2955 1625 den, sondern sich go gebärtet, als wäre es sct
1022 1584 2893 1768 ne Aufgabe über die Gesannterecheinung des
1041 1687 2950 1873 Autore und über die Gesetze seiner Eninick-
1041 1835 2950 2029 lune zu berleht zu sitzen. Dagegen wäre nmr
1022 1962 2928 2146 nichts einzuwenden, enn der Rezensent sich
1034 2096 2849 2268 bei solcher Gelegenheit als ehrlicher Ki-
1041 2220 2754 2381 storiker oder Biograph verhlelte und es
1041 2354 2890 2526 nicht vorzüge, eben nur gerade so viel von
1034 2488 2840 2644 UGesaumtwerk und vom Wesen des Autors und
1034 2615 2881 2749 nur dasjenige in den Kreis seiner Betrach-
1041 2720 2792 2902 tungen einzubeziehen, als ihn eben fagel.
1041 2864 2919 3017 Von einem Dutzend Arbeilen des Autore konnt
1019 3005 2888 3134 er dreioder eines; oder stellt sich so an,
1034 3105 2849 3292 als wenn ar nur diese konnte je in Jahr, ein
1022 3242 2924 3414 halbes, die Frist zuiachen einem und den an-
1041 3388 2881 3515 dem Buch behandelt er als eine Epoche und
