3352 3640
832 174 1033 293 II4
1928 219 3035 473 Uible Stelluns des titte, mil
808 446 2884 618 gemeinen doch nicht der Fritik.Auch wird selbst
798 584 2810 782 den grästen Malern niemals ein Vorwurf daraus
800 718 2887 880 gnmacht, wenn auf ihren Bildern immer wieder die
763 853 2792 1022 selbe fegend oder dasselbe gesicht erscheint.
795 975 2884 1146 und weder dem Lionardo noch den Tizian wurde es
795 1115 2868 1268 übel genommen, dass die Züge des gläschen Frauen-
798 1239 2826 1368 antlitzes auf ihren Gemälden dutzendemale wie-
2211 1339 2435 1447 Theat
1770 1342 2184 1434 Buch-oder
792 1387 2834 1545 derkehren. (Hingegen herrscht bel dem Kritiker
2071 1471 2242 1558 auch
811 1474 2897 1667 eine wahrhaft: hämische Lust ninr dort immer Wie
798 1632 2882 1778 derholungen zu entdecken, wo überhaupt keine an-
803 1759 2837 1939 dere bestoht, als die in der rigenart und Ent-
806 1883 2359 2042 wicklung des Fünstlersbegründets,
803 1999 2921 2184 In der Musik existiert Sujet und gestalt in die
808 2142 2882 2338 sem sinne nicht (wenn man von gewissen Erschei-
808 2240 2858 2438 nungen der Programmmusik absiehtf,die aber von
806 2393 2921 2631 einem anderen Gesichtspunkt zu betrachten sind.)
