3336 3640
823 527 953 691 R
1177 674 3036 855 sich vormiegend mit den Esgenannten enigen
1146 831 3021 1006 Fragen der Menschheit, als stünde er mit le-
1122 961 3005 1119 wwöndigsten Interesse nitten in den politi-
1139 1088 3043 1266 schen kämpfen der Gegenmart und als schlüge
1132 1221 2944 1401 soin Herz „1tallen Pulsen für die Armen,
1141 1360 2896 1558 Fleuden und Enterbten.Daher sieht er mit
1134 1493 2906 1661 Hohn auf die Dichter herab, die ihm poli-
1144 1620 2863 1767 tisch indifferent erscheinen,die an der
1144 1748 2983 1919 lösung der sozialen Frage nicht tätig mit-
1134 1885 2901 2056 arbeiten und die die erigen Fragen einer
1134 2022 2819 2184 endgültigen Erledigung in ihren Merken
1132 2147 3021 2318 nicht nähr gebracht haben. Kurz, er scheint-
1134 2270 2985 2417 oin solcher dusbund von Menschen-,Mannes-
1127 2398 3017 2583 und Burgertugenden, dass der unbefangene Be-
1134 2535 2973 2699 obachter es kaum begrdifen kann,warum die-
1129 2675 2932 2834 sor. Ausbund niht lieber einen Beruf er-
1129 2802 2903 2961 wählte, der seinen Fähigkeiten und seinen
1122 2925 3058 3074 Charaktereigenschaften würdiger wäre als der
1119 3053 2899 3228 eines Rezekenten. Nas könnte ein Mann von
