3352 3640
779 256 1038 426 Kilct
943 444 2946 677 Hanoher d lehnenden pritik gegenüber hat der
1861 590 2100 669 ien mer
949 572 2900 779 Autor das Gefühl: streng aber gerechten Ie-
923 692 2982 923 tolls;ohne liebe, aber keinesmags ohne Verstand
1605 833 1854 918 geurterl
1202 823 1441 908 drüekt
946 843 2902 1074 ausgepx Karum bleibt in solchen Fällen
938 959 2877 1146 doch manchmal noch ein anderes Unbehagen zu-
946 1105 2961 1292 rück als jenes selbstverständliche, wie es sich
936 1233 2941 1425 nach jeder noch so vordienten ablehnung einzu-
926 1361 2871 1538 stellen pflegt? Ee kopnt woht dnkerx aus der
913 1477 2800 1674 untrüglichen Empfindung des Autors, dass der
908 1587 2933 1813 Krikor in Augenblick, da er ihn herabsetzt sich
959 1746 2769 1938 zugle ich über ihn zu erheben versucht und
905 1889 2764 2056 zwar nicht nur in Hindich auf das Werk,das
1154 1982 1500 2074 Kritike
905 2020 2843 2182 ihm oben zur Beurteilung vorlag, sondern auch
895 2161 2741 2354 in einem allgemeineren und weiteren Sinne,
887 2261 2712 2474 kunstlorisch und menschlich sogar. Und so
892 2382 2792 2584 vormisst der Autor zur Horstellung des äus-
882 2541 2871 2720 soron und inneren Gleichgewichtes am Ende ein
879 2630 2823 2853 erlösendes Nort in der Art etwa, dass der Kri-
882 2794 2725 2964 tiker so abschlösse: Weiin dir,o Autor auch
861 2925 2800 3115 dies Work misslang, ich, der Rezensent, der die
