3320 3624
736 235 1012 349 1
1064 560 2864 765 fühlt sich der gesunde sinn und der Klare
1064 732 2746 888 Verstand ldie insbesondere vereint nur
1066 838 2867 1016 solten anzutreffen sind)von jeder Art par
1083 995 2833 1147 teipolitischen Urteils über Menschen und
1066 1107 2874 1275 Dinge mit Recht abgestossen,so wirkt eine
1083 1254 2822 1418 solche Parkaianffaxxung durch Parteizuge
2351 1332 2793 1430 zuscertt schel
1083 1375 2786 1527 hörigkeit bedingte Auffassung) nicht nur
1102 1470 3009 1674 peinlich oder töricht, sondern geradezu infen
1074 1613 2931 1807 Tronettaft auf isttettschor fobiet. Schlinn
1095 1765 2857 1933 genug, dass nur wenige Kritiker sich von
1090 1888 2826 2052 solcher Parteihaftigkeit völlig frei zu
1102 2000 2852 2199 halten wisseu, schlinner noch, dass solche
1112 2145 2848 2316 Partoihaftigkeit nur solten in ursprüng-
1112 2282 2781 2432 licher bneigung begründet ist, sondern
2073 2370 2287 2460 nn det
1119 2399 2969 2563 dass axch Ruhstkritik, besonders in Deutsch
1114 2536 2888 2698 land, genz berusst nach partoipolitischen
1121 2662 2912 2840 Grundsätzen, also in bösosten sinn, persön-
1406 2798 1781 2881 i vaite ia ite
1133 2822 1898 2981 lich,geübt wird..
