3384 3640
3028 260 3205 470 112
878 293 1138 487 Alt.
944 520 3110 755 mor inner versucht, auch ohne pohenische Nebenab-
938 648 3134 851 sichten über seine eigene Produit ion etwas nieder.
935 782 3096 993 zuschreiben, gerät mit Notwendigkeit in eine Pole-
922 913 3118 1124 mik gegen die Kritik. Denn ihr Halten macht es den
924 1020 3036 1261 Künstler immer wieder von neuem klar, wie sehr er-
913 1151 3074 1384 missverstanden werden kann, ja wie er offenbar um-
886 1280 3085 1515 so mehr misverstanden worden muss, je entschiedener
894 1425 3063 1668 er sich in seihem ganzen Wesen durch sein Produkt
886 1545 1701 1715 ausgesprochen hat.
