3352 3624
760 259 1026 384 111
707 393 857 684 N
1130 710 2901 899 Für die rageskritik dürfte inner nür-der
1116 867 2917 1024 Einzelfall in Frage stehen.Alles Uebrige,
1121 975 2926 1156 was sie- in die Diskussion bringt, ist Vor-
1116 1121 2931 1290 dunkelung des Tatbestandes, aus Wichtigtu-
1119 1255 2926 1410 erei,Ueberheblichkeit und Bosheit.Es geht
1128 1364 2917 1542 die Tageskritik nicht das Geringste an, ob
1119 1495 2878 1685 der Verfasser in irgend einem neuen Merk
1128 1627 2882 1803 einen Fortschritt oder einen Rückschritt
1119 1754 2804 1932 verrät,sie hat keinerlei Recht ihn auf
1121 1872 2961 2069 Grund der konuthisnahme früherer Merke der
1112 2015 2926 2196 Einseitigkeit zu beschuldigen, und es kün-
1315 2117 1824 2205 Beii heute
1109 2149 2970 2323 wort uenicht, ob sie sich in ihren angeb-
1153 2267 2792 2425 lichen Hoffnungen bestätigt oder ent-
1109 2392 2917 2579 täuscht sicht. Sie hatte jodes Werk nicht
1109 2535 2898 2690 anders zu beurteilen, als wenn es ihr völ-
1112 2653 2871 2843 lig anongu vor Augen käne Aber ffeilich,
1102 2799 2695 2977 dann hätte, das Publikum und auch sie
1105 2917 2942 3122 selbst meit weniger Spass an ihrem Berufe.
