3368 3624
897 665 2689 887 Joder wik liehe Künstler ist der geborene
890 824 2854 1011 Kritiker, denn os. ist ihm der Kräug eingeboren
882 950 2803 1178 über sein Verhältnis zu allem, ob de nun von
1317 1069 1441 1147 ven
869 1115 2828 1289 Gott oderseinem Menschen geschaffen sei,zu
872 1238 2854 1403 möglichster Klarheit zu gelangen und sich mit
872 1327 2889 1537 ebensolcher Klarheit darüber auszudrücken.Doch
862 1479 2702 1656 ebenso wird der wahrhaft berufene Kritiker
852 1607 2889 1795 auch ein rünstler sein müssen, in dem Sinn,dass
857 1767 2790 1908 er das von einem Andern geschaffene Werk bis
854 1878 2869 2032 ins letzte nachzuempfinden und seinen Findruck
864 2032 2831 2227 in so reiner Form als möglich mitzuteifen den
1115 2131 1559 2351 verspürts.
