3352 3640
1410 661 3010 803 Was boothe ilher. Kleist sagt interesstart
1216 843 3101 1005 mich, auch mann Goethe Unrecht hättn. Ich erfahre
2218 944 2963 1103 eistiaber dach über
1225 965 2045 1103 wohl niehte Neues ilhe
1220 1068 2966 1242 Gosthe. Und selbst wenn es nichts Neues ist.
1225 1211 2933 1398 seine Persönlichkelt wird mir wieder einmal
1218 1359 2954 1492 offenbar und das ist Gewinnst genug. Was Herr
1223 1459 2856 1644 Hans Puchstein ülber Hofmnnsthal sagt Ist.
1211 1605 2921 1762 mir ganz egal, denn abgesehen davon, dass ich
1211 1729 2891 1886 übdr. H. nichts Neues erfahre, wird mir auch
1218 1855 2881 2008 ke ins neue Kenntnis über Herrn P. Und wern
1225 1993 2914 2139 es mir passleren sollte, so pfelf ich trauf.
1202 2106 2846 2256 da ich an nieier bisherigen Kenntnis, über
1213 2221 2823 2394 Herrn P. genug habe und jedes Vordrangen
1223 2359 3001 2525 setner Persönlicihelt mir höchstens Languelle
1206 2485 3024 2642 oder Ehal auslöst. Es kann mich also gelegent-
1211 2607 2898 2783 lich der Krifiher intoressioren, die Kritik
1218 2734 2881 2905 nie. Denn inis sie mertvoll macht ist inmer
1213 2874 2856 3024 nur der. Persönlichkeltsausdruch, der darin
1211 2989 3045 3165 stocht. Mamia Ansichten tnde ich mir ic sollet
1211 3108 2879 3298 zu bilcen und über Dinge und Werke, die ich
1211 3242 2748 3387 niet kenne ver inpemet im
1213 3343 2080 3511 krilite ab cefatie
