3352 3624
954 656 2948 829 gegenüber künstlarischen leistungen, dennn der
962 797 3008 992 klingende Cowinn vorsagt ist,,gibt es einen be-
970 916 2976 1076 sonderen, mane hial peünlich berührenden Ton der
965 1041 2859 1217 Anerkennung, der nichts ander s bedeutet als
970 1179 2902 1352 eine Art von Trostpreis, den das Mitleid ver-
978 1304 2959 1482 gibt. fügt es sich aber, dass eiher solchen lei-
951 1439 2973 1607 stung nachträglich unerwarteter Weise auch der
959 1558 3008 1732 natoridlo Erayk zuteil wird, so kann wan inner
959 1680 2924 1856 wioder beobachten, wie die einstigen Verleiher
1691 1802 2076 1894 amEle
954 1835 2878 2003 den Preis gerne zurüekneknen möchten, ja sich
664 1940 2846 2127 Memplen bowühen xiahxax ihn ein wenig lächerlich zu
2572 2065 2808 2144 neclitt
940 2065 2889 2282 nachen, - und sich selbst dazu, menn(teute da
946 2238 1791 2390 wären os zu werken.
