<?xml version="1.0" encoding="UTF-8" standalone="yes"?>
<PcGts xmlns="http://schema.primaresearch.org/PAGE/gts/pagecontent/2013-07-15" xmlns:xsi="http://www.w3.org/2001/XMLSchema-instance" xsi:schemaLocation="http://schema.primaresearch.org/PAGE/gts/pagecontent/2013-07-15 http://schema.primaresearch.org/PAGE/gts/pagecontent/2013-07-15/pagecontent.xsd">
    <Metadata>
        <Creator>prov=READ-COOP:name=PyLaia@TranskribusPlatform:version=2.7.0:model_id=50870:lm=none:date=22_01_2024_20:04</Creator>
        <Created>2023-09-27T14:39:40.015+02:00</Created>
        <LastChange>2024-01-22T20:04:09.036+01:00</LastChange>
        <TranskribusMetadata docId="1589060" pageId="60125533" pageNr="40" tsid="145638179" status="IN_PROGRESS" userId="40391" imgUrl="https://files.transkribus.eu/Get?id=VCOCPFVYUMGRTQJDQPMMIMEZ&amp;fileType=view" xmlUrl="https://files.transkribus.eu/Get?id=ULCBIDKXSNLXBKZQQTTGBFDR" imageId="48550610"/>
    </Metadata>
    <Page imageFilename="1589060_0040.jpg" imageWidth="3320" imageHeight="3624">
        <ReadingOrder>
            <OrderedGroup id="ro_1711789440546" caption="Regions reading order">
                <RegionRefIndexed index="0" regionRef="tr_1"/>
            </OrderedGroup>
        </ReadingOrder>
        <TextRegion orientation="0.0" id="tr_1" custom="readingOrder {index:0;}">
            <Coords points="1331,331 1331,2515 3128,2515 3128,331"/>
            <TextLine id="tr_1_tl_1" custom="readingOrder {index:0;}">
                <Coords points="2608,490 2716,485 2877,420 2934,432 2960,466 3116,439 3131,343 3038,303 2915,363 2824,318 2794,335 2750,318 2684,339 2631,329"/>
                <Baseline points="2623,462 2648,456 2673,451 2698,449 2724,447 2749,444 2774,440 2799,431 2825,425 2850,424 2875,421 2900,418 2926,413 2951,408 2976,406 3001,404 3027,401 3052,398 3077,395 3102,395 3128,397"/>
                <TextEquiv>
                    <Unicode>Hactecunpelle</Unicode>
                </TextEquiv>
            </TextLine>
            <TextLine id="tr_1_tl_2" custom="readingOrder {index:1;}">
                <Coords points="1321,697 2985,659 2987,570 2915,551 1325,589"/>
                <Baseline points="1334,677 1416,671 1499,671 1582,668 1665,667 1748,664 1831,662 1913,659 1996,657 2079,650 2162,649 2245,647 2328,644 2411,644 2493,638 2576,635 2659,633 2742,631 2825,629 2908,629 2991,635"/>
                <TextEquiv>
                    <Unicode>tiker Sünde oder Unsittlichkeit nennt,</Unicode>
                </TextEquiv>
            </TextLine>
            <TextLine id="tr_1_tl_3" custom="readingOrder {index:2;}">
                <Coords points="1323,837 2090,844 2385,778 2669,795 2841,757 2940,795 2945,672 2637,723 2271,685 2133,736 1709,740 1666,704 1325,750"/>
                <Baseline points="1334,805 1414,805 1495,803 1575,799 1656,797 1737,797 1817,792 1898,789 1978,787 2059,784 2140,782 2220,779 2301,774 2381,772 2462,769 2543,764 2623,764 2704,759 2784,757 2865,756 2946,755"/>
                <TextEquiv>
                    <Unicode>anzureizen und zu verführen trachtet.</Unicode>
                </TextEquiv>
            </TextLine>
            <TextLine id="tr_1_tl_4" custom="readingOrder {index:3;}">
                <Coords points="1319,956 2084,935 2218,986 2389,905 2936,903 2940,814 1323,863"/>
                <Baseline points="1331,937 1411,934 1492,929 1572,928 1653,925 1734,919 1814,919 1895,920 1975,915 2056,913 2137,910 2217,908 2298,903 2378,901 2459,897 2540,895 2620,893 2701,890 2781,888 2862,883 2943,880"/>
                <TextEquiv>
                    <Unicode>Aber noch mehr als das. Obwohl ihn die</Unicode>
                </TextEquiv>
            </TextLine>
            <TextLine id="tr_1_tl_5" custom="readingOrder {index:4;}">
                <Coords points="1319,1083 1586,1068 1785,1111 2173,1090 2321,1039 2947,1045 2951,935 2777,969 2648,916 2389,990 2281,950 2001,1003 1704,948 1535,1003 1321,992"/>
                <Baseline points="1331,1068 1412,1062 1493,1059 1574,1059 1655,1056 1737,1052 1818,1048 1899,1047 1980,1043 2061,1041 2143,1038 2224,1035 2305,1032 2386,1028 2467,1026 2549,1020 2630,1018 2711,1015 2792,1014 2873,1011 2955,1006"/>
                <TextEquiv>
                    <Unicode>Erfahrung lehrt, dass das Publikum die</Unicode>
                </TextEquiv>
            </TextLine>
            <TextLine id="tr_1_tl_6" custom="readingOrder {index:5;}">
                <Coords points="1331,1211 2209,1227 2385,1160 2873,1155 2877,1022 2644,1041 2510,1109 2205,1079 1982,1126 1781,1132 1694,1083 1336,1115"/>
                <Baseline points="1343,1191 1419,1190 1496,1188 1573,1186 1650,1183 1727,1182 1804,1179 1880,1179 1957,1175 2034,1173 2111,1171 2188,1165 2265,1161 2342,1161 2418,1159 2495,1155 2572,1152 2649,1152 2726,1146 2803,1143 2880,1140"/>
                <TextEquiv>
                    <Unicode>von ihm forurteilten Stücke mit dem</Unicode>
                </TextEquiv>
            </TextLine>
            <TextLine id="tr_1_tl_7" custom="readingOrder {index:6;}">
                <Coords points="1331,1378 1459,1331 1738,1380 1897,1323 2075,1355 2273,1291 3000,1312 3002,1211 2955,1198 2580,1187 2461,1236 1819,1266 1338,1219"/>
                <Baseline points="1346,1319 1429,1320 1512,1316 1595,1314 1678,1312 1761,1309 1844,1307 1927,1301 2010,1302 2093,1299 2176,1297 2259,1292 2342,1291 2425,1289 2508,1283 2591,1281 2674,1280 2757,1277 2840,1273 2923,1271 3006,1268"/>
                <TextEquiv>
                    <Unicode>zahlreichsten Besuche auszeichnet, ruft</Unicode>
                </TextEquiv>
            </TextLine>
            <TextLine id="tr_1_tl_8" custom="readingOrder {index:7;}">
                <Coords points="1329,1465 1594,1512 1736,1463 2088,1492 2328,1425 2938,1423 2966,1365 2813,1317 2487,1380 2334,1336 2162,1380 2046,1340 1914,1380 1645,1346 1331,1376"/>
                <Baseline points="1340,1450 1421,1446 1503,1444 1584,1444 1666,1441 1747,1439 1829,1435 1910,1434 1992,1435 2073,1429 2155,1426 2236,1423 2318,1420 2399,1419 2481,1414 2562,1411 2644,1407 2725,1404 2807,1402 2888,1400 2970,1400"/>
                <TextEquiv>
                    <Unicode>er mit Entrüstung aus, dass das Publi-</Unicode>
                </TextEquiv>
            </TextLine>
            <TextLine id="tr_1_tl_9" custom="readingOrder {index:8;}">
                <Coords points="1327,1613 1486,1598 1598,1639 1749,1590 1978,1624 2275,1548 2748,1575 2887,1539 2890,1473 2446,1469 2277,1509 2114,1467 1825,1501 1736,1463 1573,1526 1331,1522"/>
                <Baseline points="1340,1579 1417,1579 1495,1576 1572,1574 1650,1571 1728,1570 1805,1565 1883,1566 1960,1564 2038,1561 2116,1557 2193,1554 2271,1549 2348,1546 2426,1544 2504,1543 2581,1540 2659,1537 2736,1534 2814,1531 2892,1531"/>
                <TextEquiv>
                    <Unicode>kum von diesen sachen nichts wissen</Unicode>
                </TextEquiv>
            </TextLine>
            <TextLine id="tr_1_tl_10" custom="readingOrder {index:9;}">
                <Coords points="1321,1745 1876,1760 1982,1709 2205,1745 2650,1666 3023,1692 3027,1577 2949,1554 2711,1565 2631,1622 2313,1594 1325,1662"/>
                <Baseline points="1334,1710 1418,1704 1503,1701 1588,1701 1673,1698 1757,1696 1842,1694 1927,1692 2012,1689 2096,1686 2181,1683 2266,1677 2351,1674 2435,1672 2520,1671 2605,1665 2690,1662 2774,1660 2859,1658 2944,1656 3029,1650"/>
                <TextEquiv>
                    <Unicode>und sehen wolle; (insbesondere in dieser</Unicode>
                </TextEquiv>
            </TextLine>
            <TextLine id="tr_1_tl_11" custom="readingOrder {index:10;}">
                <Coords points="1338,1889 1552,1849 1607,1889 1728,1851 1817,1885 2116,1821 2245,1857 2705,1810 2779,1838 2968,1789 2970,1715 2809,1681 2608,1747 1785,1730 1340,1791"/>
                <Baseline points="1349,1841 1430,1836 1511,1831 1592,1829 1673,1826 1755,1826 1836,1823 1917,1822 1998,1816 2079,1814 2161,1812 2242,1807 2323,1808 2404,1804 2485,1800 2567,1800 2648,1792 2729,1792 2810,1790 2891,1787 2973,1782"/>
                <TextEquiv>
                    <Unicode>grossen zeit) und obgwohl ihn die Er-</Unicode>
                </TextEquiv>
            </TextLine>
            <TextLine id="tr_1_tl_12" custom="readingOrder {index:11;}">
                <Coords points="1331,1974 1974,2008 2177,1940 2459,1997 2578,1929 2998,1923 3000,1851 2860,1825 2423,1876 2114,1821 1984,1893 1836,1876 1741,1916 1333,1887"/>
                <Baseline points="1343,1961 1426,1964 1509,1959 1592,1960 1675,1955 1758,1954 1841,1952 1924,1949 2007,1944 2090,1941 2173,1939 2256,1939 2339,1936 2422,1931 2505,1928 2588,1925 2671,1923 2754,1921 2837,1916 2920,1913 3003,1910"/>
                <TextEquiv>
                    <Unicode>fahrung weiter Fehrt,, dass sein verlo-</Unicode>
                </TextEquiv>
            </TextLine>
            <TextLine id="tr_1_tl_13" custom="readingOrder {index:12;}">
                <Coords points="1346,2156 1656,2120 1730,2158 1936,2082 2069,2137 2275,2069 2489,2097 2595,2050 2979,2105 2983,1984 2684,1955 2097,2033 1999,2001 1350,2033"/>
                <Baseline points="1361,2098 1442,2092 1523,2091 1604,2086 1685,2086 1767,2081 1848,2078 1929,2076 2010,2071 2091,2071 2173,2068 2254,2066 2335,2064 2416,2059 2497,2059 2579,2050 2660,2050 2741,2045 2822,2041 2903,2044 2985,2044"/>
                <TextEquiv>
                    <Unicode>genes Geschnätz so wenig auf die Ent-</Unicode>
                </TextEquiv>
            </TextLine>
            <TextLine id="tr_1_tl_14" custom="readingOrder {index:13;}">
                <Coords points="1344,2268 1484,2230 1823,2275 2109,2205 2508,2186 3019,2203 3040,2092 2489,2150 2044,2120 1713,2160 1651,2120 1348,2152"/>
                <Baseline points="1358,2223 1442,2220 1526,2217 1610,2217 1694,2212 1778,2211 1862,2207 1947,2206 2031,2203 2115,2200 2199,2199 2283,2197 2367,2191 2451,2191 2536,2183 2620,2183 2704,2179 2788,2177 2872,2175 2956,2173 3041,2164"/>
                <TextEquiv>
                    <Unicode>ricklung der Literatur, als auf den jarh</Unicode>
                </TextEquiv>
            </TextLine>
            <TextLine id="tr_1_tl_15" custom="readingOrder {index:14;}">
                <Coords points="1342,2419 1456,2374 1560,2408 1683,2370 2175,2396 2370,2321 2646,2347 2868,2311 2951,2351 2968,2234 2459,2215 2362,2271 2061,2247 1711,2296 1603,2247 1495,2290 1346,2266"/>
                <Baseline points="1355,2352 1435,2350 1516,2347 1597,2346 1678,2343 1758,2340 1839,2338 1920,2335 2001,2331 2081,2328 2162,2325 2243,2325 2324,2319 2404,2318 2485,2316 2566,2313 2647,2313 2727,2310 2808,2306 2889,2304 2970,2307"/>
                <TextEquiv>
                    <Unicode>der Melt den geringsten Einfluss hat,</Unicode>
                </TextEquiv>
            </TextLine>
            <TextLine id="tr_1_tl_16" custom="readingOrder {index:15;}">
                <Coords points="1353,2508 1787,2565 1933,2499 2054,2544 2273,2457 2593,2478 2595,2406 2440,2372 1675,2413 1473,2372 1355,2406"/>
                <Baseline points="1364,2483 1425,2481 1487,2479 1548,2477 1610,2477 1672,2474 1733,2470 1795,2471 1857,2467 1918,2465 1980,2464 2042,2460 2103,2459 2165,2455 2227,2455 2288,2450 2350,2449 2412,2447 2473,2447 2535,2447 2597,2450"/>
                <TextEquiv>
                    <Unicode>schnätzt und lugt er weiter.</Unicode>
                </TextEquiv>
            </TextLine>
            <TextEquiv>
                <Unicode></Unicode>
            </TextEquiv>
        </TextRegion>
    </Page>
</PcGts>
