<?xml version="1.0" encoding="UTF-8" standalone="yes"?>
<PcGts xmlns="http://schema.primaresearch.org/PAGE/gts/pagecontent/2013-07-15" xmlns:xsi="http://www.w3.org/2001/XMLSchema-instance" xsi:schemaLocation="http://schema.primaresearch.org/PAGE/gts/pagecontent/2013-07-15 http://schema.primaresearch.org/PAGE/gts/pagecontent/2013-07-15/pagecontent.xsd">
    <Metadata>
        <Creator>prov=READ-COOP:name=PyLaia@TranskribusPlatform:version=2.7.0:model_id=50870:lm=none:date=22_01_2024_20:04</Creator>
        <Created>2023-09-27T14:39:38.004+02:00</Created>
        <LastChange>2024-01-22T20:04:05.607+01:00</LastChange>
        <TranskribusMetadata docId="1589060" pageId="60125479" pageNr="24" tsid="145638157" status="IN_PROGRESS" userId="40391" imgUrl="https://files.transkribus.eu/Get?id=SXWKJEPHCIUMKSLBXLVRHGVH&amp;fileType=view" xmlUrl="https://files.transkribus.eu/Get?id=DQKENFALSZNGIKGKXSOKMECE" imageId="48550556"/>
    </Metadata>
    <Page imageFilename="1589060_0024.jpg" imageWidth="3352" imageHeight="3640">
        <ReadingOrder>
            <OrderedGroup id="ro_1711789412047" caption="Regions reading order">
                <RegionRefIndexed index="0" regionRef="tr_1"/>
            </OrderedGroup>
        </ReadingOrder>
        <TextRegion orientation="0.0" id="tr_1" custom="readingOrder {index:0;}">
            <Coords points="650,195 650,3176 3123,3176 3123,195"/>
            <TextLine id="tr_1_tl_1" custom="readingOrder {index:0;}">
                <Coords points="2822,277 2851,280 2870,301 2946,274 2964,290 3013,280 3029,298 3061,271 3118,277 3120,212 3053,185 3015,180 2970,199 2913,196 2862,215 2825,204"/>
                <Baseline points="2837,259 2863,261 2889,260 2915,257 2941,253 2967,251 2993,250 3019,250 3045,251 3071,252 3097,251 3123,247"/>
                <TextEquiv>
                    <Unicode>1904</Unicode>
                </TextEquiv>
            </TextLine>
            <TextLine id="tr_1_tl_2" custom="readingOrder {index:1;}">
                <Coords points="699,387 761,379 857,314 898,336 943,320 1037,355 1048,212 951,202 887,245 817,194 758,215 712,188"/>
                <Baseline points="719,304 744,300 769,297 795,295 820,295 846,291 871,286 897,284 922,283 948,281 973,281 999,283 1024,280 1050,277"/>
                <TextEquiv>
                    <Unicode>ki. C</Unicode>
                </TextEquiv>
            </TextLine>
            <TextLine id="tr_1_tl_3" custom="readingOrder {index:2;}">
                <Coords points="943,478 2271,484 2693,438 2983,476 2983,371 2435,376 2306,328 2233,379 2180,339 1924,379 1650,325 1545,374 1182,328 1105,371 941,331"/>
                <Baseline points="957,414 1058,408 1160,414 1261,414 1363,414 1465,417 1566,417 1668,420 1769,420 1871,421 1973,424 2074,423 2176,427 2277,428 2379,426 2481,429 2582,432 2684,431 2785,432 2887,429 2989,426"/>
                <TextEquiv>
                    <Unicode>Die Stimme des Kritikers tönt fürs Erste eben-</Unicode>
                </TextEquiv>
            </TextLine>
            <TextLine id="tr_1_tl_4" custom="readingOrder {index:3;}">
                <Coords points="930,602 1287,559 1607,621 1752,551 1889,605 2247,629 2451,586 2636,629 2765,575 2948,605 2948,508 2884,478 2419,513 1905,503 1766,462 1553,503 1406,460 1250,497 930,476"/>
                <Baseline points="945,537 1045,541 1146,544 1246,545 1347,543 1447,546 1548,546 1648,547 1749,548 1849,551 1950,553 2051,557 2151,554 2252,556 2352,557 2453,560 2553,566 2654,566 2754,564 2855,566 2956,569"/>
                <TextEquiv>
                    <Unicode>se laut wie die stimme des Kunstwerks, janie</Unicode>
                </TextEquiv>
            </TextLine>
            <TextLine id="tr_1_tl_5" custom="readingOrder {index:4;}">
                <Coords points="637,666 661,664 672,656 701,677 715,672 731,685 769,683 766,559 752,559 723,589 710,575 669,578 648,559 634,562"/>
                <Baseline points="650,626 680,628 711,629 741,629 772,626"/>
                <TextEquiv>
                    <Unicode>t777</Unicode>
                </TextEquiv>
            </TextLine>
            <TextLine id="tr_1_tl_6" custom="readingOrder {index:5;}">
                <Coords points="949,715 1349,699 1500,742 1849,710 1948,744 2088,701 2276,744 2430,704 2787,747 2787,642 2529,610 2290,634 1857,580 1763,632 1540,597 1403,629 1185,586 949,634"/>
                <Baseline points="963,677 1054,674 1145,674 1237,674 1328,677 1420,677 1511,677 1603,678 1694,680 1786,680 1877,680 1968,681 2060,684 2151,684 2243,686 2334,686 2426,691 2517,691 2609,689 2700,693 2792,692"/>
                <TextEquiv>
                    <Unicode>erklingt uns unheimlich verstärkt,weil uns</Unicode>
                </TextEquiv>
            </TextLine>
            <TextLine id="tr_1_tl_7" custom="readingOrder {index:6;}">
                <Coords points="895,809 1013,844 1134,806 1277,852 1398,820 2000,849 2099,895 2309,841 2384,890 2516,849 2744,887 2924,838 2921,763 2636,734 2545,774 2233,720 1948,769 1572,707 1481,758 1298,720 1217,758 1043,723 895,750"/>
                <Baseline points="910,808 1011,802 1112,802 1213,801 1314,799 1415,804 1516,807 1617,807 1718,808 1819,809 1921,813 2022,811 2123,811 2224,816 2325,815 2426,817 2527,820 2628,821 2729,821 2830,820 2932,820"/>
                <TextEquiv>
                    <Unicode>seltsamerweise die Stimmen der vielen Tausende</Unicode>
                </TextEquiv>
            </TextLine>
            <TextLine id="tr_1_tl_8" custom="readingOrder {index:7;}">
                <Coords points="938,951 2008,946 2126,986 2228,943 2666,949 2779,986 2919,949 2919,871 2798,908 2529,857 2378,890 1844,852 1771,890 1096,884 935,825"/>
                <Baseline points="954,927 1052,927 1151,930 1249,930 1348,932 1447,936 1545,936 1644,937 1742,939 1841,938 1940,939 2038,942 2137,941 2235,942 2334,945 2433,945 2531,948 2630,946 2728,948 2827,948 2926,942"/>
                <TextEquiv>
                    <Unicode>mitzuschwingen scheinen, die die Morste desyri-</Unicode>
                </TextEquiv>
            </TextLine>
            <TextLine id="tr_1_tl_9" custom="readingOrder {index:8;}">
                <Coords points="951,1080 1954,1070 2526,1140 2768,1088 2932,1105 2929,1008 2768,973 2572,1000 2499,951 2395,1037 1919,973 1564,1008 1373,946 1169,1008 949,986"/>
                <Baseline points="966,1059 1064,1057 1163,1059 1261,1059 1360,1059 1459,1062 1557,1065 1656,1065 1754,1067 1853,1068 1952,1068 2050,1071 2149,1073 2247,1076 2346,1075 2445,1074 2543,1080 2642,1080 2740,1080 2839,1080 2938,1083"/>
                <TextEquiv>
                    <Unicode>tikors wiederkolen und nachplapperh. Stellen</Unicode>
                </TextEquiv>
            </TextLine>
            <TextLine id="tr_1_tl_10" custom="readingOrder {index:9;}">
                <Coords points="951,1228 1277,1191 1381,1234 1583,1196 1782,1234 2397,1209 2502,1252 2612,1209 2978,1226 2978,1145 2894,1115 2730,1164 2596,1126 951,1107"/>
                <Baseline points="966,1181 1066,1185 1167,1185 1268,1190 1369,1193 1470,1193 1571,1195 1671,1193 1772,1193 1873,1196 1974,1193 2075,1199 2176,1199 2277,1202 2377,1205 2478,1202 2579,1205 2680,1205 2781,1207 2882,1208 2983,1205"/>
                <TextEquiv>
                    <Unicode>wir uns jenals unter dem verfasser einer Kritik</Unicode>
                </TextEquiv>
            </TextLine>
            <TextLine id="tr_1_tl_11" custom="readingOrder {index:10;}">
                <Coords points="2725,1274 2827,1293 2846,1277 2902,1295 3005,1287 3002,1228 2978,1239 2913,1209 2889,1228 2843,1215 2816,1226 2800,1220 2771,1239 2722,1223"/>
                <Baseline points="2741,1271 2767,1271 2794,1272 2821,1273 2848,1275 2875,1276 2902,1278 2929,1278 2956,1277 2983,1280 3010,1285"/>
                <TextEquiv>
                    <Unicode>unter</Unicode>
                </TextEquiv>
            </TextLine>
            <TextLine id="tr_1_tl_12" custom="readingOrder {index:11;}">
                <Coords points="949,1330 1508,1322 1599,1363 1779,1322 2158,1365 2260,1330 2405,1389 2558,1357 2803,1403 2997,1368 2997,1287 2494,1266 2400,1301 2026,1247 1844,1285 1505,1226 1231,1266 1121,1209 946,1228"/>
                <Baseline points="963,1312 1065,1315 1167,1315 1269,1315 1371,1318 1473,1319 1575,1321 1677,1324 1779,1324 1881,1327 1983,1329 2085,1330 2187,1328 2289,1331 2391,1333 2493,1332 2595,1333 2697,1336 2799,1336 2901,1338 3004,1345"/>
                <TextEquiv>
                    <Unicode>irgend einen stillen Menschen vor,einen hunden.</Unicode>
                </TextEquiv>
            </TextLine>
            <TextLine id="tr_1_tl_13" custom="readingOrder {index:12;}">
                <Coords points="887,1459 1156,1451 1301,1500 1459,1457 1645,1518 1846,1454 2120,1459 2292,1521 2553,1467 2671,1518 2868,1500 2868,1403 2612,1357 2438,1419 2344,1371 2083,1419 2026,1379 1701,1408 1586,1354 1325,1414 1016,1354 887,1379"/>
                <Baseline points="901,1447 999,1444 1098,1444 1196,1447 1295,1449 1394,1447 1492,1449 1591,1452 1689,1450 1788,1453 1887,1456 1985,1456 2084,1458 2182,1457 2281,1460 2380,1461 2478,1464 2577,1462 2675,1466 2774,1467 2873,1476"/>
                <TextEquiv>
                    <Unicode>Willionen, der einfach seine Meinung hinsetzt,</Unicode>
                </TextEquiv>
            </TextLine>
            <TextLine id="tr_1_tl_14" custom="readingOrder {index:13;}">
                <Coords points="890,1623 1166,1586 1228,1623 1733,1591 2061,1623 2244,1586 2381,1656 2607,1596 2835,1610 2833,1545 2776,1516 2682,1548 2080,1505 1927,1553 1494,1473 1398,1526 887,1508"/>
                <Baseline points="904,1575 1006,1573 1108,1575 1210,1575 1312,1572 1414,1576 1516,1581 1618,1578 1720,1582 1822,1583 1924,1587 2026,1584 2128,1587 2230,1584 2332,1587 2434,1590 2536,1593 2638,1594 2740,1596 2843,1599"/>
                <TextEquiv>
                    <Unicode>als eine unmassgebliche, die er ja ebeuiso gut</Unicode>
                </TextEquiv>
            </TextLine>
            <TextLine id="tr_1_tl_15" custom="readingOrder {index:14;}">
                <Coords points="2077,1656 2112,1658 2120,1666 2153,1661 2169,1672 2188,1661 2198,1666 2231,1656 2255,1658 2255,1615 2236,1615 2223,1626 2206,1615 2196,1621 2180,1612 2147,1631 2077,1621"/>
                <Baseline points="2091,1655 2119,1653 2147,1653 2176,1655 2204,1655 2232,1653 2261,1649"/>
                <TextEquiv>
                    <Unicode>vnn</Unicode>
                </TextEquiv>
            </TextLine>
            <TextLine id="tr_1_tl_16" custom="readingOrder {index:15;}">
                <Coords points="933,1723 1250,1707 1516,1733 1578,1782 2032,1768 2206,1811 2868,1760 2841,1650 2185,1680 1819,1629 1688,1661 1255,1650 1209,1610 933,1639"/>
                <Baseline points="948,1703 1044,1700 1140,1702 1236,1704 1332,1706 1428,1705 1524,1709 1620,1706 1716,1709 1812,1710 1909,1712 2005,1717 2101,1715 2197,1710 2293,1718 2389,1721 2485,1721 2581,1721 2677,1721 2773,1724 2870,1724"/>
                <TextEquiv>
                    <Unicode>für sich behalten könnte, die ja vonniemanden</Unicode>
                </TextEquiv>
            </TextLine>
            <TextLine id="tr_1_tl_17" custom="readingOrder {index:16;}">
                <Coords points="903,1876 1121,1836 1989,1844 2642,1876 2776,1924 3064,1876 3064,1830 2886,1768 2787,1809 2545,1774 2206,1811 1938,1768 1513,1801 903,1766"/>
                <Baseline points="918,1825 1025,1828 1132,1831 1240,1831 1347,1834 1455,1834 1562,1839 1670,1840 1777,1840 1885,1843 1992,1846 2099,1846 2207,1846 2314,1847 2422,1849 2529,1852 2637,1855 2744,1857 2852,1858 2959,1858 3067,1867"/>
                <TextEquiv>
                    <Unicode>geteilt werden müsste? Nein.Der rritiker;dessen-</Unicode>
                </TextEquiv>
            </TextLine>
            <TextLine id="tr_1_tl_18" custom="readingOrder {index:17;}">
                <Coords points="933,1994 1658,2000 1717,2040 2115,1981 2666,2040 2921,2005 2919,1916 2878,1908 2325,1938 2059,1889 1887,1932 1647,1849 1478,1854 1354,1914 933,1908"/>
                <Baseline points="948,1963 1046,1962 1145,1963 1244,1965 1343,1969 1442,1966 1541,1968 1640,1969 1739,1971 1838,1969 1937,1975 2035,1974 2134,1976 2233,1980 2332,1981 2431,1981 2530,1982 2629,1984 2728,1986 2827,1987 2926,1990"/>
                <TextEquiv>
                    <Unicode>Meinung gedruckt wird, und wäre, es auch in dem</Unicode>
                </TextEquiv>
            </TextLine>
            <TextLine id="tr_1_tl_19" custom="readingOrder {index:18;}">
                <Coords points="933,2104 2126,2126 2287,2182 2464,2115 2876,2145 2932,2126 2932,2051 2722,2013 2610,2061 2507,2026 2223,2064 1478,1994 1244,2059 930,1994"/>
                <Baseline points="948,2094 1047,2088 1147,2091 1246,2093 1346,2094 1445,2097 1545,2097 1644,2097 1744,2098 1843,2100 1943,2103 2042,2104 2142,2106 2241,2109 2341,2109 2440,2110 2540,2114 2639,2118 2739,2118 2838,2118 2938,2118"/>
                <TextEquiv>
                    <Unicode>letzten Winkelblätt einer Provinzstadt, posiert</Unicode>
                </TextEquiv>
            </TextLine>
            <TextLine id="tr_1_tl_20" custom="readingOrder {index:19;}">
                <Coords points="882,2223 1432,2233 1513,2279 1588,2236 1879,2284 2083,2236 2819,2274 2819,2198 2757,2166 2644,2201 2550,2158 2212,2158 2096,2198 1809,2123 1712,2174 882,2158"/>
                <Baseline points="895,2216 991,2222 1088,2222 1184,2222 1281,2224 1377,2223 1474,2228 1570,2228 1667,2231 1763,2231 1860,2233 1956,2234 2053,2231 2149,2237 2246,2238 2342,2240 2439,2241 2535,2243 2632,2243 2728,2243 2825,2237"/>
                <TextEquiv>
                    <Unicode>irgendwie und gilt uns. auch vielfach als der</Unicode>
                </TextEquiv>
            </TextLine>
            <TextLine id="tr_1_tl_21" custom="readingOrder {index:20;}">
                <Coords points="868,2368 1161,2408 1341,2360 1481,2416 1561,2360 1631,2400 1709,2360 1946,2362 2169,2373 2236,2416 2491,2384 2776,2421 2935,2395 2935,2333 2709,2292 1578,2317 1505,2271 1411,2314 957,2236 865,2263"/>
                <Baseline points="883,2348 985,2348 1088,2354 1191,2354 1294,2354 1396,2357 1499,2356 1602,2357 1705,2358 1807,2362 1910,2360 2013,2363 2116,2366 2218,2366 2321,2366 2424,2367 2527,2368 2629,2371 2732,2375 2835,2377 2938,2383"/>
                <TextEquiv>
                    <Unicode>beglaubigte und erwählte Wortführer von vielen.</Unicode>
                </TextEquiv>
            </TextLine>
            <TextLine id="tr_1_tl_22" custom="readingOrder {index:21;}">
                <Coords points="916,2507 1325,2486 1481,2529 1545,2497 1752,2558 1873,2502 2631,2507 2814,2545 2943,2513 2943,2400 2706,2435 2658,2405 2567,2448 2435,2405 2282,2462 2120,2416 1954,2459 1873,2419 1336,2397 1158,2430 914,2389"/>
                <Baseline points="930,2485 1031,2482 1132,2482 1233,2485 1334,2485 1435,2485 1536,2485 1637,2491 1738,2494 1839,2494 1940,2496 2041,2497 2142,2497 2243,2498 2344,2497 2445,2503 2546,2503 2647,2504 2748,2506 2849,2506 2950,2497"/>
                <TextEquiv>
                    <Unicode>Und daher konmt es, dass auch der selbstbewuss-</Unicode>
                </TextEquiv>
            </TextLine>
            <TextLine id="tr_1_tl_23" custom="readingOrder {index:22;}">
                <Coords points="871,2682 1379,2623 1586,2677 1927,2631 2034,2688 2542,2644 2714,2701 2739,2521 2432,2556 2206,2505 1755,2558 1578,2513 1317,2548 1242,2494 1064,2532 868,2481"/>
                <Baseline points="886,2610 979,2610 1072,2610 1165,2613 1258,2616 1351,2614 1444,2617 1537,2618 1630,2619 1723,2620 1816,2620 1909,2622 2002,2622 2095,2625 2188,2625 2281,2629 2374,2629 2467,2631 2560,2635 2653,2636 2747,2634"/>
                <TextEquiv>
                    <Unicode>teste Autor den jänmerlichsten Rezengentens</Unicode>
                </TextEquiv>
            </TextLine>
            <TextLine id="tr_1_tl_24" custom="readingOrder {index:23;}">
                <Coords points="882,2784 1704,2760 1795,2819 1879,2757 2698,2811 2889,2779 2889,2688 2741,2720 2650,2666 2360,2717 2107,2666 1532,2717 1306,2655 1145,2701 1024,2661 882,2688"/>
                <Baseline points="895,2747 995,2741 1095,2739 1195,2743 1295,2744 1395,2747 1495,2750 1595,2750 1695,2750 1795,2750 1896,2751 1996,2756 2096,2756 2196,2756 2296,2756 2396,2758 2496,2762 2596,2762 2696,2763 2796,2765 2897,2765"/>
                <TextEquiv>
                    <Unicode>genüber in dem Augenblick, da ihm dessen Worte-</Unicode>
                </TextEquiv>
            </TextLine>
            <TextLine id="tr_1_tl_25" custom="readingOrder {index:24;}">
                <Coords points="873,2911 1290,2884 1502,2937 1838,2884 1959,2927 2126,2889 2827,2940 2886,2908 2884,2827 2416,2835 2314,2787 2107,2846 1443,2784 871,2795"/>
                <Baseline points="889,2882 989,2873 1089,2871 1189,2873 1289,2876 1389,2879 1489,2879 1589,2879 1689,2882 1789,2882 1890,2883 1990,2887 2090,2888 2190,2885 2290,2888 2390,2891 2490,2894 2590,2894 2690,2894 2790,2895 2891,2885"/>
                <TextEquiv>
                    <Unicode>gedruckt-entgegenstarren,ein Gefühl der Unter-</Unicode>
                </TextEquiv>
            </TextLine>
            <TextLine id="tr_1_tl_26" custom="readingOrder {index:25;}">
                <Coords points="865,3021 2792,3034 2790,2932 2580,2911 1306,2943 863,2905"/>
                <Baseline points="880,3004 975,3004 1071,3004 1167,3004 1263,3002 1359,3005 1455,3007 1551,3007 1647,3010 1743,3011 1839,3017 1934,3019 2030,3016 2126,3016 2222,3016 2318,3019 2414,3025 2510,3025 2606,3027 2702,3028 2798,3028"/>
                <TextEquiv>
                    <Unicode>legenheit nicht völlig abzuwehren vermag.Er</Unicode>
                </TextEquiv>
            </TextLine>
            <TextLine id="tr_1_tl_27" custom="readingOrder {index:26;}">
                <Coords points="1158,3074 1282,3085 1344,3058 1518,3072 1518,3015 1443,3010 1403,3034 1357,3010 1322,3026 1287,3005 1250,3023 1226,3010 1158,3010"/>
                <Baseline points="1172,3055 1197,3057 1222,3059 1247,3060 1272,3059 1297,3055 1322,3052 1348,3049 1373,3053 1398,3055 1423,3055 1448,3054 1473,3052 1498,3052 1524,3052"/>
                <TextEquiv>
                    <Unicode>in geoben hal</Unicode>
                </TextEquiv>
            </TextLine>
            <TextLine id="tr_1_tl_28" custom="readingOrder {index:27;}">
                <Coords points="865,3169 1054,3136 1182,3179 1494,3142 1626,3198 2077,3150 2249,3195 2865,3174 2862,3069 2808,3064 2529,3104 2440,3064 1908,3093 1833,3056 1621,3088 863,3056"/>
                <Baseline points="877,3123 976,3123 1076,3126 1175,3126 1275,3129 1375,3129 1474,3132 1574,3132 1674,3135 1773,3135 1873,3137 1973,3136 2072,3138 2172,3144 2272,3144 2371,3145 2471,3150 2571,3153 2670,3153 2770,3155 2870,3159"/>
                <TextEquiv>
                    <Unicode>steht zum mindesten einer Majorität gegenüber.</Unicode>
                </TextEquiv>
            </TextLine>
            <TextEquiv>
                <Unicode></Unicode>
            </TextEquiv>
        </TextRegion>
    </Page>
</PcGts>
