3368 3624
2585 217 2988 365 Becevon
1290 387 3026 584 Ferner, da das Stück lang oder kurz ist,
1284 548 2929 716 ist es selbstverstäddlich entweder zu
1275 664 3048 834 lang oder zu kurz, der Autor ist entweder
1268 794 2871 962 breitspurig oder hat einen zu kurzen.
1239 919 3035 1096 Atem. Mit einem Nort,ehe so ein Kerl nur
1261 1053 2979 1230 anfängt Kritik zu üben, sich sachlich zu
1263 1187 3014 1360 äussern, ob seiner Ansicht nach dem Autor-
1261 1306 2891 1480 das, was dieser wollte, gelungen, hat er
1250 1433 2985 1612 Autor und Werk so gründlich angepöbelt,
1237 1581 2961 1713 dass er an seine eigentliche Arbeit mit
1234 1673 3032 1883 begreiflicher Müdigkeit und Unlust heran
1225 1831 1471 1937 kommt.
