<?xml version="1.0" encoding="UTF-8" standalone="yes"?>
<PcGts xmlns="http://schema.primaresearch.org/PAGE/gts/pagecontent/2013-07-15" xmlns:xsi="http://www.w3.org/2001/XMLSchema-instance" xsi:schemaLocation="http://schema.primaresearch.org/PAGE/gts/pagecontent/2013-07-15 http://schema.primaresearch.org/PAGE/gts/pagecontent/2013-07-15/pagecontent.xsd">
    <Metadata>
        <Creator>prov=READ-COOP:name=PyLaia@TranskribusPlatform:version=2.7.0:model_id=50870:lm=none:date=22_01_2024_20:04</Creator>
        <Created>2023-09-27T14:39:35.618+02:00</Created>
        <LastChange>2024-01-22T20:04:02.935+01:00</LastChange>
        <TranskribusMetadata docId="1589060" pageId="60125420" pageNr="8" tsid="145638132" status="IN_PROGRESS" userId="40391" imgUrl="https://files.transkribus.eu/Get?id=UOLURRWOQTQOENHGZRNICQRZ&amp;fileType=view" xmlUrl="https://files.transkribus.eu/Get?id=TWUVDXCYPWYTLDMFMNRRBAFZ" imageId="48550497"/>
    </Metadata>
    <Page imageFilename="1589060_0008.jpg" imageWidth="3336" imageHeight="3624">
        <ReadingOrder>
            <OrderedGroup id="ro_1711789384268" caption="Regions reading order">
                <RegionRefIndexed index="0" regionRef="tr_1"/>
            </OrderedGroup>
        </ReadingOrder>
        <TextRegion orientation="0.0" id="tr_1" custom="readingOrder {index:0;}">
            <Coords points="1155,351 1155,2449 3083,2449 3083,351"/>
            <TextLine id="tr_1_tl_1" custom="readingOrder {index:0;}">
                <Coords points="2945,428 2976,430 2983,425 2997,430 3005,423 3012,428 3019,423 3031,435 3067,430 3070,346 3058,346 3043,337 3014,349 3007,341 2995,341 2976,322 2947,325"/>
                <Baseline points="2958,397 2987,399 3016,399 3045,397 3074,397"/>
                <TextEquiv>
                    <Unicode>16.</Unicode>
                </TextEquiv>
            </TextLine>
            <TextLine id="tr_1_tl_2" custom="readingOrder {index:1;}">
                <Coords points="2505,541 2517,541 2538,560 2579,534 2647,531 2663,543 2683,541 2680,442 2618,445 2603,457 2572,457 2543,469 2519,450 2507,450"/>
                <Baseline points="2519,525 2547,527 2575,525 2604,522 2632,524 2660,523 2689,519"/>
                <TextEquiv>
                    <Unicode>sen</Unicode>
                </TextEquiv>
            </TextLine>
            <TextLine id="tr_1_tl_3" custom="readingOrder {index:2;}">
                <Coords points="1171,625 3048,625 3048,531 2872,517 2541,560 1171,522"/>
                <Baseline points="1185,608 1278,608 1371,608 1465,608 1558,608 1652,607 1745,606 1838,608 1932,608 2025,608 2119,608 2212,608 2305,605 2399,608 2492,603 2586,605 2679,605 2772,605 2866,605 2959,605 3053,611"/>
                <TextEquiv>
                    <Unicode>Berufskränkheit der Fritiker: Akkomodation</Unicode>
                </TextEquiv>
            </TextLine>
            <TextLine id="tr_1_tl_4" custom="readingOrder {index:3;}">
                <Coords points="2199,699 2216,699 2228,709 2257,685 2279,695 2303,685 2320,695 2394,695 2397,613 2322,613 2262,623 2238,615 2221,623 2202,618"/>
                <Baseline points="2212,683 2238,683 2265,682 2292,681 2319,680 2346,680 2373,680 2400,683"/>
                <TextEquiv>
                    <Unicode>guden</Unicode>
                </TextEquiv>
            </TextLine>
            <TextLine id="tr_1_tl_5" custom="readingOrder {index:4;}">
                <Coords points="1175,767 2130,752 2250,800 2940,760 2940,690 2836,656 2228,709 2113,651 1531,712 1464,673 1175,671"/>
                <Baseline points="1188,734 1275,737 1363,738 1451,739 1539,745 1627,741 1715,737 1803,737 1891,738 1979,739 2067,735 2154,738 2242,740 2330,737 2418,738 2506,737 2594,734 2682,734 2770,734 2858,734 2946,731"/>
                <TextEquiv>
                    <Unicode>krämpfe. Sie können ihr Auge nur auf eine</Unicode>
                </TextEquiv>
            </TextLine>
            <TextLine id="tr_1_tl_6" custom="readingOrder {index:5;}">
                <Coords points="1183,897 1668,877 2103,921 2269,882 2437,928 2534,875 2668,911 2762,865 2976,882 2947,743 2858,796 2120,781 2043,822 1404,827 1185,788"/>
                <Baseline points="1198,871 1287,868 1376,868 1466,871 1555,871 1644,871 1734,868 1823,865 1912,871 2002,865 2091,868 2180,868 2270,868 2359,865 2448,865 2538,868 2627,865 2716,865 2806,862 2895,865 2985,859"/>
                <TextEquiv>
                    <Unicode>gewisse Entfernung einstellen. In der Nähe</Unicode>
                </TextEquiv>
            </TextLine>
            <TextLine id="tr_1_tl_7" custom="readingOrder {index:6;}">
                <Coords points="1168,1058 1543,1007 1985,1041 2046,1000 2101,1036 2663,1043 2762,1000 2836,1038 2918,1007 3019,1070 2997,901 2901,942 2368,906 2135,937 2022,901 1868,957 1647,892 1397,952 1168,937"/>
                <Baseline points="1182,997 1274,997 1366,1000 1458,997 1550,997 1643,997 1735,997 1827,998 1919,999 2011,998 2104,1000 2196,998 2288,998 2380,997 2472,997 2565,998 2657,997 2749,997 2841,994 2933,991 3026,994"/>
                <TextEquiv>
                    <Unicode>sehen sie nicht deutlich. Tot sein, entfernt</Unicode>
                </TextEquiv>
            </TextLine>
            <TextLine id="tr_1_tl_8" custom="readingOrder {index:7;}">
                <Coords points="1197,1171 1308,1130 1490,1175 2195,1139 2418,1190 2538,1147 3046,1151 3046,1055 2880,1036 2723,1070 2279,1017 1808,1067 1529,1017 1197,1048"/>
                <Baseline points="1211,1131 1307,1128 1404,1128 1501,1130 1598,1129 1694,1128 1791,1125 1888,1128 1985,1128 2082,1127 2178,1128 2275,1128 2372,1128 2469,1125 2566,1128 2662,1125 2759,1126 2856,1124 2953,1125 3050,1125"/>
                <TextEquiv>
                    <Unicode>sein, ressenfrendsein, all das wird für. ihm</Unicode>
                </TextEquiv>
            </TextLine>
            <TextLine id="tr_1_tl_9" custom="readingOrder {index:8;}">
                <Coords points="1154,1284 2428,1272 2483,1308 2714,1269 2901,1303 2901,1187 2827,1168 2635,1199 2534,1161 2471,1202 2103,1161 1873,1204 1755,1161 1519,1216 1281,1209 1154,1154"/>
                <Baseline points="1167,1256 1254,1256 1341,1259 1428,1256 1515,1259 1602,1257 1689,1258 1776,1258 1863,1259 1950,1256 2037,1255 2124,1254 2211,1257 2298,1259 2385,1261 2472,1259 2559,1259 2646,1256 2733,1256 2820,1256 2907,1256"/>
                <TextEquiv>
                    <Unicode>Augen, wenn nicht ein Vorzug,so doch ein</Unicode>
                </TextEquiv>
            </TextLine>
            <TextLine id="tr_1_tl_10" custom="readingOrder {index:9;}">
                <Coords points="1156,1413 2363,1413 2560,1471 2829,1437 2829,1310 2740,1296 2589,1286 2481,1344 2041,1341 1851,1269 1738,1341 1675,1303 1156,1310"/>
                <Baseline points="1170,1385 1253,1385 1336,1387 1419,1388 1503,1388 1586,1389 1669,1388 1752,1388 1836,1386 1919,1387 2002,1386 2085,1386 2169,1388 2252,1385 2335,1385 2418,1388 2502,1385 2585,1387 2668,1387 2751,1386 2835,1388"/>
                <TextEquiv>
                    <Unicode>Milderungsgrund; die gegensätze darbn:</Unicode>
                </TextEquiv>
            </TextLine>
            <TextLine id="tr_1_tl_11" custom="readingOrder {index:10;}">
                <Coords points="1154,1538 2139,1570 2310,1529 2584,1584 2784,1507 2894,1536 2894,1449 2764,1421 2562,1469 2199,1411 1726,1483 1409,1430 1154,1464"/>
                <Baseline points="1167,1519 1253,1516 1340,1514 1426,1516 1513,1513 1599,1516 1686,1516 1772,1516 1859,1516 1945,1518 2032,1519 2119,1517 2205,1518 2292,1518 2378,1516 2465,1516 2551,1515 2638,1514 2724,1516 2811,1507 2898,1516"/>
                <TextEquiv>
                    <Unicode>auf der Welt sein, Nähe, Rassengleichheit,</Unicode>
                </TextEquiv>
            </TextLine>
            <TextLine id="tr_1_tl_12" custom="readingOrder {index:11;}">
                <Coords points="2750,1574 2832,1562 2875,1596 2904,1577 2985,1577 2978,1498 2940,1481 2923,1493 2899,1490 2848,1538 2788,1507 2747,1522"/>
                <Baseline points="2761,1552 2786,1554 2811,1555 2836,1557 2861,1559 2887,1560 2912,1563 2937,1567 2962,1567 2988,1567"/>
                <TextEquiv>
                    <Unicode>dlei Jer</Unicode>
                </TextEquiv>
            </TextLine>
            <TextLine id="tr_1_tl_13" custom="readingOrder {index:12;}">
                <Coords points="1151,1673 2904,1671 2904,1596 2800,1567 2096,1596 1930,1548 1671,1606 1536,1560 1151,1591"/>
                <Baseline points="1164,1647 1251,1647 1338,1644 1425,1647 1513,1646 1600,1652 1687,1653 1775,1648 1862,1647 1949,1645 2037,1645 2124,1644 2211,1645 2298,1643 2386,1645 2473,1644 2560,1645 2648,1647 2735,1644 2822,1644 2910,1644"/>
                <TextEquiv>
                    <Unicode>Mängel oder erschwerfende Umstände. Dies</Unicode>
                </TextEquiv>
            </TextLine>
            <TextLine id="tr_1_tl_14" custom="readingOrder {index:13;}">
                <Coords points="1144,1796 1757,1834 1858,1793 2053,1827 2421,1774 2735,1844 3000,1784 3000,1695 2897,1687 2791,1719 2728,1680 2211,1719 2072,1690 1868,1731 1743,1671 1594,1726 1461,1685 1353,1723 1144,1695"/>
                <Baseline points="1158,1770 1250,1773 1342,1776 1435,1777 1527,1778 1620,1774 1712,1774 1804,1776 1897,1777 1989,1772 2082,1775 2174,1774 2266,1773 2359,1773 2451,1773 2544,1773 2636,1773 2728,1773 2821,1776 2913,1773 3006,1770"/>
                <TextEquiv>
                    <Unicode>letztere gilt ganz besonders für den judi-</Unicode>
                </TextEquiv>
            </TextLine>
            <TextLine id="tr_1_tl_15" custom="readingOrder {index:14;}">
                <Coords points="1142,1935 2070,1981 2346,1901 2870,1921 2870,1839 2637,1815 1142,1827"/>
                <Baseline points="1155,1901 1241,1904 1327,1903 1413,1902 1499,1901 1585,1904 1671,1904 1757,1904 1843,1904 1929,1904 2016,1904 2102,1903 2188,1902 2274,1901 2360,1901 2446,1901 2532,1900 2618,1899 2704,1901 2790,1898 2877,1898"/>
                <TextEquiv>
                    <Unicode>schen vritiker, der hier in sothem Beruf</Unicode>
                </TextEquiv>
            </TextLine>
            <TextLine id="tr_1_tl_16" custom="readingOrder {index:15;}">
                <Coords points="2373,1988 2409,1973 2567,1973 2635,1998 2692,1969 2711,1988 2832,1990 2832,1923 2772,1904 2656,1928 2627,1904 2524,1923 2478,1904 2373,1928"/>
                <Baseline points="2385,1970 2410,1965 2435,1967 2460,1967 2485,1967 2510,1969 2536,1969 2561,1968 2586,1967 2611,1967 2636,1967 2661,1967 2687,1967 2712,1966 2737,1965 2762,1964 2787,1964 2812,1960 2838,1955"/>
                <TextEquiv>
                    <Unicode>anhaftende</Unicode>
                </TextEquiv>
            </TextLine>
            <TextLine id="tr_1_tl_17" custom="readingOrder {index:16;}">
                <Coords points="1147,2058 1952,2089 2187,2055 2387,2094 2603,2065 2709,2098 3079,2031 3062,1949 2635,2000 2377,1990 2255,1937 2125,1988 1798,1942 1647,1985 1147,1961"/>
                <Baseline points="1161,2032 1257,2030 1353,2030 1449,2032 1545,2030 1641,2031 1737,2032 1833,2032 1929,2032 2025,2032 2122,2033 2218,2031 2314,2031 2410,2029 2506,2035 2602,2036 2698,2033 2794,2032 2890,2030 2986,2032 3083,2020"/>
                <TextEquiv>
                    <Unicode>die einer mindern Sorte der Juden geschicht-</Unicode>
                </TextEquiv>
            </TextLine>
            <TextLine id="tr_1_tl_18" custom="readingOrder {index:17;}">
                <Coords points="1144,2180 1486,2204 1731,2168 1827,2219 2171,2178 2303,2207 2375,2168 2997,2187 2997,2103 2877,2074 1976,2115 1885,2062 1613,2055 1502,2120 1144,2086"/>
                <Baseline points="1158,2164 1250,2161 1342,2161 1434,2166 1527,2161 1619,2161 1711,2161 1803,2161 1896,2161 1988,2161 2080,2163 2172,2164 2265,2163 2357,2161 2449,2161 2541,2161 2634,2164 2726,2161 2818,2161 2910,2164 3003,2164"/>
                <TextEquiv>
                    <Unicode>lich, begründete Eigenschaft das Anschluss-</Unicode>
                </TextEquiv>
            </TextLine>
            <TextLine id="tr_1_tl_19" custom="readingOrder {index:18;}">
                <Coords points="1144,2353 1358,2298 1651,2339 1894,2298 2267,2341 2502,2298 2904,2308 2904,2216 2836,2204 2365,2231 2079,2192 1711,2240 1596,2209 1440,2255 1144,2185"/>
                <Baseline points="1158,2298 1245,2292 1333,2291 1420,2290 1508,2292 1596,2290 1683,2291 1771,2290 1858,2290 1946,2292 2034,2291 2121,2291 2209,2289 2296,2292 2384,2293 2472,2290 2559,2292 2647,2289 2734,2292 2822,2289 2910,2289"/>
                <TextEquiv>
                    <Unicode>suchen und Unterkriechen in seiner Weise</Unicode>
                </TextEquiv>
            </TextLine>
            <TextLine id="tr_1_tl_20" custom="readingOrder {index:19;}">
                <Coords points="1142,2428 1329,2493 1678,2519 1983,2440 2067,2481 2281,2428 2733,2440 2733,2346 2404,2351 2346,2315 2130,2370 1894,2329 1142,2356"/>
                <Baseline points="1155,2426 1234,2423 1313,2419 1392,2421 1472,2423 1551,2423 1630,2420 1709,2420 1789,2420 1868,2420 1947,2421 2026,2421 2106,2422 2185,2420 2264,2421 2343,2422 2423,2420 2502,2420 2581,2423 2660,2423 2740,2426"/>
                <TextEquiv>
                    <Unicode>zu betätigen nicht unterlassen kann.</Unicode>
                </TextEquiv>
            </TextLine>
            <TextEquiv>
                <Unicode></Unicode>
            </TextEquiv>
        </TextRegion>
    </Page>
</PcGts>
