3368 3624
2460 284 2857 438 Berenu
1170 518 2943 672 und nichts anderes geschrieben habe, dass
1176 643 2857 797 er just diesen Stoff und keinen andern
1163 755 2896 923 gewählt, ob es nun ein, moderner,ein his-
1183 890 2905 1075 torischer, ein sozialer oder din psycho-
1185 1026 2808 1192 logischer Stoff ist, es passt ihm eben
1176 1150 2804 1306 nicht. Er wünscht just das andere. Er
1176 1262 2835 1451 ist ferner indigniert über die Gesell-
1183 1366 2859 1577 schaftsschicht, die der Autor darstelit
1176 1533 2907 1692 Ob die Sache nun unter Künstlern (schon
1174 1678 2859 1848 wiederl),Aristokraten Ischon wiedert),
1174 1786 2943 1934 Bürgern oder Arbeitern spielt,es ist ihm
1176 1918 2940 2068 niht recht,es sollte wo anders spielen.
1174 2011 2887 2180 Ferner beklagt er sich darüber, dass der
1167 2176 2887 2337 Autor ein rrauerspiel resp., dass er- ein
1176 2315 2806 2445 Lustspiel gemacht hat.Denn der Renen-
1178 2436 2806 2601 sent findet, dass dieser Stoff sich zu
1176 2557 2841 2749 einem Lustspiel resp: zu einem Trauer-
1165 2683 2797 2854 spiel sich eigne. In eine berechtigte
2733 2760 2898 2868 odie
1161 2817 2890 2980 Nut aber gerät er, wenn eine Tragiksmite
1178 2956 2907 3101 vorliegt, denn narum hat: der Autor keine
1174 3055 2940 3238 Komödie oder keine Tragödie geschriebent
