3320 3640
972 301 1111 531 R
872 550 2963 780 Aus irgend einem Grund hat eine gewisse Art von
872 748 2982 932 Kritik es richtig gefunden die Entwicklung unse-
864 861 2980 1054 rer Kultur, insbesondere bei Betrachtung von Dra-
859 989 2934 1203 men, als nicht vomanden anzusehen. Sie ist noch
859 1116 2844 1322 immer dabei den sogenannten Kraftmenschen als.
842 1251 2990 1471 den geborenen Helden anzubeten uyd die vielfälti
842 1371 3018 1576 gen, die komplizierten Individuen als eine verächt-
834 1501 2078 1709 lichere sorte zu betradten.
