3384 3640
952 579 3076 776 k端mmere dich um alle Aeusserungen des Kritikers,
2710 709 2900 793 Werte
955 714 3130 876 insowd xax sie sich auf das wie deiner Arbeit be-
941 801 3049 1017 ziehen. Hier ka nn auch der d端nnste Rezensent zu-
1558 941 1839 1017 keige in
931 944 3059 1139 weilen einen guten Einfall haben. Lass dich aber
928 1085 3097 1298 durch die Einwendung keines Kritikers in Hinsicht
1396 1212 1750 1298 dem trut
2261 1225 2434 1309 die
925 1247 3062 1417 auf das Was beirren.(Auf ditem Gebietl wird auch
958 1388 3081 1526 der Kl端gste nur Insinn, im besten Fall Ueberfl端s-
936 1480 3040 1661 siges redensdenn deine Stoffe sind in den Bedin-
922 1620 3027 1826 gungen deiner Geburt, deiner Entwicklutg- und dei-
887 1745 1839 1934 Mer Onwelt gelegen.
