<?xml version="1.0" encoding="UTF-8" standalone="yes"?>
<PcGts xmlns="http://schema.primaresearch.org/PAGE/gts/pagecontent/2013-07-15" xmlns:xsi="http://www.w3.org/2001/XMLSchema-instance" xsi:schemaLocation="http://schema.primaresearch.org/PAGE/gts/pagecontent/2013-07-15 http://schema.primaresearch.org/PAGE/gts/pagecontent/2013-07-15/pagecontent.xsd">
    <Metadata>
        <Creator>prov=READ-COOP:name=PyLaia@TranskribusPlatform:version=2.7.0:model_id=50870:lm=none:date=22_01_2024_20:04</Creator>
        <Created>2023-09-27T14:39:39.839+02:00</Created>
        <LastChange>2024-01-22T20:04:08.907+01:00</LastChange>
        <TranskribusMetadata docId="1589060" pageId="60125530" pageNr="39" tsid="145638177" status="IN_PROGRESS" userId="40391" imgUrl="https://files.transkribus.eu/Get?id=AKGTXWFRUKRBMRXKGSOZRWUV&amp;fileType=view" xmlUrl="https://files.transkribus.eu/Get?id=LRCZYEOKIQSSEFONIKYSKCZZ" imageId="48550607"/>
    </Metadata>
    <Page imageFilename="1589060_0039.jpg" imageWidth="3352" imageHeight="3624">
        <ReadingOrder>
            <OrderedGroup id="ro_1711789438681" caption="Regions reading order">
                <RegionRefIndexed index="0" regionRef="tr_1"/>
            </OrderedGroup>
        </ReadingOrder>
        <TextRegion orientation="0.0" id="tr_1" custom="readingOrder {index:0;}">
            <Coords points="1265,345 1265,3241 3134,3241 3134,345"/>
            <TextLine id="tr_1_tl_1" custom="readingOrder {index:0;}">
                <Coords points="2701,489 2814,498 2847,469 2928,485 3002,536 3126,507 3135,337 3058,321 2984,363 2820,287 2710,334"/>
                <Baseline points="2716,426 2742,425 2768,424 2794,422 2820,420 2846,417 2872,414 2898,414 2925,413 2951,411 2977,411 3003,411 3029,409 3055,408 3081,408 3107,404 3134,397"/>
                <TextEquiv>
                    <Unicode>Hateugeb</Unicode>
                </TextEquiv>
            </TextLine>
            <TextLine id="tr_1_tl_2" custom="readingOrder {index:1;}">
                <Coords points="1580,534 1761,563 1887,547 2004,561 2001,469 1923,478 1905,464 1817,487 1694,458 1676,473 1577,478"/>
                <Baseline points="1591,534 1616,539 1642,544 1668,547 1694,549 1720,549 1746,549 1772,549 1798,547 1824,547 1850,548 1876,549 1902,549 1928,551 1954,552 1980,550 2006,552"/>
                <TextEquiv>
                    <Unicode>miner nict</Unicode>
                </TextEquiv>
            </TextLine>
            <TextLine id="tr_1_tl_3" custom="readingOrder {index:2;}">
                <Coords points="1328,615 1559,617 1636,678 2509,642 2668,689 3056,671 3054,597 2944,550 2390,577 2295,512 2096,583 1328,509"/>
                <Baseline points="1340,605 1430,605 1520,605 1611,611 1701,614 1792,614 1882,617 1973,617 2063,619 2154,620 2244,617 2335,620 2425,620 2516,623 2606,623 2697,623 2787,626 2878,626 2968,627 3059,626"/>
                <TextEquiv>
                    <Unicode>Und inser wfoder, womit uns der Theater-</Unicode>
                </TextEquiv>
            </TextLine>
            <TextLine id="tr_1_tl_4" custom="readingOrder {index:3;}">
                <Coords points="1328,749 1510,747 1611,803 2127,781 2208,826 2280,779 3007,754 2968,669 2814,698 2569,657 2475,707 2179,662 1948,700 1328,666"/>
                <Baseline points="1340,740 1423,740 1507,740 1590,743 1674,743 1758,741 1841,746 1925,743 2008,746 2092,748 2176,749 2259,749 2343,749 2426,750 2510,752 2594,752 2677,752 2761,755 2844,758 2928,753 3012,755"/>
                <TextEquiv>
                    <Unicode>kritiker schon in Friodenszeiten ange-</Unicode>
                </TextEquiv>
            </TextLine>
            <TextLine id="tr_1_tl_5" custom="readingOrder {index:4;}">
                <Coords points="2767,835 2879,828 2892,837 2935,819 2964,844 2982,837 3007,844 3007,774 2935,763 2894,783 2865,767 2832,781 2816,772 2800,783 2767,770"/>
                <Baseline points="2779,820 2804,820 2830,820 2856,820 2882,819 2908,817 2934,818 2960,820 2986,820 3012,823"/>
                <TextEquiv>
                    <Unicode>aato</Unicode>
                </TextEquiv>
            </TextLine>
            <TextLine id="tr_1_tl_6" custom="readingOrder {index:5;}">
                <Coords points="1317,933 1750,911 1889,956 1990,911 2134,940 2372,891 2793,927 2995,902 2995,848 2459,776 2098,835 1315,785"/>
                <Baseline points="1328,865 1411,871 1495,871 1578,871 1662,871 1746,872 1829,874 1913,877 1996,877 2080,875 2164,879 2247,882 2331,883 2414,882 2498,880 2582,883 2665,886 2749,884 2832,886 2916,883 3000,886"/>
                <TextEquiv>
                    <Unicode>odet und angekolt hatser tutl ineberen-</Unicode>
                </TextEquiv>
            </TextLine>
            <TextLine id="tr_1_tl_7" custom="readingOrder {index:6;}">
                <Coords points="1331,1079 3128,1037 3128,884 2771,967 2571,931 2517,965 2430,918 2266,958 2158,924 1934,963 1703,922 1328,936"/>
                <Baseline points="1340,1003 1429,1003 1519,1000 1609,1006 1698,1003 1788,1003 1878,1003 1967,1006 2057,1006 2147,1008 2237,1008 2326,1008 2416,1011 2506,1011 2595,1014 2685,1014 2775,1017 2864,1014 2954,1008 3044,1011 3134,1011"/>
                <TextEquiv>
                    <Unicode>deo, als näre er sein Leben lang von allen</Unicode>
                </TextEquiv>
            </TextLine>
            <TextLine id="tr_1_tl_8" custom="readingOrder {index:7;}">
                <Coords points="1324,1140 1611,1135 1840,1212 2087,1140 2174,1180 2248,1149 2939,1178 2937,1057 2894,1048 2423,1097 2298,1050 1324,1077"/>
                <Baseline points="1337,1131 1417,1128 1497,1128 1577,1129 1657,1131 1737,1134 1817,1133 1898,1134 1978,1134 2058,1137 2138,1134 2218,1139 2298,1139 2378,1140 2459,1140 2539,1140 2619,1143 2699,1143 2779,1143 2859,1143 2940,1140"/>
                <TextEquiv>
                    <Unicode>Anfechtungen frei geblieben, und hätte</Unicode>
                </TextEquiv>
            </TextLine>
            <TextLine id="tr_1_tl_9" custom="readingOrder {index:8;}">
                <Coords points="1333,1218 1344,1218 1373,1191 1447,1200 1550,1198 1550,1138 1503,1147 1458,1144 1434,1133 1418,1140 1400,1131 1382,1140 1362,1133 1333,1138"/>
                <Baseline points="1346,1191 1372,1191 1398,1191 1424,1191 1450,1192 1476,1194 1502,1193 1528,1191 1555,1191"/>
                <TextEquiv>
                    <Unicode>jenen</Unicode>
                </TextEquiv>
            </TextLine>
            <TextLine id="tr_1_tl_10" custom="readingOrder {index:9;}">
                <Coords points="1288,1297 1553,1328 2971,1297 2968,1200 2915,1196 1878,1214 1636,1200 1586,1160 1286,1227"/>
                <Baseline points="1301,1256 1384,1256 1468,1254 1552,1258 1636,1259 1719,1259 1803,1263 1887,1265 1971,1265 2054,1265 2138,1266 2222,1268 2306,1268 2389,1268 2473,1271 2557,1271 2641,1271 2724,1271 2808,1272 2892,1274 2976,1271"/>
                <TextEquiv>
                    <Unicode>Ihm von Gott eingepklanzten rrieb aus-</Unicode>
                </TextEquiv>
            </TextLine>
            <TextLine id="tr_1_tl_11" custom="readingOrder {index:10;}">
                <Coords points="1295,1445 1889,1470 2111,1418 2336,1456 2666,1400 2910,1425 2910,1319 2657,1353 2248,1310 2154,1348 2042,1301 1918,1340 1658,1306 1295,1333"/>
                <Baseline points="1307,1388 1387,1388 1467,1388 1548,1386 1628,1388 1709,1388 1789,1393 1870,1394 1950,1391 2031,1394 2111,1394 2191,1394 2272,1397 2352,1397 2433,1400 2513,1397 2594,1399 2674,1400 2755,1400 2835,1400 2916,1400"/>
                <TextEquiv>
                    <Unicode>schlieslich zu Fortpflanzungszwecken.</Unicode>
                </TextEquiv>
            </TextLine>
            <TextLine id="tr_1_tl_12" custom="readingOrder {index:11;}">
                <Coords points="1310,1526 1490,1515 1694,1591 1974,1528 2064,1571 3009,1566 2989,1423 2942,1454 2832,1423 2749,1483 2558,1440 2452,1481 2100,1436 1310,1467"/>
                <Baseline points="1322,1510 1406,1513 1491,1513 1575,1516 1660,1518 1744,1517 1829,1517 1913,1519 1998,1522 2082,1522 2167,1522 2251,1522 2336,1524 2420,1525 2505,1528 2589,1528 2674,1530 2758,1528 2843,1531 2927,1531 3012,1531"/>
                <TextEquiv>
                    <Unicode>und selbstverständlich nur zu legitimen</Unicode>
                </TextEquiv>
            </TextLine>
            <TextLine id="tr_1_tl_13" custom="readingOrder {index:12;}">
                <Coords points="1292,1651 1456,1649 1524,1707 1957,1721 2060,1678 2331,1714 2437,1674 2859,1683 2881,1602 2751,1562 2556,1591 2504,1550 2331,1607 2051,1559 1932,1598 1860,1564 1290,1586"/>
                <Baseline points="1304,1638 1383,1641 1462,1643 1541,1645 1621,1647 1700,1650 1779,1648 1858,1647 1938,1650 2017,1650 2096,1650 2175,1648 2255,1650 2334,1650 2413,1655 2492,1655 2572,1656 2651,1656 2730,1656 2809,1656 2889,1659"/>
                <TextEquiv>
                    <Unicode>betätigt. Er selber beschäftigt sich</Unicode>
                </TextEquiv>
            </TextLine>
            <TextLine id="tr_1_tl_14" custom="readingOrder {index:13;}">
                <Coords points="1292,1788 1449,1775 1571,1849 1954,1802 2885,1838 2883,1721 2818,1707 2630,1730 2230,1683 2024,1730 1797,1694 1389,1728 1292,1692"/>
                <Baseline points="1304,1773 1383,1775 1462,1773 1541,1773 1620,1773 1699,1775 1778,1776 1857,1777 1936,1779 2015,1779 2095,1779 2174,1778 2253,1782 2332,1782 2411,1784 2490,1782 2569,1783 2648,1785 2727,1785 2806,1788 2886,1794"/>
                <TextEquiv>
                    <Unicode>ausschliosglich mit philosophischen,</Unicode>
                </TextEquiv>
            </TextLine>
            <TextLine id="tr_1_tl_15" custom="readingOrder {index:14;}">
                <Coords points="1279,1930 1447,1900 1721,1952 2051,1936 2172,1981 2583,1918 2870,1981 2921,1957 2919,1840 2672,1853 2520,1811 2423,1842 2360,1806 1939,1822 1851,1865 1461,1815 1277,1844"/>
                <Baseline points="1292,1904 1373,1901 1455,1902 1537,1901 1619,1901 1701,1901 1782,1901 1864,1906 1946,1905 2028,1909 2110,1908 2191,1910 2273,1910 2355,1910 2437,1913 2519,1912 2600,1911 2682,1913 2764,1916 2846,1916 2928,1913"/>
                <TextEquiv>
                    <Unicode>politischen und sozialen Problemen.Er</Unicode>
                </TextEquiv>
            </TextLine>
            <TextLine id="tr_1_tl_16" custom="readingOrder {index:15;}">
                <Coords points="1297,2060 1409,2111 1521,2064 1604,2107 2102,2062 2459,2087 2607,2046 2921,2084 2919,1959 2632,1997 2017,1963 1876,1999 1817,1963 1528,1986 1295,1950"/>
                <Baseline points="1307,2026 1387,2029 1468,2028 1549,2030 1630,2029 1710,2029 1791,2029 1872,2032 1953,2035 2033,2035 2114,2038 2195,2038 2276,2037 2356,2039 2437,2040 2518,2041 2599,2041 2679,2041 2760,2044 2841,2042 2922,2044"/>
                <TextEquiv>
                    <Unicode>erfährt immer nur aus diesen vertrak-</Unicode>
                </TextEquiv>
            </TextLine>
            <TextLine id="tr_1_tl_17" custom="readingOrder {index:16;}">
                <Coords points="1292,2170 1474,2158 1541,2224 2549,2181 2618,2215 2677,2179 2841,2206 2838,2114 2542,2078 2208,2127 1977,2071 1757,2116 1651,2084 1290,2111"/>
                <Baseline points="1304,2158 1381,2158 1458,2160 1535,2158 1612,2161 1689,2161 1766,2161 1844,2161 1921,2164 1998,2164 2075,2164 2152,2164 2229,2169 2306,2167 2384,2167 2461,2170 2538,2171 2615,2170 2692,2173 2769,2173 2847,2176"/>
                <TextEquiv>
                    <Unicode>ton Thatorstücken, dass es so etwas</Unicode>
                </TextEquiv>
            </TextLine>
            <TextLine id="tr_1_tl_18" custom="readingOrder {index:17;}">
                <Coords points="1283,2331 1566,2363 1746,2322 1945,2356 2452,2309 2500,2342 2863,2327 2863,2257 2737,2221 1283,2233"/>
                <Baseline points="1295,2283 1373,2286 1452,2286 1530,2289 1609,2286 1688,2289 1766,2292 1845,2292 1924,2292 2002,2292 2081,2293 2160,2295 2238,2295 2317,2296 2396,2297 2474,2298 2553,2298 2632,2298 2710,2298 2789,2298 2868,2298"/>
                <TextEquiv>
                    <Unicode>nie Liebosverhältnisse und Ehebrüche</Unicode>
                </TextEquiv>
            </TextLine>
            <TextLine id="tr_1_tl_19" custom="readingOrder {index:18;}">
                <Coords points="1283,2439 1627,2497 1891,2450 2096,2502 2221,2450 2347,2493 2612,2432 2868,2464 2868,2387 2798,2363 2033,2325 1952,2369 1283,2351"/>
                <Baseline points="1295,2426 1378,2415 1461,2415 1544,2416 1627,2416 1710,2417 1793,2417 1876,2417 1959,2419 2042,2423 2126,2420 2209,2421 2292,2423 2375,2426 2458,2423 2541,2423 2624,2426 2707,2428 2790,2429 2874,2426"/>
                <TextEquiv>
                    <Unicode>gibt, und nabht inmer wieder die Ent-</Unicode>
                </TextEquiv>
            </TextLine>
            <TextLine id="tr_1_tl_20" custom="readingOrder {index:19;}">
                <Coords points="1277,2574 2271,2551 2500,2616 2650,2569 2948,2609 2962,2459 2686,2500 2475,2466 2282,2511 2179,2470 2098,2504 1741,2455 1627,2497 1274,2473"/>
                <Baseline points="1286,2543 1370,2543 1454,2546 1538,2548 1622,2548 1707,2549 1791,2548 1875,2546 1959,2549 2043,2549 2128,2549 2212,2551 2296,2552 2380,2553 2464,2555 2549,2556 2633,2558 2717,2558 2801,2559 2885,2557 2970,2558"/>
                <TextEquiv>
                    <Unicode>deckung, dass der Autor nichtsotna irgem</Unicode>
                </TextEquiv>
            </TextLine>
            <TextLine id="tr_1_tl_21" custom="readingOrder {index:20;}">
                <Coords points="1279,2722 1757,2681 2114,2731 2188,2688 2374,2728 2500,2688 2915,2697 2915,2616 2811,2598 2632,2639 2421,2596 1916,2625 1557,2592 1429,2627 1279,2587"/>
                <Baseline points="1292,2668 1373,2671 1454,2671 1536,2674 1617,2674 1698,2677 1780,2677 1861,2678 1942,2678 2024,2681 2105,2683 2186,2683 2268,2681 2349,2682 2430,2683 2512,2685 2593,2686 2674,2686 2756,2686 2837,2686 2919,2689"/>
                <TextEquiv>
                    <Unicode>eine Situation gestaltet oder zum min-</Unicode>
                </TextEquiv>
            </TextLine>
            <TextLine id="tr_1_tl_22" custom="readingOrder {index:21;}">
                <Coords points="1277,2823 2968,2827 2968,2751 2856,2726 1277,2728"/>
                <Baseline points="1289,2797 1373,2803 1457,2805 1541,2804 1625,2804 1710,2809 1794,2809 1878,2809 1962,2809 2046,2809 2131,2811 2215,2812 2299,2814 2383,2812 2467,2812 2552,2815 2636,2818 2720,2818 2804,2816 2888,2818 2973,2812"/>
                <TextEquiv>
                    <Unicode>deston dramätioch darzustellen voraw H</Unicode>
                </TextEquiv>
            </TextLine>
            <TextLine id="tr_1_tl_23" custom="readingOrder {index:22;}">
                <Coords points="1270,2944 1777,2942 1914,2980 2022,2937 2318,2982 2443,2946 2504,2986 2592,2957 2847,2993 2953,2975 2951,2850 2401,2892 2295,2856 2152,2897 2053,2856 1784,2885 1647,2854 1586,2892 1268,2852"/>
                <Baseline points="1283,2931 1366,2934 1450,2936 1534,2937 1618,2936 1701,2937 1785,2937 1869,2937 1953,2940 2036,2937 2120,2938 2204,2940 2288,2940 2371,2943 2455,2946 2539,2946 2623,2946 2706,2948 2790,2949 2874,2949 2958,2952"/>
                <TextEquiv>
                    <Unicode>hat, sondern dass der Autor mit dem, nas</Unicode>
                </TextEquiv>
            </TextLine>
            <TextLine id="tr_1_tl_24" custom="readingOrder {index:23;}">
                <Coords points="1261,3083 1481,3110 1786,3074 1968,3121 2125,3069 2791,3099 2807,3007 2684,3027 2556,2968 2421,3002 2248,2957 2172,3011 1936,2971 1799,3016 1259,2966"/>
                <Baseline points="1274,3062 1350,3062 1427,3062 1504,3065 1581,3065 1658,3068 1735,3068 1812,3068 1889,3071 1966,3070 2043,3071 2119,3068 2196,3070 2273,3071 2350,3071 2427,3073 2504,3073 2581,3074 2658,3077 2735,3076 2812,3074"/>
                <TextEquiv>
                    <Unicode>er schildert, irgend ein Beiepiol zu</Unicode>
                </TextEquiv>
            </TextLine>
            <TextLine id="tr_1_tl_25" custom="readingOrder {index:24;}">
                <Coords points="1252,3222 1461,3258 1685,3211 1844,3260 2448,3220 2865,3274 2899,3271 2899,3139 2578,3157 2242,3096 2051,3146 1847,3110 1782,3152 1250,3126"/>
                <Baseline points="1265,3203 1351,3200 1437,3200 1523,3197 1610,3200 1696,3200 1782,3200 1868,3199 1955,3200 2041,3203 2127,3205 2213,3203 2300,3203 2386,3206 2472,3206 2558,3209 2645,3206 2731,3211 2817,3212 2904,3215"/>
                <TextEquiv>
                    <Unicode>geben, also zu den, was der Theaterkri-</Unicode>
                </TextEquiv>
            </TextLine>
            <TextEquiv>
                <Unicode></Unicode>
            </TextEquiv>
        </TextRegion>
    </Page>
</PcGts>
