3352 3640
2875 198 3018 322 162
2925 375 3140 508 18
1042 608 2950 772 Der Eine fand: Er hat viel Mitz und Phanta-
1045 742 2582 918 sie, nur mangelt es ihm an Klarheit.
1045 850 3020 1055 Der Andere:Er ist klug und belesen, nur fehlt
1048 992 1920 1165 es ihm an Erfindung.
1040 1100 2840 1268 der Dritte: pr hat Begabung für Stimmung.
1052 1245 2362 1400 doch fehlt ihm die Schlagkraft
1042 1352 2970 1535 Der Vierte: Er hat Sinn für Effekte, doch ist
1045 1510 2442 1652 Führung und Sprache roh.- u.s.f.
1025 1595 3022 1820 Endlich fasste einer zusammen: Es mangelt ihn
1038 1768 3042 1960 an Klarheit, Erfindung, Feinheit und Schlagkraft
