3352 3640
2482 311 3030 503 Hatemrllih
1279 546 2836 749 von dieser Angewohnheit frei machen
1281 673 2878 897 dollte, unso weniger als er ja- diesen
1295 810 2876 1015 Standpunkt gegen die Autoren auszu-
1281 959 2909 1114 nützen in derstage ist. Der Theaterkri-
1284 1064 3079 1223 tiker weise auch nichts davon, dass quade
1286 1208 2824 1404 aysh das, was er Sittlichkeit nonnt,
1279 1324 2925 1509 noch niem k so tief gesunken war,wie
1279 1456 2970 1655 in diesem Kriöge: Es ist ihm unbekannt,
1279 1594 2936 1798 dass der Ehebruch sowohl unter den in
1295 1717 2941 1903 Folde stehenden Männern, als unter den
1297 1825 2974 2004 daheingebliebenen Frauen ein aussöror-
1281 1968 2887 2120 dentlich häufiges Vorkommie ist; er
1284 2093 2999 2256 weiss nichte davon, dass wegen der unga-
1284 2223 2938 2375 heueren Ausbreitung der Syphille eine
1281 2366 2994 2527 ganze Roihe von Spitälern im Hinterlan-
1295 2491 2979 2697 de berichtet worden aussen. Er gebärdet
1290 2616 3001 2771 sich inher wieder so,els wenn die Frau
1297 2744 2894 2914 en daheim ausschliesslich iefasn und
1295 2876 2941 3093 neinen und die Wänner draussen keiner
1304 3010 2985 3171 anderen Versuchung untorliegen würden.
1295 3120 2862 3377 els zu isten und getotot zu vorden.
