3368 3624
2411 232 2873 403 Rehucle lin
1254 705 2976 860 Wenn man ihre Referate liest, man sollte
1254 869 3014 1011 glauben, dass sie Tag und Nacht au nichts
1585 950 1911 1038 in intelg
1240 973 3041 1164 anderes denkenswie die lage des arbeiten.
2542 1085 2814 1175 dasie
1229 1114 2920 1290 den Volkes zu verbessern wäre, sich die
1220 1252 3028 1412 Augen ausmeinen über das Elend des Prole
1243 1373 2911 1533 teriates, sich den Kopf zerbrechen über
1229 1495 2904 1666 das Verhältnissihres Staates zu dan an-
1222 1621 3005 1778 dern Staateh und das Verhältnis der Erde
1222 1760 1889 1911 zum Weltganzen.
1220 1875 2947 2062 Dass sie nur mit den erlesensten Köpfen
1216 2013 2942 2170 verkehren, in Kreisen von Staatsmännern,
1211 2127 2107 2299 Gelehrten, Künstlern.
1211 2260 2949 2429 dass sie ihre grösseren oder geringeren
1200 2382 2974 2546 geschlechtlichen Talente ausschliesslich
1202 2537 2922 2724 zur legitimen Fortpflanzung ihrer Kasse
1200 2663 1650 2837 ausnützen.
