3352 3624
1052 672 1266 827 grose
1044 1799 1230 1947 dor
2787 155 2955 250 n
1300 530 2991 700 Die grästen Triumphe feiert in dieser
1309 672 2993 868 Zoit die Verlogenheit der Daheingeblie
1307 817 2925 972 benen und unter diesen wie selbstver-
1296 946 2936 1107 ständlich die der Theaterrezensenten.
1296 1078 2946 1211 Für sie war der. Neltkrieg eben gut ge-
1288 1186 2889 1341 nug, um ein neues. unrichtiges Mass. zu
1300 1317 2917 1466 finden. Und sie entrüsten sich obenso
1672 1413 2005 1498 uber ein
1279 1479 2830 1616 ehrlich, wenn das Produkt, des oto zu
2157 1557 2410 1640 ea e
1277 1597 2826 1746 besprecken haben,es nagt sie an den
2558 1659 2951 1782 te einr
1279 1684 2626 1892 Koltkriog zu orinnern.n1 vom
2573 1816 3006 1909 abitdere
1254 1833 2915 2011 nietts vom diesen Koltkriog zu riven
1271 1949 2874 2132 scheint. Jodenfalls gebärden sie sloh-
1258 2092 2722 2263 immer wieder als diejenigen Leute
1264 2195 2900 2378 denen nichts mehr am Herzen liegt, als
1247 2350 2951 2507 das Fohl des Staates und ganz insbeson
1256 2478 2881 2656 dere Sittlichkeit. Dass die Sittlich-
1254 2605 2919 2772 keit immer wieder ungefähr mit der Un-
1256 2732 2942 2910 drückung des Geschlechtstriebes identi
1247 2862 2834 3021 Eiziort wird, ist eine alte Angewohn-
1230 2993 2934 3161 heit der Deutschen und man wüeite nkh
1245 3129 2883 3277 nerum gerade der Thoaterkritiker sich
