3352 3624
1197 564 2925 750 Die misten Rezengenten EpintnndEnnaxxx
1236 688 2957 871 wassen sich immer wieder eine Richterol
1204 830 2962 1002 ie nicht nur in der ästhätischen, sondern
1204 931 1376 1032 auch
1194 967 2934 1132 in moralischen Fragen an.Dazu ist natür-
1176 1087 2909 1226 lich Voraussetzung, dass sie sich selbst
1220 1220 3058 1392 so gebärden, als wären sie Menschen von be-
1176 1350 2820 1504 sonders hohen moralischen Qualitäten.
1178 1469 2999 1660 solch ein Kritiker ist vor allem ein Mann
1183 1637 2987 1777 von unbeugsamer Konsequenz, und so kann er
1447 1724 1738 1802 ricutm
1169 1745 2934 1903 nicht aders als Gestalten,die der Dich-
1167 1868 2962 2029 ter als schwankend, oder sogar haltlos ge-
1160 1990 2884 2157 zeiehnet hat, mit gebührender Verachtung
1167 2121 2856 2288 zu behande ln Erist stets ein Held,der
1158 2247 2902 2428 dem Tode mannhaft ins Auge sieht und zö-
1160 2391 2877 2526 gert daher keinen Augenblick Gestalten,
1155 2513 2923 2687 die der Dichter als vor dem Tede bangend
1149 2648 2962 2795 hinstellte, schwäcjlich und feig zu nennen
1387 2760 1944 2834 muoellicioner
1151 2783 2983 2909 undden Dichter selbst für die Eigenschaf-
1151 2902 2980 3079 ten sd mr Gestalten verantwörtlich zu na-
1139 3028 2983 3212 chen. Er tut ferner so,als beschäftigte er
