3352 3640
899 517 1085 708 Rr
1003 674 2945 851 solche r lauterkeit, solcher Weisheit und sol
1025 834 2870 1027 chem Mut auf höheren und weiteren Gebieten
1023 945 2877 1151 für die Menschheit leisten,als er diaxEEIx
1027 1090 2804 1257 AAxuharxatar das Schreiben von Kritiken
1023 1214 2860 1395 über die literarischen Erscheinungen des
1027 1342 2937 1525 Tags nun einmal ist. Und wie kommt es fragt
1025 1477 2833 1639 man sich an Schluss, dass die se leute, wenn
1025 1591 2877 1772 sio sich einmal selbst eines dichterischen
1066 1733 2809 1893 Versuchs unterfangen, nicht nur den glei-
1030 1866 2828 2009 chen künstlorischen, sondern auch den glei
1027 1992 2768 2135 chen henschlichen Schwächen unterworfen.
1040 2110 2877 2330 scheinen, über die sie, wenn sie sie bei An-
1018 2210 2930 2437 dorn zu entdecken glaubten, in Hohn, Empörung
1047 2376 2582 2616 oder ger Vormeiflung geraten sind.
