3352 3640
2712 530 2885 633 lumn
2475 520 2657 649 hale
1893 734 2351 861 leisten.
2676 686 2973 866 nisllch
1174 707 2040 893 sctmniert, un das zu.
2830 829 2970 997 tin
1177 840 2167 997 Krit ik genannt wird, was :
2031 979 2397 1059 112
1186 976 2616 1140 ist, in den meisten Fällen abel nicht
1190 1098 3039 1248 als Geschnätz, niemandem nütze als dem Schwätzer
1188 1207 2885 1384 selbst, sai es, dass er Geld drfür einsteckt
1183 1356 2959 1510 oder sich mindestens ein paar Augenhltd.e als
1177 1490 2973 1639 wichtig vorkommen dürfte. Doch ich will genau-
1197 1603 2871 1768 setn. Zupellan gibt es doch einen oder den
1186 1743 2894 1902 andem, der ein BenürMis hat sich mit einem
1181 1870 2862 2010 Werh auseinanderzusetzen, wür's auch nur, um
1172 1992 2498 2171 gegen des Werh Recht zu behalten.
