3352 3640
2884 194 3025 357 166
2895 337 3071 500 16
1006 574 2956 720 Erzähle eine geschichte leidenschaftlichster
998 727 2989 865 Art mit Zartheit und Geschmack,gestalte einen
1006 847 2981 1003 schwankenden irrenden Menschen mit sicherstor-
1001 947 2851 1118 Hand; - der Recensent wird daraufhin deine
988 1095 2810 1251 Kunst schwächlich oder dekadekt schätzen.
993 1218 2946 1378 Als ob es in der Kunst eine andere Kräft gä-
993 1345 2900 1516 be als die der Gestaltung und des Ausdrucks
985 1468 2889 1618 Und als ob eine geringere Kraft dazu gehör-
990 1600 3004 1764 te einen sogenannten Schwächling zu gestalten,
993 1725 2989 1897 als einen Helden. Und als ob in einem Schwäch-
1006 1866 2930 2032 ling sich die welt nicht ebenso seltsam oder
993 1983 2897 2147 auch seltsamer spiegeln könnte, als in einem
980 2103 2986 2277 Helden. Und als ob endlich der Niedergang und-
985 2241 2918 2410 die Wiederlage nicht ein ebenso würdiges Ob-
1001 2374 2951 2522 jekt der künstlerischen Darstellung bedeuten.
980 2499 3027 2672 könnte als der Ahxtix Aufstieg und der Triumch,
