3352 3640
2830 181 3045 320 190.
679 181 1049 336 S. Alt
684 315 989 540 M. Al
2811 362 3066 548 2802
936 454 2942 695 Es scheint füroftrete sonderbar, dass Schrift-
913 637 2921 821 steller, die durch Einsicht in sich selbst und
913 771 2942 949 in Thra Ungebung sich gegen Angriffe Unverstär-
2439 941 2872 1080 itiker in-
2182 965 2313 1073 ger
863 910 2106 1096 Aisor, partaischer und schäs
897 1031 2866 1230 nerlich gekeit fühlen sollten, sich (vielmehrt
1789 1159 2004 1246 dun in
850 1170 2914 1335 bei solchen Gelegenheiten vorstimmt, verletzt,-
947 1288 1075 1382 in
897 1296 2853 1513 zu einer-Freiderung menn nicht gar zur Rache
850 1429 1673 1587 aufgelegt finden.
839 1508 2646 1731 Und dochlist diese Reaktion begreiflich.
847 1699 2798 1867 Denn l. einmal gibt es auch für den selbstsi-
886 1844 2840 2001 chorsten Autor Augenblicke, in denen orsseiner
892 1941 2838 2132 und seines Talents sichöllig gewiss dünkt,
850 2080 2958 2263 2.steckt auch in den törichsten und gehässigsten
889 2232 2882 2400 rritiken okt genug ein Fünkchen Mahrheit und
852 2360 2751 2518 3. besteht das Charakteristische der Kritik
894 2484 2932 2662 nieht nur darin,, dass einer da ist, der sie nie
842 2612 2706 2782 dergeschrieben, sondern vielmehr darin, dass
858 2743 2785 2921 Viélé da sind, die diese Kritik lesen, und die
892 2890 2848 3042 selbst, wenn sie zu einer anderen Angieht prä-
844 3018 2874 3181 disponiort waren,sich aus Schwächie, ausBequen-
837 3129 2827 3299 lichkeit, aus Ankenntnis der Tatsachen auf die
