3352 3656
2518 185 3071 404 Socielt. Reck
766 438 2799 707 Entbehrung aut der anderen Seite,wird äusserst
772 601 2998 831 selten als treibendes Motiv in Verwendung gezogen.
783 764 2816 974 (kabale und Liebe), dann orst nieder Hobbel mit
775 915 1480 1070 Maria Magdalena.
783 946 2858 1204 Die noderna sorlaldenokpptieterende Kritik Eine
786 1159 2937 1334 damit an es den Dichtern anzukreiden, wenn sie ge-
786 1277 2937 1449 sättigte gdergar wohlhabendd Leute auf die Bühne
1165 1398 1920 1485 er walti nusoten
789 1401 2953 1597 brachten, sos sotfdenn in polemischer Absicht).Auch
792 1536 2934 1713 dies war natürlich nicht in ästhetischen Erwägun-
803 1662 2953 1850 gen begründet, sondern in der alton Erfahrung, dass
795 1766 2987 1971 der Kritikor seiner ganzen inneren Anlage nach im
795 1912 3021 2106 mer wieder nachshassen sucht, um Kunstwerke in einr
803 2033 2948 2254 zu messen, wolche Magge, wenn sie nicht aus dem Ge-
792 2170 2956 2389 biot des Rosthotischen genomnen worden, vottkonnen
795 2302 2959 2518 an in Wicklichkeit niht bräuchbar sind. Man erin-
811 2437 3063 2614 nort sich au die alte Schersfrage, wenn von Nien
820 2569 2993 2757 nach Kagran sochie Kilometer sind, mie teuor ist eh
811 2715 2134 2892 Schock Eier in Granatneusiedi?
