3368 3656
816 512 1009 679 ke.
2888 205 3020 326 162
1128 700 2974 939 „Monn wir zufällig die dranatische Technik
1104 797 2974 1046 gelernt hätten statt der journalistischen,
1104 939 2757 1125 so wären wir oben-pramatiker geworden?
1093 1081 2923 1295 so schrieb vor etlichen Jahren oin Kriti-
1072 1197 2899 1418 ker in einem Weltblatt. Man darf nun kei-
1072 1332 2781 1511 neswegs. die Hoffnung aufgeben, dass ihm
1076 1460 2881 1681 bald einwal ein drama gelingen wird, denn,
1065 1583 2890 1804 wie aus jenem oben zitierten Satzhorvor-
1065 1714 2804 1958 geht, die journalistische Technik hat er
1063 1839 1988 2023 keineswags gelornt.
