3368 3656
2882 202 3019 312 166
2485 436 2799 614 How
1233 628 3065 777 genehmen Form verabreicht werden? Und das
1233 736 2840 915 sie von der Sprache, vom Stil so wenig
1229 871 2999 1034 verstehen,wie ein unmusikalischer Mensch-
1238 997 3015 1171 von Melodie. So wie der wahrhaft musikali
1804 1116 2423 1213 nci arnaturre urhum
1229 1151 3015 1272 sche Mensch eine Ausnahme ist, ist es auch
1220 1249 2976 1428 der mit wirklichem Sprachgefühl, und die-
1231 1392 2987 1559 sen besseren Menschen wird der Geschmack
1222 1513 3065 1683 nicht verdorben, auch wenn sie gelegentlich
1229 1628 3008 1823 Eine schlecht geschriebene Zeitung durch
1222 1772 2928 1946 fliegen oder sich eine mässige Operette
1217 1912 3008 2070 anhören;während eine Verbesserung des Ge-
1208 2045 2928 2219 schmackes, eine Erziehung des Publikums,
1208 2155 2889 2352 wie jalrhundertelange Erfahrung lehrt,
1210 2309 2939 2425 stets ein Wahn bleiben wird. Wir wollen
1210 2421 2973 2595 es als glücklichen zufall begrüssen, wenn
1210 2556 2928 2726 wir einem anständig geführten und leid-
1217 2687 2980 2856 lic gutgeschriebenen Platt begegnen und
1201 2843 2840 2987 wenn ein gefälliges Theaterstück auch
1201 2934 3033 3138 künstlerischen Ansprüphen zu genügen weiss,
1199 3067 2950 3265 Hoffnungen für die Antwicklung des Ge-.
1233 3212 3067 3375 schmackes und der Moral sind an solche zu-
1254 3306 2187 3457 älle nicht zu knüpfen.
