4913 3452
235 376 2195 598 mein Buch hauptsächlich damit Sie auch ein
246 508 2301 735 wenig daraus auf ihren, wie ich bin. Ich
260 684 2298 887 habe in dieses Buch viel hineingepresst. Ich
230 860 2247 1014 weiß, Allede über das Leben zu sagen —
241 960 2336 1152 und um es nicht mehr in politischen Artikeln
227 1098 2398 1236 über Frankreich sagen zu müssen, die Stimmend
241 1249 2355 1422 lieht, wie ich nach China gegangen. Aus
214 1379 2282 1568 Angst, daß meine Stimme an großer Chor
216 1495 2268 1698 der Tagespresse ungehört verhällt, habe ich
224 1603 2385 1833 mir rasch Manches, von der Seele geschrieben
216 1787 2274 1990 - in chinesischen Reisüberichten. Ob es der steht
246 1941 2366 2149 oder wo anders, ist eigentlich gleichgiltig für
235 2058 2204 2298 den, der zu sehen versteht. Der wer
224 2260 2217 2458 versteht zu sehen? Man hat mein Buch
227 2401 2166 2609 hier im Allgemeinen als u. amusante
243 2531 2320 2763 Reiselektüre abgethan. Ich schwere Thüre,
246 2671 2344 2936 daß es mehr ist. Und ich sondern es ihnen,
270 2869 2358 3023 weil ich überzeugt war, daß gerade Sie
262 2980 2323 3153 begrifen würden, was ich damit gewollt habe;
3082 446 4456 665 Frankfurt am Main 22. November.
2874 676 3858 963 Verehrter Herr Dr.
2569 938 4477 1219 Seit wochen und Wochen trage ich nun den
2498 1119 4586 1311 Brief in der Tasche herum, den Sie nur im Sommer
2512 1249 4626 1428 geschrieben und mit dem Sie mir eine große Freude.
2487 1384 4618 1555 gemacht haben. Kurz nachdem ich Ihren Brief erhalten,
2479 1525 4569 1714 ging ich auf Urlaub, und ich nahm ihn nach Florenz
2479 1620 4480 1833 mit, um darauf zu antworten. Aber da unter
2441 1776 4526 1960 war Florenz, und ich kam nicht zum Schreiben. So
2487 1887 4502 2095 habe ich ihn unbeantwortet mit heimgebracht. Und
2482 2001 4496 2217 jetzt ist wieder die Arbeit da, und ich komme
2493 2158 3766 2333 erst recht nicht zum Schreiben.
2655 2317 4442 2506 Zudem – ich glaube, ich sagte es Ihnen schon
2487 2439 4634 2598 früher einmal – schreibt man an Sie, verehrter Herr
2498 2574 4542 2750 Denn nicht wie an Jedermann. Man höhlt das
2469 2647 4575 2828 Bedürfniß, etwas Besonderes zu sagen, — und
2487 2804 4491 3007 die Tage, an denen man etwas Besonderes zu
2525 2950 3542 3134 (sagen hat) sind selten.
