5152 3699
333 520 2486 727 wenn Sie dem Werke meines Freiendes
319 650 2538 944 Otto Weiss das gütige Interesse zu wenden
319 782 2452 1073 wollten, das in ähnlicher Angelegenheit
314 908 2458 1175 schon so viele Schriftsteller und Künstler
352 1051 1420 1285 bei ihnen gefunden.
545 1239 2414 1495 Ich würde sehr gäcklich sein, wenn
336 1360 2441 1632 dieser Anlaß mir wieder einmal
330 1541 2359 1762 ein direktes Lebenszeichen von Ihnen
358 1657 2392 1885 zu trüge. Wenn nicht, so wird wir
300 1764 2463 2034 nichts obig bleiben, als nach Därenmatt
319 1938 2304 2180 zu kommen oder Ihnen. bei Ihrer
317 2095 2425 2312 möchsten Durchreise durch Berlin, aufzu¬
341 2188 820 2386 lauern.
619 2353 2491 2623 Ich verbleide mit herzlichen Grüßen
308 2452 1985 2769 in aufichtiger Verehrung
606 2692 2309 3075 Dr. Paul Goldmann.
2620 385 3108 650 Galdman
3848 517 4503 702 DESSAUERSTRASSE 19
2604 608 3372 853 Bodin, 31. Mai
2882 919 4151 1162 Lieber Herr Professor,
2620 1062 4619 1332 Es ist schade, daß man auch das allgewohnte
2596 1181 4682 1418 "lieber Herr Doktor" verzichten muß. Aber der
2612 1305 4682 1519 Anordnung des Königs von Dänemark muß
2596 1401 4756 1660 man sich fügen; und ich verzücknünsche Sie darin
2565 1475 4751 1753 auf herzlichste zu ihrer Ernennung, zugleich im
2604 1594 4751 1877 Namen von Schnitzler und Beer = Hofmann,
2590 1751 4710 1993 Die ich dieser Tage in Wien wiedergesehen habe
2615 1833 4610 2111 und die nur aufgetragen haben, Theien zu
2568 1921 4688 2238 schieden und ihnen Grüße zu übermitteln.
2783 2095 4743 2359 Es thut mir unendlich leid, daß der Fader
2596 2221 4737 2480 zwischen Ihnen und nur so ganz abge¬
2587 2356 4679 2607 rissen ist; ich vermuthe, daß ich mit einer
2574 2477 4710 2703 Bitte kommen muß, um ihn wieder anzu¬
2557 2585 3014 2744 käupfen.
2786 2728 4688 2975 Mein Freund Otto Weiss ersucht mich, ihr
2571 2758 4654 3069 bei Theen einzuführen. Ich habe in der letzten Zeit
2563 2912 4754 3259 manches derartige Einführungs-Gesuch standhaft
2590 3077 4547 3253 abgeschlagen, weil die Personen, die mich
