4965 3485
1613 315 1835 492 Von ai-
2904 240 3072 510 mais
2575 524 4603 727 immer so gewesen sind und daß wan
545 532 2444 745 daß Sie und Madame Marie sich gefunden
2551 673 4546 903 nur darüber hinweggefehre hat, weil
371 687 2297 906 haben, weiss ich seit Langem, und ich habe
2527 839 4600 1036 sie früher mehr Talent gehabt haben. Und
355 852 2265 1077 auch innig darüber gefreut. Auch habe ich
2532 983 4496 1178 wenn wieder eine Epoche des Todents in
321 999 2273 1186 mir gesagt, wie sehr es wieder Ihren
2522 1119 4424 1306 Frankreich kommen sollte, wird
321 1135 2284 1344 keitischen Scharfbick beweist, daß Sie
2532 1298 4018 1467 man das wieder vergeffen.
331 1274 2468 1525 unter all' dem schreibenden Volk in Frankreich
2856 1416 4605 1640 Freilich haben sich in diesen Kämpfen
350 1450 2396 1664 gerade die hinzige herausgefunden haben,
2527 1557 4664 1779 auch einige wundervolle Menschen offenbart
307 1605 2303 1827 die nicht allein ein Todert, sondern auch
2532 1707 4683 1902 zumeist allerdings Leute mit ausländischem
334 1768 1002 1993 ein Mensch ist.
2546 1840 4408 2054 Blut (der Nodieren Zola, der Elsasser
545 1889 2391 2118 Fankreich ist mir durch die Dreyfra¬
2551 2041 4554 2214 Piquart). Einer der entzückendsten, ein
329 2022 2145 2287 Affaire definitiv verekelt worden.
2548 2129 4554 2383 echter Pariser allerdings, und auch im
323 2233 2316 2447 Freilich, was sich da auf einmal vor den
2551 2335 4579 2543 weitesten Sinne Numanus, ist bornely,
342 2377 2300 2612 Augen der Welt so Abscheu erregend
2532 2436 4648 2658 Jetzt Redakterer des „Figaro“. Kammer Sie
331 2476 2340 2727 aufgethan, wußten wir, die wir dort
2532 2594 4605 2832 ihn schon? Wenn nicht, so versäumen Sie
345 2709 2134 2880 ledten, seit Jahren. Aber ist es eine
2543 2775 4571 2992 nicht, bei ihrer nächsten Unverſenheit in
321 2840 2153 3053 Dekadenz! Ich denke oft, daß xx die
2591 2914 4496 3088 Paris seine Bekanntschaft zu machen.
355 2994 2391 3197 Franzohne, dieses Volk ohne Herz,
