5473 3621
632 608 2728 858 darum ersuchten nur nicht werth schienen,
630 778 2563 946 doch sie ihnen Ihre Aufmerksamkeit
646 880 2599 1059 schenkten. Hier liegt er Fall anders.
649 1004 2593 1144 Herr Weiss ist nicht nur mein alter und
622 1128 2624 1298 lieber Freund, - nicht nur Ihr verehrer und
624 1226 2654 1416 Bemunderei, der in ihren Schriften lebt und
616 1378 2629 1529 von ihrem Geist durchtränkt ist, — sondern ein
646 1471 2624 1658 Man von hohem Werth, ein seiner und
616 1609 2739 1798 kluger Kopf, ein Schriftsteller, der durch die
580 1694 2728 1930 kanzösische Schule gegangen ist und deren
624 1842 2654 2024 degante Fam mit eigenem geistigem
649 1983 2778 2156 Jahalt zu fällen weiß. Heu Otto Weise
594 2109 2717 2266 seinem Beruf nach Musiker und
635 2258 2654 2448 Gesangslehrer, ist geborener Wiener
605 2382 2778 2599 hat vor einer Reihe von Jahren
602 2533 2813 2709 allelei dramatische (Lustspide, Volksstücke)
591 2612 2761 2868 etc.) geachtet, hat auf Wiener Bühnen
622 2783 2775 3011 seinezeit Erfolge ergrült, der eine glänzende
632 2945 2835 3190 dermatische Laufbahn einzuleiten schienen
2915 503 4972 740 ist aber, theils aus beruflichen Gründen,
2904 652 5013 844 theils wegen körperlichen Leidens, genöthigt
2923 814 4956 1015 gewesen, diese Arbeiten Jahre lang zu
2863 921 4887 1155 unterbrechen. Nährend sie all' diese Jahre
2910 1075 4898 1279 hiedurch sein Gesundheitszustand das
3028 1169 3341 1295 Schaffen.
2888 1224 4947 1397 schaffen großerer Meille verbot, hat
2879 1348 4947 1565 er seine Beobachtungen über Menschen
2896 1466 5044 1708 und Welt in einer Seite von Ophorismen
2920 1625 4922 1798 niedergelegt, an denen er mit me¬
2926 1752 5110 1966 ruhnder künstlerischer Gewissen¬
2926 1895 5030 2112 hochtigkeit immer wieder geheilt hat,
2898 2032 5008 2228 und xx er jetzt endlich der öffentlichkeit
2915 2150 4810 2335 zu abeigelen gedenkt. Über diese
2920 2274 4903 2453 Aphrüsmen mochte er ein Wort
2920 2417 4961 2634 es Meisters hören und darum hat
2926 2568 4964 2756 er, da er Ihnen persönlich unbekannt
2940 2692 4947 2934 ist, mich um einen Geldtbrief für die
2920 2849 4846 3069 Sandung gebeten. Ich würde ihnen
2942 2967 4928 3212 aufühlig und herzlich dankbar sein
