6168 3607
1885 1002 4209 1214 Berlin, 20. 1. 22. Verührter Herr Professor,
1882 1130 4215 1319 Das Porto ist so riesig erhöht worden, daß
1882 1217 4090 1409 ich statt eines Briefes Ihnen eine
1874 1345 4084 1505 Postkarte schreibe, um thun in
1923 1441 4032 1557 meiner Frau u. in meinem
1929 1511 4227 1673 Namen aufs Herzlöhste zu Tham
1900 1621 4189 1789 achtzigsten Geburtstag zu gra¬
1917 1711 4064 1877 tuliren. Eben lese ich Ihr Herrl
1943 1807 4227 2004 Buch über Goethe. Wir die Kraft
1920 1880 4145 2092 hat, in der Nähe der Achtzig ein
1917 1978 4221 2193 solches Werk zu schreiben, hat auch
1917 2095 4241 2280 die Kraft, noch lange zu leben,
1911 2147 4227 2339 Ich wünsche es thuen u. vor allem mit
1917 2266 4177 2443 der Gemeinde Threr Verehrer in
1935 2330 4253 2484 allen Ländern der Welt, daß sich die
1955 2437 4143 2594 benehrheiten möge. Mit vielen
