4708 3692
395 686 2107 940 in der Cultur ohne Pfandinarischen
446 874 1123 1052 Länder stehen.
655 995 2021 1163 Unseren Angriff gegen Ihren
408 1114 2111 1291 Verleger Barzbef ließ“ ich Ihnen
437 1233 2103 1427 zugehen. Der Spitzbube hat uns eine
426 1363 2092 1540 Antwort geſandt, die wir mit
410 1467 2050 1659 einer gepfefferten Redaktions¬
426 1593 2200 1789 Bemerkung morgen oder übermorgen
426 1701 2114 1900 publiziren werden und die Theen
426 1809 2169 2001 dann auch zugesandt werden wird
424 1926 2047 2133 Zugleich hat ins Barsdorf ein
424 2067 2045 2237 Inserat xx unserer Expedition
448 2164 2160 2383 zugesandt, das seine Bränder¬
450 2290 2182 2469 Ausgelen empfiehlt. Die Expedition
419 2394 2054 2603 die natürlich keine Ahnung von
419 2522 1913 2705 der im Feuilleton geführten
441 2623 2147 2815 Polemik hatte, fiel dem geriebenen
450 2760 2030 2945 Halléecken hinein und ließ
485 2881 2008 3060 das Inserat erſcheinen!....
719 2987 2017 3153 Was Sie über Clemenrears
432 3109 2021 3309 Persönlichkeit sagen, ist gewiß
2292 706 3925 949 richtig. Als Schriftsteller mag ich ihn
2275 871 3998 1063 nicht mehr. Ich finde ihn zu rhetorisch.
2321 995 3918 1183 bornély hingegen ist in der Regel
2292 1101 3883 1293 sachlich am fein, schreiben den Styl
2299 1238 4022 1421 des französischen vorigen Jahrhundert
2301 1348 3956 1511 ist aber auch einer großen envolée.
2301 1467 3978 1622 fähig, wie er in einigen wahrhaft
2299 1580 4026 1745 surlimen Artikeln vor dem Urtheil
2328 1705 3892 1862 Von Rennes gezeigt hat. Für die
2279 1803 3976 1981 Amnestie ist er, weil f er sein Volk
2308 1930 3841 2107 kennt. Ob Recht, ob Unrecht — die
2294 2030 3951 2222 Franzosen wollen die Uffaire um
2306 2142 4007 2330 jeden stris beendigen, um wieder
2283 2264 3848 2471 Geschäfte zu machen. Das ist die
2286 2396 3973 2570 lygsche Drütungsart dieses Volkes,
2242 2524 3976 2709 das sich täglich in seinen Zeitungen „le
2317 2632 4026 2793 plus genereux du monde" nennen
2317 2747 2868 2928 läßt....
2575 2857 3987 3045 Ich empfehle mich Ihnen, verehrter
2277 2989 4033 3184 Herr Doktor, in aufrichtiger Ergebenheit
2994 3151 3921 3376 Seitel Goldmann
