4583 3065
225 185 2104 376 Wir veröffentlichen dieser Tage einen
164 278 2120 532 Artikel des Prof. Geiger über Sie, aus
140 479 2255 704 welchem ich erfahren habe, daß Sie wieder
146 593 2276 781 ganz gewesen sind. Ich bin sehr froh darüber
132 759 2024 945 und beglückwünsche Sie dazu von
124 916 2149 1096 Herzen. Sehr glücklich wäre ich, wenn ich
135 1058 2191 1281 Sie einmal wiederſehen könnte. Aber
108 1196 1101 1379 wenn und wo?...
347 1323 2249 1569 barling sprach ich hier auf seiner Durch¬
101 1479 2218 1704 reise nach Chine. Bei Schnitzler war ich am
153 1638 2255 1818 Schluß meines Urlauls recht Tage in Wien.
116 1778 2196 1982 Er ist immer noch tief traurig. Sie wissen
161 1913 2249 2106 + wohl, welches Unglück ihn getroffen hat?
450 2085 2181 2286 darf ich Sie bitten, Herrn und Frau
127 2199 1985 2403 Peter Nausen von mir zu grüßen?
482 2413 1987 2591 8 gießte Sie, verehrter Herr Dr.
246 2509 1371 2715 aufächiger Ergebenheit.
1559 2614 1694 2792 Ihr
56 2689 453 2818 Meine Adert
56 2747 439 2900 Frankfurter
619 2789 765 2900 D
924 2707 1135 2919 ane.
1270 2776 1760 2937 Goldmann.
61 2818 349 2943 Zeitung
2956 180 3152 339 2.
3141 180 3337 389 De
2358 318 4425 558 Kamen Sie das große Elend des Journalis¬
2318 532 4327 717 mus? Ich bin nicht ich, sondern ich bin die
2360 672 4266 844 Zeitung. Ich schreibe jahraus, jahren; ich
2313 797 4387 1003 deihte ein gewaltiges Stück Arbeit; ich suche
2302 947 4226 1154 in jeder Zeile, ehrlich mir selbst gegenüber¬
2345 1072 4385 1299 zu sein, ich suche persönlich zu sein. aber
2313 1236 4340 1429 das sieht Niemmel, weil es in der Zeitung
2331 1347 4456 1622 steht, ich wirke auchaus unpersönlich, meine
3504 1463 3898 1572 rasultatlos
2331 1479 4361 1678 Adeit ist sogut wie xyz
2315 1638 4401 1897 mich, und die einzige Compensation,
2331 1789 4398 2001 die sie mir bietet, ist, daß sie amüsant
2321 1940 4361 2151 und könnt ist und daß man sich hier und
2289 2072 4411 2263 da die Genugthuung bereiten kann, mittel
2321 2223 4356 2485 des großen Einflusses der Zeitung ein
2334 2392 4374 2620 gutes Werk zu thun. Aber ich selbst dringe
2331 2585 4313 2794 nicht durch. Und das thut nur weh, denn
2390 2720 4186 2961 ich bin ihrgeizig und will etwas gelten
