3062 3412
359 448 2455 770 gericht, der selbst schmer leidend
346 668 2272 899 war. Sie schriebt ihn geliebt zu
362 804 2175 1066 haben. Und als sie hier einen
362 1006 2384 1234 Brief von ihm erhielt, in dem er
388 1171 2416 1425 ihr mittheilte, daß er jetzt nicht
356 1370 2261 1596 mehr mit ihr reisen könne,
364 1538 2476 1897 machte sie fremntelen ein Ende.
697 1831 2384 2196 In Eile, mit herzlichem
453 2036 810 2350 Jos.
943 2141 2167 2513 Ihr argelener
487 2424 2306 2848 Dr Paul Goldmann.
