5095 3496
725 528 2411 710 Ihren Brief, damit sie sich auch
763 645 2375 831 daran erfreven. Schnitzler hatte
750 766 2310 920 in der That einen grossen Erfolg.
739 887 2315 1072 Aber er ist unzufrieden mit sich,
714 1016 2451 1189 Sein Stueck gefaellt ihm lange nicht
739 1135 2286 1305 so gut wie dem Publioum. Er
696 1245 2254 1417 fuehlt, dass er viel Tieferes zu
712 1350 2451 1545 sagen hat, fuehlt o tief im Herzen
728 1478 2400 1634 das Eigentliche, das Wahre, und
714 1619 2514 1789 er ringt danach, das auszudruecken.
703 1722 2207 1878 Auch leidet er wohl an dem
696 1829 2351 2008 Uebel, an dem alle Leute leiden,
728 1943 2281 2098 welche schreiben, naemlich dass
728 2055 2297 2241 ihn der Gedanke quaelt: Wozu
721 2187 2333 2326 ueberhaupt schreiben? Ist nicht
721 2288 2219 2460 leben besser? Und wie wenig
714 2413 2272 2566 Kommt man an das Leben heran
746 2559 2286 2675 mit all den Worten, die man
710 2655 2445 2787 Kunstreich zu setzen sich bemueht!
710 2763 2308 2910 Wie schwach, wie blass ist das
2601 540 4218 723 alles gegen des Rhenste Ereigniss
2588 665 4164 844 das wirklich geschieht! „Et tout
2577 797 4189 931 cela ne vaut pas deux bras, qui s'
2586 889 4063 1084 étendent vers vous, ou une porte,
2586 1010 4231 1178 derrière laquelle on vous attend,
2595 1140 4272 1325 pflegt einer meiner hiesigen Freunde.
2631 1278 3098 1417 zu sagen.
2922 1370 4254 1531 Gern moechte ich Ihnen von
2577 1489 4260 1652 Paris erzachlen. Aber es gibt nichts
2566 1596 4068 1780 Neues in Paris - wenigstens
2595 1704 4189 1860 soir soviel ich weiss. Paris
2566 1831 4110 1992 steht still. Esgibt keine neuen
2595 1945 4229 2140 Talente, Das Theater bringt leere
2577 2062 4164 2225 Strecke, Romane werden nicht
2588 2183 4301 2351 mehr geschrieben, die Dichter mangeln.
2584 2304 4260 2449 Es ist hier nichts als Gutter - zuviel
2595 2422 4195 2586 Culter. Denn das ist gut fuers
2617 2534 4265 2669 Leben, aber schlecht furs Produciren.
2588 2635 4211 2807 Ein Bischen Sturm und Noth theete
2577 2749 4166 2944 gut, um die schlummenden Kraefte
2545 2890 3096 3076 aufzurückten.
