5466 3708
1129 516 1465 641 Goldmann
644 633 1142 793 Frankfurter Zeitung
1425 641 2262 837 Frankfurt a. M., 30. November,
764 760 1004 850 Handelsblatt.
650 832 1135 964 — Redaktion." —
727 931 1041 1032 Telegramm-Adresse:
644 995 1118 1144 Zeitung Frankfurt Main
848 1109 1579 1291 Verehrter Herr Dr.)
619 1217 2385 1423 Drei Tage lang habe ich mit unserer Administration
626 1357 2392 1531 gerungen, und schließlich bin ich doch unterlegen.
619 1482 2321 1645 500 Mk sind noch nie bei unserm Blatte
633 1575 2343 1779 für ein Familleton gezahlt worden, sagt
619 1689 2258 1887 man mir. Und so groß der Wunsch
615 1812 2262 2010 der Herren ist, daß Sie uns das Jahr
633 1933 2383 2144 hundert. Seuilleten schreiben, so erschreckt
630 2062 2359 2245 sie doch der gefordere Preis derart, daß
615 2181 2376 2359 sie sich lieber darum fügen, das wie
661 2304 2394 2455 Jahrhundert mit einem wenigen schönen
637 2416 2310 2603 Aufsatz aus einer recherioren Feder
674 2513 2223 2723 zu eröffnen. Trotzdem war ich
650 2642 2346 2840 nahe daran, es durchzusetzen. Aber
650 2750 2286 2943 am Ende siegte doch die Frankfurten
644 2892 2194 3037 Tradition: viel zu verlangen,
604 3007 1656 3171 und wenig zu zahlen.
817 3103 2275 3220 *) Für die Redaktion bestimmte Briefe und Sendungen wolle man nicht
716 3196 2280 3316 an die Person eines Redakteurs, sondern stets an die Redaktion der Frankfurten
716 3268 1105 3351 Zeitung adressiren.
2603 742 4155 955 Ich brauche Theen wohl nicht erst zu
2477 878 4179 1072 sagen, daß Sie nach meiner Ansicht
2484 1015 4092 1190 nicht zu viel gefordert und daß
2526 1120 4171 1291 Sie tausend Mal Recht haben, die
2517 1230 4078 1414 geistige Arbeit, und besonders eine
2537 1353 4140 1535 geistige Arbeit wie die Ihrige, hoch
2526 1478 4182 1621 zu bewerthen. Aber mich lassen
2502 1568 4215 1766 Sie doch wohl die Geschäfts¬
2513 1704 4223 1862 zweien der Frankfurter Administra¬
2495 1836 4245 2018 tion, in der ich leider nicht mitzureden
2504 1933 3650 2124 habe, nicht entgelten?
2842 2051 4215 2227 So sehr ich die auf Ihnen laßende
2495 2155 4048 2343 Arbeit beslage, so freut es mich
2493 2302 4186 2471 doch unendlich, daß Sie mit einer
2523 2390 4030 2565 gewaltigen Anstrengung jetzt
2484 2521 4039 2693 die gesammte Summe Ihres
2469 2636 4162 2816 Wirkens ziehen können. 6000
2567 2741 4252 2943 Subkribenten sind eine Riesenzahl.
2484 2870 4054 3033 So etwas wäre bei uns in
2506 2969 4054 3171 Deutschland nicht möglich und
2506 3086 4067 3299 man sieht wieder, wie hoch
