4963 3499
244 362 448 520 1er, jusqu'a
3942 375 4334 525 Soldman,
3626 515 4309 694 DESSAUERSTRASSE 19
2388 563 3420 823 Lodin, 2. Cession -02.
2401 809 4186 1182 Liebe und verehrter Herr Dr.,
2409 1110 4438 1471 Wie mir berichtet wird, sind Sie in
2393 1302 4551 1635 Bedin. Da Sie mich aber von ihrer Anwesenheit
2356 1447 4451 1723 nicht demeheichtigt haben, so nehme ich an daß
2399 1597 4489 1900 Sie mich nicht sehen wollen, und beglück¬
2358 1723 4497 2072 wünsche Sie schriftlich zu Ihrem Geburtstage,
2353 1887 4489 2251 obmahl ich es gar so gern mündlich gethan
2350 2037 4508 2415 hätte. In den letzten Wochen habe ich wieder
2358 2200 4433 2565 einmal mit Ihnen gelebt. Ich las Ihre
2372 2374 4478 2707 Thakespeare- Biographie und habe Ihnen
2350 2549 4358 2870 anfolge dieser Lektüre wieder viel
2385 2747 4516 3031 herliches zu danken. So bin ich in der
2385 2919 4505 3216 richtigen Stimmung, um Ihren Geburtstag
