4963 3452
3031 287 3461 484 Gollmann
2560 497 4442 698 Berlin, 26. September 1800    DESSAUERSTRASSE 19
2852 779 3823 998 Verehrer Herr Dr.,
2671 995 4642 1236 Seit Langem habe ich keine so große Freude
2552 1157 4607 1328 erlebt, wie diejenige die mir Ihr herrliches
2577 1255 4556 1409 Feuilleton über mein Buch gebracht hat.
2571 1360 4672 1525 Ich weiß gar nicht, wie ich Ihnen genug dafür
2547 1501 4515 1617 danken soll. Es ist einer meiner Polzesten
2569 1574 4564 1739 Erfolge, daß Sie, gerade Sie, den ich so hoch
2550 1720 4691 1866 verehre, alle diese gütigen Worte geschrieben
2579 1784 4713 2014 haben. Und wenn Sie wüßten, wie wohl Sie
2550 1903 4713 2131 mir gethan haben, – wie wohl es nur thut
2550 2033 4667 2258 der ich so sehr darunter leide verkannt und
2560 2155 4499 2336 eingereichtet zu werden, wenn nun ein
2563 2220 4656 2504 Meister mich heraushalt und den Leuten
2566 2412 4653 2625 sagt: „Der ist auch Jemand“. Was Sie von
2542 2517 4705 2742 meinen Leistungen sagen, ist zu schön, als
2563 2650 4737 2898 daß ich es acceptiren könnte, ohne unbescheiden
2606 2866 4677 3023 zu sein. In der Art aber, wie Sie aus
