6088 3130
5632 78 5851 290 D
1742 1216 3591 1423 Berlin 13. November. Lieben Herr Dr.,
1765 1337 3881 1558 Nachdem ich im „Tag“ Ihren schönen Artikel über
1739 1478 4014 1762 Wassermann gelesen, habe ich das Bedürfniß, Ihnen
1714 1613 3838 1849 die Hand zu drücken. Das war wieder
1757 1768 3876 1955 einmal im rechtes Wort zu rechter Zeit.
1748 1895 3887 2099 Und es thut wahrhaft wohl, daß einmal ein
1739 2010 3913 2263 klarer kritischer Verstand wie den Ihrige,
1725 2150 4039 2472 in diesen Wassermann = Schwindel hinwiederichtet;
2162 2312 4008 2642 Herzliche Grüße von Ihrem ergebenen
2438 2458 3818 2694 Dr. Paul Goldmann
