4930 3472
3034 342 3205 479 G.C.F.P.
456 358 2452 600 Heut hilft, nur nun über alle diese Bedenken
2523 458 4527 648 vereinigt finden. So fragen wir Sie also.
261 529 2331 743 und über meine Schüchterheit im aufzurer
2557 600 4438 816 Möchten Sie uns den Artikel schreiben?
263 658 2291 872 zwang hinweg. Ich schreibe Ihnen nämlich
2534 737 4572 951 Einen kurzen Artikel. Es kann darin stehen
284 814 2397 1038 heute zunächst, um mich eines redaktionellen
2502 911 4504 1064 was Sie wollen: in Rückblick auf das
248 969 2249 1164 Auftrages zu entledigen. Im Namen der
2513 1019 4620 1217 vergangene, ein Ausblick auf das kommende
261 1106 2339 1309 Semlleton - Redaktion der Frankfurter
2507 1130 4430 1367 Jahrhundert, oder was Ihnen sonst gut
242 1251 2312 1449 Zeitung soll ich Sie bitten, uns am Sandleton
2534 1277 4577 1546 scheint. Wir überlassen das ganz Thüre.
261 1383 2249 1546 für den 1. Januar 1900 zu schreiben. Wür
2520 1454 4472 1607 Wir bitten mir im baldige Antwort:
261 1522 2331 1733 sind dieser Tage zu Rathe gegangen, wenn
2518 1604 4562 1833 ob wir auf den Artikel rechnen können,
271 1688 2265 1875 wir mit der Aufgabe betrauen sollten, in
2502 1744 4572 1923 wann Sie ihn uns einsenden wollen und
248 1828 2223 1981 unserem Blatte das neue Jahrhundert
2515 1844 4583 2062 wieviel Honorar Sie kanſpruchen?...
232 1957 2220 2149 einzuleiten. Wir sind uns klar darüber
2839 2025 4425 2220 damit ist das Redaktionelle
292 2099 1586 2307 geworden, daß xxx
1678 2096 2310 2331 diese aufgehn
2515 2149 4546 2360 erledigt, und ich überdiese jetzt nochmals
261 2249 2133 2455 nur ein Dichter oder ein Philosoph oder
2497 2320 4556 2510 Thren Brief vom 20. September (Vom 20.
232 2402 2328 2634 wenigstens ein geistreicher Mann lösen Pann¬
2523 2463 4612 2679 September! Ich habe wirklich Gewissensbisse!
269 2560 2265 2765 Und als wir nach Einem von der Dreien
2502 2628 4541 2855 daß Sie mein Buch in "Politiker" anzeigen
282 2723 2286 2945 umschau hielten, haben wir constatirt, daß
2499 2758 4509 2976 willte wollen, macht mich sehr glücklich. Ich
334 2876 2273 3097 sich in ihnen, verehrter Herr Frei alle Drei
2549 2873 4593 3081 hatte das gar nicht erhofft. Ich sandte ihnen
