4854 3568
2487 451 2987 672 Goldmann
3500 489 4169 728 DESSAUERSTRASSE 19
2375 688 3519 916 Bedin, 26. November.
2453 1002 4277 1284 Vorahrter und lieber Herr Professor,
2493 1295 4481 1534 Auf einer Konk. die Sie an meinen
2380 1443 4540 1722 Fremd Otto Weirs richten, steht zu lesen,
2361 1606 4362 1805 daß ich ihren böse sei. Umgekehrt ist
2372 1698 4379 1918 richtig: Ich über in Sorge, Sie
2380 1843 4432 2068 könnten eine Misestimmung gegen,
2375 2015 4521 2235 mich hegen / obwohl ich mir nicht beneußt
2388 2162 4481 2383 ewer dazu Anlaß gegeben zu hieben)
2361 2278 4494 2552 weil ich seit Jahren 8 kein Lebenszeichen
2372 2418 4462 2702 mehr von Ihnen erhalten habe. Daß
2375 2584 4486 2864 aber ich Thüre böse sein könnte, ist
2399 2740 4456 2982 im Zweifel an meiner Liebe und
2399 2890 4357 3172 Verehrung für Sie, gegen den ich
