5112 3385
3992 322 4570 506 Votre estomacité
2223 314 2452 520 2.
2868 536 4888 770 meinem Buche meine Gemüthsanlage
2857 688 4858 901 und meinen Charakter heraus gefühlt
2881 821 4840 999 haben, haben Sie sich wieder als der
2876 949 4952 1154 große Versteher erwiesen; und ich kann
2876 1122 4984 1245 Ihnen nur danken und wieder dankeri¬
2873 1231 5013 1407 daß Sie so liebevoll auf mich eingegangen
2868 1359 4842 1570 sind und das Alles so unvergleichlich
2857 1514 3798 1690 ausgedruckt haben.
3126 1636 4922 1868 Verehrter und lieber Herr Dr.! Es
2862 1834 4984 1975 war eine sehr lichte, Stunde in meinem
2868 1905 4872 2111 Leben, als Ihr Aufsatz eintraf, und ich
2873 2039 4970 2244 wünschte nur, ich könnte Ihnen auch einmal
2849 2153 4816 2361 nur annähernd etwas so Gutes thun
2881 2313 4339 2484 als Sie mir gethan haben!
3126 2420 4962 2590 Bitte, kommen Sie bald nach Berlin,
2884 2577 4789 2772 Und seien Sie herzlichst begrüßt von
3190 2713 4701 2974 Ihrem aufrichtig ergebenen
3302 2913 4786 3198 Dr. Paul Goldmann.
