5239 3368
700 687 2609 879 einmal direkt, mit Ihnen in
700 833 2752 1052 Verbindung zu sezen. Ich denke oft
708 998 2788 1187 an Sie und würde mich unendlich
673 1087 2823 1371 freuen, wenn ich Sie bald wieder
714 1290 2742 1487 einmal ſehen könnte. Als ich das
689 1401 2793 1660 lezte Mal von Ihnen Abschied nahm
676 1590 2639 1776 spente ich, wie sehr Sie nur
676 1706 2796 1941 aus Herz gewachsen sind, so selten
708 1866 2747 2101 ich Sie auch sehe. Ich habe manchmal
689 2036 2723 2268 etwas wie Heimweh nach Ihnen.
773 2201 2825 2420 Möchten Sie mir nicht wenigstens
689 2347 2644 2523 einmal mit zwei Zeilen, über
741 2496 2674 2715 Ihre Gesundheit berichten? Und
725 2666 2812 2890 wann kommen Sie nach Berlin?
879 2815 2761 3066 Während meines Schaulshale
706 2977 2877 3239 ich die vier Bände Hauptströmungen
1033 3163 1195 3253 G.C.F.P
4469 362 4864 508 Votre très bien avec le
2925 481 4878 698 gelesen, die Sie mir geschenkt haben,
2923 643 4942 833 Schwimmern mich, daß Sie zu mir
2958 795 4910 992 etwas despekti dich. Von diesem
2988 895 5005 1136 Weck gesprochen haben, und jeden
2971 1084 4940 1306 das nicht begreifen können. Ich
2958 1198 4991 1417 habe es mit einer wahren Begei¬
2947 1384 4823 1568 steiung gelesen, Namen die
2947 1487 5034 1747 das Kapitel über Byron, aus dem
2923 1687 4942 1914 der Held in deutender Schönheit
2958 1814 4942 2068 aufsteigt. Das ist keine Kritik
2977 1993 4926 2247 mehr, das ist Dichtung. Bitte
2990 2163 4991 2433 vieler Herr Dr., schicken Sie mir
3007 2352 5018 2547 auch die anderen Bände, wenn
3007 2512 4715 2750 /ie schon erschienen sind.
3174 2663 4829 2942 Was haben Sie zum Tod
3017 2893 4853 3131 von Frau Döpler gesagt?
