3720 5368
626 239 846 444 1.1
2860 235 3235 599 - 20 -
1441 417 2211 740 SIORGIO (###+2)
300 702 3262 956 Gik, è fresco. Ma del resto voglio confessarlo onestamente: so-
296 922 3144 1142 ne in blusa da lavoro, ed à perciò che non voglio levarmi il
868 1073 1123 1179 sapey
315 1066 3258 1354 soprabito. Non ihn oggi sarei venuto in visita. Ma come è rima¬
315 1259 1464 1464 sta giovane, lei, Anna!
444 1445 1388 1631 we sei state. Insiss
1449 1464 3034 1688 EDOARDO
288 1665 3250 1877 Datevi dunque del tu, oome allora; non c'è davvero regione.....
1460 1843 1843 2018 GIORGIO
284 2006 3281 2211 Non c'è davvero regione.... come sei rimast: giovane, tu,Anna!
1430 2200 3246 2412 EDOARDO (contemplando sua moglie con
265 2340 861 2575 àmore) si.
899 2329 1305 2545 viaggie.
1434 2518 2681 2769 ANNA (un po: imbarazzata)
273 2719 2234 2928 Ma come è stato che vi siete incontrati?
1449 2909 1828 3091 EDOARDO
269 3053 3178 3281 Ma pensa la combinazione, Anna. Qui davanti a casa! Dopo che
284 3277 3326 3455 si è cercato per anni un uomo col lanternino! Vado a passeggio...
288 3474 3224 3641 anzi vengo via dalla prova, e dieci passe avanti a me lo vedo.
277 3675 3216 3861 l'ho riconosciuto dal modo di camminare - a lo chiamo, k lui si
284 3804 2700 4081 volta indietro e vuol proseguire per la sua strada.
1388 4001 1828 4244 GIORGIO
247 4122 2310 4388 Neu ti ho riconosoluto, sone un po' miepe.
1365 4358 1855 4559 EDOADO
269 4559 3136 4767 Oppure volevi tirar via. Ma no; sarebbe stata davvero troppe
258 4733 2109 4968 dura; quando si cerba uno per anni...
501 4904 1927 5146 ove.... intende.... (Anna ali dar¬
2044 4870 2651 5165 unterhieta)
