3608 5352
2900 433 3117 597 35 -
1365 665 1745 832 EDOARDO
228 775 3102 1045 Giorgio I (vuol andarsli dietre.-ll bambine ha incominciste
201 969 1452 1228 già a mangiar la minestra)
1368 1194 1619 1376 ANNA
198 1372 3132 1543 Lascialo I lascialo! Non gli vorremo già toglier l'ultima co-
205 1543 1232 1813 sa che gli è rimasta.
1353 1733 1760 1923 EDOARDO
198 1855 3227 2102 Cioè? (La guardai Anna mette il tovagliole al collo del piccino,
194 2117 3109 2269 Edoardo va a lei e le accarezza i capelli. Anna non alza gli
194 2254 3250 2520 occhi) (accennando col capo, come se avesse compreso) A& I già...
175 2448 2022 2729 (Si siedono e incominciano a mangiate)
768 3303 2262 3539 CALA LA TELA
