3816 5368
3013 251 3314 545 27.
1346 673 1756 924 ﻿GlORGIO
2750 801 3326 1083 lascia rac¬
406 897 1636 1118 Perchè 7
2881 1029 3357 1230 xxxs timi-
804 1036 998 1234 Cette
1338 1040 1733 1296 EDOARDO
402 1238 3214 1497 Pensa un po', io avrei potuto immaginarmi quella volta ogni
402 1489 3117 1644 sorta di cose; ci sarebbe stato quasi da vergognarsi....
1323 1605 1733 1814 ﻿GIORGIO
1555 1760 1941 1992 inginati.
402 1764 804 1992 Perchè?
1307 1922 2498 2251 EDOARDO (alla finestra)
383 2185 2661 2398 Ah! è qui? Mir moglie! Ah come sarà contenta!
1323 2355 1706 2560 GIORGIO
406 2541 3280 2792 Voglio facti notare, che io non ero preparato. Avrai la bontà
375 2680 2282 2920 di sousarmi con lei per la mia toilette.
1307 2877 1702 3102 EDOARDO
375 3051 3218 3353 Ma niente cerimonie! Tu sarai certamente il bene accetto da
1269 3249 1721 3438 atte; non
371 3253 951 3539 mia moglie.
1284 3415 3280 3666 ANNA (appena 30 anni, molto bella vestita
360 3589 3465 3918 melte semplicemente, ma con guste, Entra con un bambine di 8 anni)
696 3806 1180 3999 quaenti anno
1238 3806 1903 4003 EDOARDO
371 3972 3237 4173 Oh IOinalmente sei qui! Guarda un po', Anna, chi tl ho por-
360 4158 1520 4448 tato (Ciorgio s'inchina)
1249 4285 3303 4629 ANNA (le guarda, le riconence, à molto sor-
333 4513 3311 4769 presa, si riprende: affettuosamente) Dunque lei è ancora vivo
329 4776 3183 4974 (Giorgie la guarda,Essa gli porge la mano) Sia il benvenuto.
356 4927 1601 5074 Mi chiamo Giorgie Jagisch,
