3688 5368
2862 337 3177 553 - 22 -
265 636 1083 833 esser ora Irene?
572 788 1064 965 ritroverh.
1643 727 2658 950 Dasantissimn esistenze.
1424 909 2613 1068 GlORGIO (tranquillamente)
242 1083 3173 1212 Non 10 so, Da molto tempo non ho saputo più nulla d'Irene. Ero
409 1162 939 1287 quande non v
1261 1166 1696 1295 assagiere
2022 1181 2366 1306 osa fai
2446 1196 2616 1302 D1
2768 1189 3010 1306 t1 oc
257 1268 3105 1386 lontano, per il monto. Sono stato persino in Ili fornia e in
254 1359 576 1605 India.
1420 1636 1776 1764 EDOARDO
239 1719 413 1923 Ah!
1401 1969 1764 2113 GlORGIO
273 2154 3040 2366 Dopo mi sono limitato a poco a pooo all'Europa, e più tardi
231 2351 3177 2525 i miei viaggi sono diventati sempre più piccoli (descrive con
231 2518 3143 2719 la mano una spirale Il cerchie sempre più stretto. Ora fo an-
246 2726 3290 2866 cora le mie peregrinazioni, ma soltanto nei dintorni di Vienna.
220 2893 3237 3021 Ma questo non cambia niente. Giacchè per me una passeggiata nel-
246 2991 659 3112 che volts
875 3002 1291 3120 Lavoratt
2056 3010 2628 3139 Neu sel mi
223 3067 3139 3249 le campagne qui fuori significa più che per gli altri un viag-
541 3180 1007 3302 erste. vor:
1143 3184 1302 3294 Alle
1458 3188 1787 3305 erso me
2416 3196 2927 3313 carbons st
216 3286 3090 3404 gio intorno al monto. Perche dappertutto ci sono uomini e de-
231 3358 750 3480 Eliar delle
833 3362 1022 3483 Eenne
1371 3366 1613 3487 2. Vos
2045 3370 2359 3544 con cid
216 3461 1916 3574 stini, se si sa vedere ed ascoltare.
610 3544 1745 3707 ma nulla a che fare con la
1374 3642 1749 3775 EDOARDO
223 3646 1359 3835 la mia liberth interiore
2355 3680 2741 3904 1 Bast
223 3820 2329 3934 Insomma ora vivi molto ritirato, non è cosi?
1382 3938 1738 4127 ﻿GlORGIO
1374 4108 1715 4229 zurückung
193 4188 3112 4407 Seconde. Trovo anche compagnia, se mi va. Ho anche amici e ami-
201 4392 3120 4540 che... per una giornata. E una siornata è lunga, se si sa vi-
1386 4464 1662 4581 Clonate
201 4532 3112 4680 vere. lo sono come Harum-el-Raschild, ehe gird sconosciuto fra
231 4650 3056 4782 Öhe vi sinte accovacciati in una buona casa; la lampada sulla
204 4737 3048 4880 il popolo. La gente con la quale parlo là fuori (con un gran-
201 4835 1923 4952 tavola; vi creuee un ragazze....(enty
2249 4835 3090 4983 meriera) una came-
182 4846 3150 5051 gestol non sospetta ohi io sia; echi si allontana da me non sa-
610 5039 3131 5164 serve; probabilmente siete anche assionrati centre gli
