3768 5336
1520 691 1734 897 HAX
584 847 979 1089 Ah 1...
1538 1032 1962 1264 ANATOLIO
602 1232 3346 1449 Sulla porta di casa c'era ancora qualeuno che mi faceva le
602 1442 3243 1595 congratulazioni. Lo zio Edcardo era ubriaco e non finiva
595 1584 3368 1805 mai di abbracciarmi. Un dottore in legge cantava una canzo-
619 1709 1061 1805 Ora posse
595 1752 3208 2001 netta. Il primo amore...voglio dire il posta spari col
612 1951 3421 2154 bavero tirato su in una strada nascosta. Uno di loro mi can-
602 2143 3329 2332 zonava. Certo - diceva quell'idiota - avrei passato il re-
595 2339 3460 2524 sto della notte a passeggiar sotto le finestre della fanciul-
602 2517 3289 2702 la amata. To sorrisi ironicamente... Aveva incominciato
595 2677 3321 2866 a nevicare. La gente si era sparpagliata da ogni parte...
595 2859 1189 3083 rimasi solo.
1620 2880 1954 3083 unto es
1520 3047 2531 3279 MAX ( compiangendolo)
3054 3119 3268 3279 Dero
616 3090 897 3261 deler.
591 3243 869 3368 hm...
1588 3243 2051 3446 un addio
2855 3268 3314 3475 a ia delce
623 3346 815 3460 chs
1545 3407 2780 3638 ANATOLIO ( con più calore)
947 3421 1734 3642 Vita di scapolo!
602 3610 3403 3809 Si, rimasi solo in istrada... nel freddo di una notte d'in-
612 3795 3197 4009 verne mentre che la neve mi turbinava intorno in grossi
595 3987 2460 4187 ficchi. C'era quasi da avec paura...
1527 4158 1737 4382 KAK.
584 4343 2246 4532 Mi dirai insomma love sei andato.
1520 4511 1919 4731 ANATOLIO
1908 4514 2588 4649 (gravemente)
1744 4624 1919 4738 OLY
2172 4632 2410 4763 Antrag.
587 4689 2211 4899 Io dovero andar là... al veglione
2097 4731 3001 4973 t.fella, E intorno est
1072 4817 1360 4984 ne st.
1470 4810 1816 4984 in mez
