3832 5368
2938 309 3262 603 -27 -
996 687 2026 977 ANHA
2201 771 2587 969 me Irens
2613 687 3369 1000 von sarebbe sta¬
385 938 1991 1160 Quella ehe io tenevo per la buona.
1549 1118 1938 1316 EDOARDO
366 1263 3269 1495 Perciò prima di tutto era necessario di curarti della tua in-
385 1473 1171 1698 felice passione.
1011 1625 3445 1877 on una parolGIORGIO' viva? Maa ti calcolava paaze.
362 1843 3353 2041 Di quale passione? Di quale infelice passione? (Edoardo tace)
378 2030 1911 2289 Irene?...... (pausa) Irone?....
1522 2220 1797 2400 ANNA
366 2381 3281 2602 Ella ebbe la sua parte di colpa, nel fatto che allora dopo il
362 2602 3422 2781 tuo primo successo hai rinunziato alla tua esistenza regolare...
1495 2743 1927 2957 EDOARDO
759 2770 1389 2949 tu stesso sein
362 2934 3258 3147 Che sei uscito dall'ufficio, dove avevi sempre le tue entrate
362 3117 1148 3353 sicure......
1530 3285 1934 3521 GlORGIO
343 3510 3201 3704 Ella ha creduto in me! Ha creduto iu me. Ella non ha voluto
359 3678 3243 3891 che io chiudessi Ia mia libera anima nei legami di un impiego
366 3857 2938 4044 quotidiano, momento, che il giusco riesoisse.... tu mi
2972 3918 3258 4071 uarden-
481 4013 2312 4238 di tanto in tanto cesi ANANamente......
313 4196 3201 4406 Io avrei tanto desiderate ehe tu fossi sicuro e tranquillo,
328 4422 2655 4628 temevo che non avresti potuto esserlo con Irene.
1484 4589 1923 4795 ﻿GlORGIO
324 4700 3327 4967 Sieure? Tranquille? Sone cose queste forse che avovano quella
336 4956 3254 5196 alta qualche valare per mede paasie. Ti ho quasi aspettate.
