3656 5368
2798 363 3177 564 23.
242 704 2798 958 se mi ritroverä. E' un'interessantissima esistenza.
2862 735 3048 973 alle
841 931 1893 1140 EDOARDO
2374 916 3109 1159 la séé la esseur
231 1109 3279 1329 E quando non vai a passeggiare, che cosa fai? Di che ti occu¬
239 1306 3071 1473 pi precisamente? (con improvvisa decisione) Sorivi sempre?
1386 1480 3037 1704 ufgenommen zu kauffen.
220 1677 3059 1870 Scrivere.... nel senso che tu dai alla parola...no! In un
216 1844 920 2060 altro.... si.
2427 1855 2586 2041 G.F.P.
1363 2003 1764 2219 EDOARDO
204 2177 723 2412 Lo sapevo.
587 2359 1284 2567 auseita una acam
1939 2408 2181 2571 were.
1363 2363 1795 2601 ﻿GlORGIO
201 2506 3124 2802 Non sai nulla 1 Sapete in ogni modofbisogna mangiare....per
204 2790 3025 2968 lo meno di tanto in tanto. Sole per questo scopo 10 fo qual-
204 2965 3112 3143 che volta dei lavoretti per un giornale. Non col mio nome, na-
212 3112 3033 3309 turalmente, Potrei alloustesso modo portar del carbone o ta-
197 3290 3150 3536 gliar delle canne da pipe. Voglio dire con ciò che questo lavo¬
193 3521 3180 3699 ro non ha nulla a che fare con la mia anima, non ruba nulla del-
182 3669 3230 3911 la mia libertà interiore. Ma basta parlar di me! Basta! (pausa)
170 3862 3074 4044 (Anna ed Edourdo si scambiano un'oechiata) E' strano!
223 4025 2294 4237 rei distrutta, per assicEDoANDO ella verith-
163 4176 2207 4445 Cha cosa trovi strano? OIORGIO + Earda en
1272 4388 1851 4608 ﻿GlORGIO
178 4536 3071 4790 Che vi siate accovacciati in una buona casa; la lampada sulla
178 4774 3078 4994 tavola; vi cresoe un rägazzo.... (entra la cameriera) una came-
148 4945 3139 5161 riera vi serve; probabilmente siete anche assieurati centro gli
