3832 5352
1345 208 1586 474 1:1
2993 361 3299 627 -26-
1564 714 1943 948 EDOARDO
405 940 3280 1119 Spiacevole? Per me? Mi fai ridere. Ma non ti accorgi che io
394 1119 2869 1327 ho qui appunto il più grandi trionf? della mia vita?
1564 1279 1935 1502 GlORGIO
386 1469 2942 1648 Ah! Se è cosi...allora raccontami su la storia, Anna.
1549 1658 1804 1833 ANNA
394 1793 3160 2041 Non c'e più niente da raccentare. (sorridendo) La cosa mi è
379 2016 3280 2183 riesoita male, come tu sai. Tu non sei deventato affatto gelo-
379 2176 1728 2387 so. E cosi appunto e finita.
1545 2362 1906 2577 GIORGIO
2694 2377 3149 2599 Lora depe
379 2541 857 2763 Finita...
1301 2588 1680 2818 rai rinz
1844 2559 2770 2785 dato alla tua esistenn
1538 2723 2377 2942 ANNA (sorridendo)
364 2865 3277 3120 Doveva ben esser finita, poichè era svanita l'ultima speranga.
361 3120 2916 3321 Non à vero? Allora naturalmente mi dovevo accomodare.
1538 3284 1906 3510 GlORGIO
375 3415 3299 3685 ci sarebbe tuttavia da considerare la possibilità, che non eri
350 3645 1888 3853 molto avanti colla tua passione.
2202 3689 3262 3911 i legami di un impiage
1520 3827 1906 4053 EDOARDO
368 4020 3102 4188 Questo per parte mia Mæ l'ho sempre affermato. Era più una
364 4177 3270 4432 spece d'amicizia, quolla che sontiva per te, una specie di sim-
343 4389 3164 4633 patia. E perciò importava di ricondurti sulla buona strada.
1451 4502 1618 4589 pot
1513 4553 1881 4815 GIORGIO
346 4738 3018 4968 Sulla buona strada?...  No dese queste forse che avevano
1553 4954 1779 5161 n0?
