3720 5352
2726 229 3163 558 12 - 21 -
547 705 1485 1023 spesso.
1545 637 3173 937 fianco, sedeva là...... qui Habicht,
1606 894 2951 1127 GlORGIO
522 991 1542 1138 il glovane comice, con¬
572 1088 3323 1313 Vedi, 10 l’ho gettato dalla finestra il mio oboe. Gli imbe-
565 1295 3209 1485 cilli hanno gridato: "Non ha più nulla in testa!" Io
565 1452 3252 1656 lascio gridare. Al vero artista non può venirgli nulla in
569 1653 3252 1842 testa perchè ha tutto in sè... ha l'esuberanga interiore.
576 1850 1882 2064 Questo è, da questo dipende.
1617 2003 2014 2172 EDDARDO
547 2200 3424 2379 E' come, se io ti avessi ascoltato ieri per l'ultima volta...
558 2365 3331 2565 davvero! Io non posso persuadermi che noi ci siamo rivedu-
565 2565 3252 2769 ti oggi per la prima volta....da quella festa d'addio, il
558 2744 1395 2912 vent'otto aprile.
1585 2891 1964 3112 GOIGIORGIO
547 3095 2680 3338 Non era una festa d'addio. Solo per caso.....
1574 3291 1950 3477 EDOARDO
555 3413 3120 3671 Per me era. Io avevo già in tasca il mio contratto per
547 3642 3238 3882 Boston. Non ti ricordi più? Si è bevuto al mio avvenire;
572 3860 3252 4068 tu hai anche fatto ua discorso. Non ti rammenti?.... Ah!
555 4060 3327 4236 che serata! Si ripenso come ad un sogno. Came se fosse sta-
558 4182 3291 4411 ta la prima sera di primavera che io avessi vissuto. Sede-
555 4361 3406 4586 vame sotto degli alti alberi, in duelunghe tavole che s'eran
537 4565 3227 4840 dovute accostare. Sulle tavole erano accese delle force.
