3720 5368
2923 291 3199 556 16.
1303 705 1702 941 GlORGIO
340 881 2605 1206 Avevi motivo di crederlo, ma ti sei ingannato.
1280 1094 1672 1306 EDOARDO
2766 1269 2930 1556 /
347 1232 1374 1508 Che? E possible?
735 1441 1075 1646 cose:
1751 1437 2329 1653 quasi da ve
1288 1452 1698 1683 GlORGIO
347 1695 3214 1892 Tutto ciò fu uno scherzo malinconico che avevo immaginato io.
1269 1900 2937 2142 EDOARDO (dissimulando la sorpresa)
347 2030 1000 2210 Uno scherzo?
590 2180 832 2385 sul 7
1814 2213 2187 2378 mark co
2355 2210 2527 2419 a
1262 2217 1657 2404 GlORGIO
325 2363 3117 2609 Si. Era una cosa concertata. La piccina, che fu cosi tenera
328 2546 3020 2792 con te, sece semplicemente ciò che io volevo. Voi eravate
302 2777 3214 3012 delle marionette nelle mani mie. lo muovevo i fili. Era combi-
306 2986 3303 3184 nato che lei doveva fingersi innamorata di te. Perche tu, Edoar-
302 3087 3176 3370 do, mi facevi proprio male. To volevo risvegliare in te l'il-
291 3292 3188 3531 lusione della felicita, affinchè la vera felicità, quando una
310 3509 3184 3680 volta comparisse, ti trovasse pronto. E cosi 10- come avreb-
287 3658 3195 3874 be potuto essere un altre invece di me - ho prodotto forse un
287 3837 3124 4083 effetto più profonde di quanto io volessi. Io ho fatto di te
280 4053 3206 4270 un altr'uomo. I posso ben dire: à un piacere più nobile giocar
269 4214 3165 4445 von dei vivi, ehe far tibrar in una postica dansa delle bolle
265 4438 649 4602 d'aria.
373 4509 3206 4766 — paa, si riprende: affet oaue lei è ancora vive!
235 4751 3057 5024 Genti, Giergie, tutto semmato, trove che non avresti doruto
265 4927 676 5140 dirmelo.
