3672 5368
2918 279 3197 522 2930
507 697 712 801 G.O.F.D.
261 589 3070 932 Mi sembrava come se tu dovessi....come.... (näusa) Ma tu non
291 902 3193 1129 sei venuto. Dopo che ho aspettato inutilmente due giorni, fi-
276 1062 3141 1300 nalmente mi apparve chiaro tutto. Tutto. E mi sono molto ver-
276 1263 3141 1472 gognata. Non soltanto per me; anche per lui. Per Edoardo. Si,
276 1457 3149 1662 certo, sin nel piü profonde dell'anima mi sono vergognata per
291 1595 3108 1818 tutti e due. Avevo tanto dolore. Avrei piuttosto voluto....
619 1785 1155 1967 asibile. Dz
2083 1800 3208 2046 talvolta minaceiati sen¬
1420 1807 1848 2012 EDOARDO
265 1938 1584 2273 No, non dir quella parola.
1427 2154 2515 2392 ANNA (silenziosamente)
291 2310 954 2549 morire.
1431 2515 1841 2735 EDOARDO
261 2690 3111 2910 Si, questo me l'ha detto anche allora. E mi si è buttato in
261 2884 3182 3097 ginoochie...cioè, io naturalmente l’ho subito rialzata.....e
261 3067 3167 3279 mi ha confessato tutto, si, assai più di quanto tu stesso sa-
261 3249 2832 3495 pevi. E s'è gettata singhiozzando fra le mie braccia.
563 3443 1315 3603 to. No, is non a
1401 3439 3104 3659 ANNA (sorridende)
261 3607 3138 3838 Si. E cosl ritorno il sereno. Non durò a lungo. Era melto be-
246 3812 2228 4028 ne, pensai poco depo, che non sia venuto,
2370 3991 2843 4207 recezione.
514 4006 753 4244 1851.
883 3972 1099 4207 vraie
1420 3968 1848 4199 EDOARDO
253 4177 3182 4427 Ed ella mi scrisse delle lettere, mentre io ere laggiù in Ame-
246 4367 3141 4565 rica. Ah i E quali lettere! Le ho conservate tutte. Le rileg-
250 4531 3249 4785 giamo di tanto in tanto. Sche 11 in quel cassette. I poi, qual-
272 4736 3178 4945 che tempe dopo, elia prese un biglietto, montò sul piroscafe,
265 4937 3208 5131 a venne da me a Boston. Si, Giorgie, qui c'à un essere, che mi
