3656 5368
2910 358 3201 589 -25-
1379 693 1766 913 GIORGIO
231 872 3085 1148 I sarebbe? Per me? Mi fa! ridere, Ma non ti accorgi che ia
939 1077 2698 1312 EDOARDO
216 1267 3190 1487 11 più interessante di tutte questo è che Anna prima aveva nel
231 1442 1643 1714 cuore un inclinazione per te.
1379 1636 1766 1837 GIOROIO
224 1818 2791 2027 Per me? Ah! Eceo; ora si vuol fare a me uno scherzo.
846 1990 1233 2206 come to
1341 2001 1796 2213 EDOARDO
1885 2031 2992 2198 sei deventate affatte ge¬
235 2157 3197 2359 Uno scherzo? Non sarebbe eattivo. (rispondendo ad uno sguardo
212 2396 3104 2575 di Anna) Ah Egli deve saper tutto. Glielo dobbiamo. In certo
235 2549 2385 2769 qual modo. Si, essa aveva una passione per te.
1371 2735 1789 2910 ﻿GlORGIO
1509 2888 2888 3115 chà era svanita l'ultima sper
201 2888 768 3126 Anna 7.....
969 3111 1155 3253 e e
1345 3085 3246 3301 ANNA (mettendo tranquillamente la tova-
522 3108 786 3294 verte
194 3272 3190 3458 glia). Qualcosa di simile deve esserci stato. Altrimenti non mi
216 3458 2243 3711 sarei prestata a tutta quella commodia.
2731 3443 2895 3730 mon
641 3633 1759 3872 Kellakinae ia GIORGIO
224 3868 2567 4013 questo non lo capisco. Neppure una parola capisco,
224 4006 1759 4226 Quasto per parte nia t'ANNA emp.
2467 4002 2947 4218 siù una
216 4211 3104 4423 Questa commedi###era appunto la min ultima speransa. Tu dovevi
205 4367 2038 4617 diventar geloso.
1356 4568 1766 4777 GlORGIO
205 4751 3078 4997 Io dovere 7.... Ahl Booo.....hm, Edoardo, ti deve esserspiace-
212 4952 1666 5194 vole di ascoltar queste cose!
