3768 5336
1947 194 2165 368 P.S.
3053 364 3356 609 - 20 -
1229 664 1927 967 MAX
613 858 1906 1089 Ah I
793 1042 2052 1290 ANATOLIO
602 1222 1930 1477 Ti sorprendi, ome 10?...
1270 1406 1828 1644 MAX
613 1593 2056 1824 Ora posso immaginarmi il resto
1515 1807 2001 2001 ANATOLIO
606 2005 3332 2148 Eppure no, amico mio... mentre io stavo là nel freddo di
619 2158 1705 2389 una notte d’inverno...
1532 2332 2556 2628 MAX (MAK)
602 2529 1579 2754 Rabbrividendo!...
1545 2689 1978 2910 ANATOLIO
606 2866 3315 3077 Gelando 1 In quel momento sentii come un aouto dolore, il
602 3070 3278 3278 dolore che d'allora in poi non sarei più un uomo libero,
626 3298 3298 3468 che avrei dovuto dare un addio per sempre alla mia dolco,
613 3468 3295 3666 pazza vita di scapolo 1 L'ultima notte, dicevo fra di me,
613 3625 3298 3870 nella quale puoi fornare a casa, senza che ti si domandi:
613 3850 3349 3996 dove siei stato?... L'ultima notta de libertà, di avven-
606 3979 1804 4197 turs... forse di amore!
1525 4132 2076 4384 cela rue
596 4340 1273 4561 Ontst###
1532 4513 2519 4786 ANATOLIO
613 4765 3342 4973 B eosl me stave in mezzo alla folla. E interno a me un
