3848 5352
2557 185 2934 402 Monsieur
3057 250 3358 529 156
1456 761 1880 942 GlORGIO
536 971 3344 1206 Io credo che quella sera sia stata per te più importante
536 1185 3376 1355 di quanto tu sospetti. To credo che quella sera tu abbin be-
554 1326 3318 1543 vuto il coraggio di vivere, del quale Ancor oggi sei pieno.
511 1503 3325 1717 Perchè in quell’occasione, scusa sai, tu per la prima volta
525 1728 3358 1924 kai provato che anche tu eri in condizione di dare della fe-
529 1902 2119 2094 licita e di avere della felicità.
504 2065 663 2224 Une
1456 2119 1837 2289 EDOARDO
536 2275 1398 2463 Qui non hai torto.
1101 2445 1413 2590 os ee
1945 2427 2833 2630 piccina, che fu ces
1453 2398 1855 2637 GIORGIO
500 2597 3325 2829 Non ci fosse stata quell ora, saresti rimasto tutta la vita
522 2811 3336 3010 quel rogazzo timido, pauroso, che io tl ho conosciuto. For-
500 2985 3347 3166 se non avresti trovato una sola volta il coraggio di conqui-
518 3148 1286 3354 stare una donna.
877 3318 1268 3503 slla fei:
1427 3296 2532 3561 EDOARDO (come convinto)
2090 3572 2271 3691 de V.
2500 3517 3300 3735 ie - come avreb-
504 3514 2032 3735 Qui, Giorgio, puoi aver ragione.
1438 3651 3307 3941 GlORGIO   he prodotte forse un
464 3901 3365 4075 E come venne tutto ciò?òme potè succedere questo straordi-
467 4068 3336 4296 nario cambiamento del tuo essere? Perche tu hai creduto che-
475 4238 3387 4448 la bella rogazza che ti vide allora per la prima volta si sia
482 4405 1732 4633 innamorata a colpo di tes
1398 4601 1953 4814 EDOARDO
1561 4785 3191 5046 mate, trove che non avresti dovuto
453 4724 1268 5068 Ne avevo missive.
619 4970 793 5158 10.
