3704 5368
1923 255 2095 518 D'
3027 330 3304 563 30 -
394 695 3064 909 è corso dietro in America, tanto mi ha.... amato (pausa)
338 886 2805 1123 OIORGIO (sopra pensiere)
402 1055 2880 1269 E se io quella volta ehe mi aspettava fossi venuto?
349 1250 2970 1449 Ne...sono molte... lascia.ANNA non desidere di esser dis
368 1442 3177 1678 Allora probabilmente sarebbe accaduto alcunchè di diverso.
935 1596 1953 1821 GIORGIO
372 1799 3252 2054 Ei possibile. Da quali pericoli si è talvolta minacciati sen-
379 1941 1314 2212 za sospettarlo 1
1378 1986 1791 2170 bratten Gulden
1521 2155 1911 2354 EDOARDO
368 2317 1329 2493 Cioè?
1431 2332 1660 2565 o! ne
2644 2298 3094 2568 andere da
297 2512 807 2719 me il me
912 2456 3165 2752 nze, quando mOIORGIO in libertà, mentre passeg-
345 2685 3297 2876 Se ic penso che mi avrebbe potuto capitare di diventar un buon
338 2873 3120 3087 padre di famiglia, come tu.... di esser seduto sotto una
342 3060 3361 3274 lampada a sospensione e di avere al mio servizio una cameriera.
342 3256 3233 3496 lascia ehe oi rallegriamo tutti che io quella volta non sia
357 3425 3154 3646 venuto. No, io non sono nato per pranzare su una tavola con
327 3612 2700 3841 la tovaglia pulita. Sark subito qui x siesome i
297 3789 743 3969 sidere dis
1442 3808 3128 4018 EDOARDO ai permettarete
282 4010 2850 4206 Ma oggi, Giorgio,oggi almeno farai pur un'eccezione.
1416 4164 1908 4397 GÏORGIO
237 4269 1986 4574 Moietergio, die ti viene in mente?
1419 4525 2253 4780 EDOARDO
244 4701 1476 4983 Rimani a pranzo con noi.
1423 4728 2467 5114 aronate
2482 4750 2948 5126 déce que
499 4968 1615 5242 beschär voler mit Jnsister
2388 5088 2565 5257 tive
1686 5065 2287 5242 Si, ma ei si
