3800 5352
2849 302 3100 568 82
1660 690 2120 941 GlORGIO
1782 880 2220 1114 aesidente.
578 859 1710 1128 Mi sarebbe dispiaciuto.
1653 1089 2037 1300 EDOARDO
2087 1254 3478 1512 Zuocedone in un gierne, seltam
582 1257 1918 1509 Dispraciuto....Perche poi?
2220 1430 3323 1663 mente. Oppure anche selbst
1336 1469 1620 1660 me le
1671 1462 2066 1674 GÏORGIO
582 1635 3470 1861 So le mie regioni, per esser prudente in simili osservazioni.
1660 1829 2062 2059 EDOARDO
596 2015 916 2256 Cioè?
1678 2184 2059 2393 GIORGIO
596 2371 3366 2551 Ti voglio raccontere una storia che mi è successa un paio
607 2576 3341 2781 d’anni fa in Perrovia. Bra verso le sei del mattino, d’in-
600 2784 3366 2924 verne. Di rimpetto a me, nell'angolo del vagone, sedeva un
607 2931 3420 3129 uomo, che sonneochiava. lo non le conoscevo, non l'avevo mai
600 3086 3420 3312 visto, non m'interessava affatto. A un tratto mi passa un'i-
593 3266 3420 3503 dea per la testa: muori! E een questa idea lo guardo per un
589 3442 3352 3682 po' di tempo. Quelle continua a dernire e non si muove. Io
600 3654 3348 3887 guardo di nuovo fuori della finestra il paesaggio pieno di
3086 3794 3287 3923 quell
596 3876 3456 4045 neve, come à min abitudine, e dimentico completamente l'indi-
607 4016 3334 4214 viduo. Arriviano a Vienna. lo mi alzo, scendo, ma l'altro
607 4189 3399 4419 niente. L'altre resta seduto, senza muoversi. Chiamo gente,
607 4404 3377 4609 lo portano fuori,....era morte....morto. 1 medici dissero
593 4588 3011 4792 che ira un colpe apoplettios. Lasela, non lo tolle
596 4756 841 4994 più.
