3704 5352
1814 232 2135 481 1
2783 292 3108 535 10½
1408 670 1821 916 EDOARDO
492 870 3343 1098 come vuoi. Ma almeno mettiti a sedere.I dimmi finalmente che
485 1051 3300 1297 cona hai fatto in tutto questo tempo. Hon posso comprendere
499 1269 3353 1490 che non si sia più sentito parlare di te, come se tu fossi...
1319 1447 1782 1614 GlORGIO
1860 1465 2213 1664 ste non
492 1625 3215 1846 Come se fossi scomparso. Su via, dille nure. Ti assiouro,
488 1821 3140 2024 non famale ad esser scomparsi. Ed io credo che non possa
499 1999 2858 2220 capitar nulla di meglio ad uomini del mio stampo.
1365 2149 1771 2359 EDOARDO
474 2331 3311 2577 Ma....quella volta sembrava pure....noi tutti ti aspettava
470 2541 3197 2748 mo...Tu eri sulla strada di diventar qualoosa di grande.
1354 2723 1753 2876 GlORGIO
795 2748 991 2887 at the
3011 2776 3225 2958 forse
481 2912 3261 3118 Chi ti dice che non lo sia diventato? Lo devono vedere gli
470 3108 3179 3311 altri? Se tu oggi vendessi il tuo oboe, o se le tue dita
474 3282 3339 3443 diventassero storpio,o le tue labbra non avessero più l'agili
488 3457 3257 3667 tà di prima, in modo che tu non petessi più suonare.... sa-
474 3639 3222 3831 resti forse un virtuose dameno di prima? O supponi invece
481 3810 3197 4002 che tu non avessi più voglia e tu gettassi semplicemente
456 3995 3321 4241 fuari dalla finestra il tuo oboe, perchè il suo sueno non ti
485 4187 3289 4348 soddisfa più.... non saresti piì un'artista? O non lo sare-
456 4373 3307 4594 sti forse molto di più, se tu avessi gettato fuori dalla fi-
470 4569 3172 4786 nestra il tuoistrumento che ira cosi impotente a paragone
481 4750 2883 4964 della musica divina ehe sentivi nel tuo cervello?
1622 4918 2031 5089 EDOARDO
481 4954 3175 5207 Impotente,... si! Vedi, ciò che tu dici qui, l'ho sentite
