<?xml version="1.0" encoding="UTF-8" standalone="yes"?>
<PcGts xmlns="http://schema.primaresearch.org/PAGE/gts/pagecontent/2013-07-15" xmlns:xsi="http://www.w3.org/2001/XMLSchema-instance" xsi:schemaLocation="http://schema.primaresearch.org/PAGE/gts/pagecontent/2013-07-15 http://schema.primaresearch.org/PAGE/gts/pagecontent/2013-07-15/pagecontent.xsd">
    <Metadata>
        <Creator>prov=READ-COOP:name=TrHtr:version=2.1.0:model_id=51170:date=15_08_2023_08:29</Creator>
        <Created>2023-05-10T15:35:48.758+02:00</Created>
        <LastChange>2023-08-15T08:29:10.448+02:00</LastChange>
        <TranskribusMetadata docId="1428923" pageId="55434553" pageNr="14" tsid="132842746" status="IN_PROGRESS" userId="64420" imgUrl="https://files.transkribus.eu/Get?id=ZIYFWSPZTBTRFZPHOKYMIPNU&amp;fileType=view" xmlUrl="https://files.transkribus.eu/Get?id=ENZSCFIAUEZJOFLPJZETVEXJ" imageId="44708543"/>
    </Metadata>
    <Page imageFilename="1428923_0014.jpg" imageWidth="3768" imageHeight="5320">
        <ReadingOrder>
            <OrderedGroup id="ro_1711801125199" caption="Regions reading order">
                <RegionRefIndexed index="0" regionRef="tr_1"/>
            </OrderedGroup>
        </ReadingOrder>
        <TextRegion id="tr_1" custom="readingOrder {index:0;}">
            <Coords points="591,439 3421,439 3421,4989 591,4989"/>
            <TextLine id="tr_1_tl_1" custom="readingOrder {index:0;}">
                <Coords points="3028,568 3070,586 3098,565 3172,607 3182,596 3214,611 3253,600 3267,614 3305,600 3302,389 3274,393 3256,375 3232,375 3200,344 3133,347 3088,386 3074,375 3025,386"/>
                <Baseline points="3045,495 3134,495 3224,489 3307,507"/>
                <TextEquiv>
                    <Unicode>12-</Unicode>
                </TextEquiv>
            </TextLine>
            <TextLine id="tr_1_tl_2" custom="readingOrder {index:1;}">
                <Coords points="1526,849 1614,842 1667,863 1695,842 1775,863 1800,846 1828,867 1951,853 1954,565 1877,604 1821,604 1782,642 1695,632 1603,586 1526,589"/>
                <Baseline points="1546,746 1600,746 1689,746 1779,746 1868,746 1958,740"/>
                <TextEquiv>
                    <Unicode>ANATOLIO</Unicode>
                </TextEquiv>
            </TextLine>
            <TextLine id="tr_1_tl_3" custom="readingOrder {index:2;}">
                <Coords points="600,1028 649,1035 667,1021 709,1053 779,1021 821,1039 923,1028 1018,1042 1018,891 958,877 909,895 828,888 723,828 709,842 649,828 618,853 596,849"/>
                <Baseline points="620,937 710,937 800,943 889,943 979,943 1026,937"/>
                <TextEquiv>
                    <Unicode>Susl....</Unicode>
                </TextEquiv>
            </TextLine>
            <TextLine id="tr_1_tl_4" custom="readingOrder {index:3;}">
                <Coords points="2965,1112 3035,1109 3091,1130 3119,1112 3340,1126 3340,1025 3309,1025 3256,979 3228,993 3203,986 3172,1011 3137,1000 3074,1032 2968,1004"/>
                <Baseline points="2984,1118 3080,1098 3170,1098 3260,1104 3349,1104"/>
                <TextEquiv>
                    <Unicode>t camera</Unicode>
                </TextEquiv>
            </TextLine>
            <TextLine id="tr_1_tl_5" custom="readingOrder {index:4;}">
                <Coords points="1526,1140 2474,1109 2474,1035 2368,1039 2281,993 2196,1035 1923,1028 1891,1056 1726,1014 1526,1018"/>
                <Baseline points="1546,1104 1636,1110 1725,1116 1815,1116 1904,1116 1994,1110 2083,1110 2173,1116 2262,1110 2352,1110 2442,1104 2484,1129"/>
                <TextEquiv>
                    <Unicode>MAX ( accennando la</Unicode>
                </TextEquiv>
            </TextLine>
            <TextLine id="tr_1_tl_6" custom="readingOrder {index:5;}">
                <Coords points="2463,1175 2502,1189 2611,1172 2674,1214 2761,1182 2800,1207 2846,1200 2881,1232 2972,1196 2975,996 2586,1046 2467,996"/>
                <Baseline points="2484,1129 2531,1110 2621,1110 2710,1110 2800,1104 2889,1104 2984,1118"/>
                <TextEquiv>
                    <Unicode>porta delle</Unicode>
                </TextEquiv>
            </TextLine>
            <TextLine id="tr_1_tl_7" custom="readingOrder {index:6;}">
                <Coords points="2968,1175 3077,1172 3130,1218 3144,1204 3218,1218 3256,1193 3312,1218 3368,1200 3365,1116 3228,1126 3158,1112 3091,1130 2965,1084"/>
                <Baseline points="2984,1118 3069,1152 3158,1152 3248,1152 3337,1152 3373,1152"/>
                <TextEquiv>
                    <Unicode>-,,</Unicode>
                </TextEquiv>
            </TextLine>
            <TextLine id="tr_1_tl_8" custom="readingOrder {index:7;}">
                <Coords points="2147,1172 2200,1179 2249,1207 2298,1193 2368,1204 2386,1189 2407,1204 2435,1189 2467,1204 2474,1112 2418,1126 2396,1116 2382,1130 2358,1119 2228,1133 2151,1126"/>
                <Baseline points="2167,1158 2209,1158 2298,1152 2388,1152 2484,1129"/>
                <TextEquiv>
                    <Unicode>=====</Unicode>
                </TextEquiv>
            </TextLine>
            <TextLine id="tr_1_tl_9" custom="readingOrder {index:8;}">
                <Coords points="1158,1411 1267,1389 1368,1418 1565,1340 1656,1400 1807,1396 1811,1193 1649,1235 1526,1200 1351,1214 1302,1182 1158,1228"/>
                <Baseline points="1176,1295 1265,1295 1355,1301 1444,1295 1534,1295 1624,1295 1713,1295 1803,1289 1815,1295"/>
                <TextEquiv>
                    <Unicode>Ah! E' lei?</Unicode>
                </TextEquiv>
            </TextLine>
            <TextLine id="tr_1_tl_10" custom="readingOrder {index:9;}">
                <Coords points="579,1404 684,1386 853,1432 909,1428 968,1386 1004,1407 1109,1382 1109,1214 972,1189 923,1235 856,1221 832,1242 754,1211 677,1221 635,1193 579,1207"/>
                <Baseline points="597,1355 668,1355 758,1355 847,1355 937,1355 1026,1349 1116,1349"/>
                <TextEquiv>
                    <Unicode>N. I.T.R.P.</Unicode>
                </TextEquiv>
            </TextLine>
            <TextLine id="tr_1_tl_11" custom="readingOrder {index:10;}">
                <Coords points="1533,1558 1639,1589 1709,1565 1796,1600 1951,1589 1954,1411 1909,1389 1846,1407 1818,1386 1649,1400 1596,1372 1537,1396"/>
                <Baseline points="1552,1480 1600,1474 1689,1474 1779,1474 1868,1474 1958,1468"/>
                <TextEquiv>
                    <Unicode>ANATOLIO</Unicode>
                </TextEquiv>
            </TextLine>
            <TextLine id="tr_1_tl_12" custom="readingOrder {index:11;}">
                <Coords points="593,1775 3161,1747 3109,1572 1828,1611 1144,1516 593,1589"/>
                <Baseline points="614,1665 662,1665 752,1665 841,1665 931,1665 1021,1665 1110,1665 1200,1665 1289,1659 1379,1659 1468,1659 1558,1659 1647,1659 1737,1665 1827,1665 1916,1659 2006,1659 2095,1659 2185,1659 2274,1659 2364,1659 2454,1665 2543,1665 2633,1659 2722,1659 2812,1659 2901,1653 2991,1653 3080,1659 3170,1647"/>
                <TextEquiv>
                    <Unicode>No... non è lei. Ma c'era anche lei... là... a poi una</Unicode>
                </TextEquiv>
            </TextLine>
            <TextLine id="tr_1_tl_13" custom="readingOrder {index:12;}">
                <Coords points="614,1958 3319,1881 3347,1761 614,1768"/>
                <Baseline points="632,1850 668,1850 758,1850 847,1850 937,1850 1026,1844 1116,1844 1206,1844 1295,1844 1385,1844 1474,1844 1564,1844 1653,1844 1743,1839 1833,1844 1922,1844 2012,1844 2101,1839 2191,1844 2280,1839 2370,1839 2459,1839 2549,1839 2639,1839 2728,1839 2818,1839 2907,1839 2997,1839 3086,1839 3176,1839 3266,1839 3355,1844"/>
                <TextEquiv>
                    <Unicode>splendida donnina bruna, di cui non voglio dire il nome...</Unicode>
                </TextEquiv>
            </TextLine>
            <TextLine id="tr_1_tl_14" custom="readingOrder {index:13;}">
                <Coords points="614,2151 3133,2056 3288,2032 3288,1937 614,1954"/>
                <Baseline points="632,2036 698,2030 788,2030 877,2030 967,2030 1056,2030 1146,2030 1235,2030 1325,2024 1415,2024 1504,2030 1594,2030 1683,2030 1773,2030 1862,2024 1952,2024 2042,2024 2131,2024 2221,2024 2310,2024 2400,2024 2489,2024 2579,2024 2668,2024 2758,2018 2848,2018 2937,2018 3027,2018 3116,2018 3206,2018 3295,2012"/>
                <TextEquiv>
                    <Unicode>appoi la piccola Ida, la biondina di Teodoro... ma senza</Unicode>
                </TextEquiv>
            </TextLine>
            <TextLine id="tr_1_tl_15" custom="readingOrder {index:14;}">
                <Coords points="2726,2116 2744,2116 2761,2130 2782,2119 2803,2133 2832,2119 2860,2123 2898,2116 2898,2039 2842,2039 2818,2053 2793,2032 2779,2042 2726,2032"/>
                <Baseline points="2746,2095 2836,2095 2907,2095"/>
                <TextEquiv>
                    <Unicode>so I</Unicode>
                </TextEquiv>
            </TextLine>
            <TextLine id="tr_1_tl_16" custom="readingOrder {index:15;}">
                <Coords points="593,2295 3137,2333 3316,2249 3316,2116 593,2151"/>
                <Baseline points="614,2209 638,2209 728,2209 818,2215 907,2215 997,2215 1086,2215 1176,2215 1265,2209 1355,2209 1444,2215 1534,2215 1624,2215 1713,2215 1803,2209 1892,2209 1982,2209 2071,2209 2161,2209 2250,2209 2340,2209 2430,2209 2519,2209 2609,2203 2698,2203 2788,2203 2877,2203 2967,2203 3057,2203 3146,2203 3236,2203 3325,2197"/>
                <TextEquiv>
                    <Unicode>Teodoro... eccetera, eccetera. Ie le riconobbi tutta nono-</Unicode>
                </TextEquiv>
            </TextLine>
            <TextLine id="tr_1_tl_17" custom="readingOrder {index:16;}">
                <Coords points="600,2470 2060,2516 2411,2396 3267,2418 3267,2316 600,2333"/>
                <Baseline points="620,2394 680,2394 770,2394 859,2394 949,2394 1038,2394 1128,2394 1218,2394 1307,2394 1397,2394 1486,2394 1576,2394 1665,2394 1755,2394 1844,2394 1934,2394 2024,2394 2113,2394 2203,2388 2292,2394 2382,2388 2471,2382 2561,2388 2651,2388 2740,2388 2830,2382 2919,2382 3009,2382 3098,2382 3188,2388 3277,2388"/>
                <TextEquiv>
                    <Unicode>stante la maschera... dalla voce, dal mode di camminare,</Unicode>
                </TextEquiv>
            </TextLine>
            <TextLine id="tr_1_tl_18" custom="readingOrder {index:17;}">
                <Coords points="2481,2491 2502,2491 2519,2509 2568,2505 2579,2516 2607,2519 2649,2498 2695,2498 2695,2400 2642,2393 2625,2407 2561,2400 2530,2425 2505,2407 2481,2411"/>
                <Baseline points="2501,2483 2591,2489 2680,2483 2704,2483"/>
                <TextEquiv>
                    <Unicode>non</Unicode>
                </TextEquiv>
            </TextLine>
            <TextLine id="tr_1_tl_19" custom="readingOrder {index:18;}">
                <Coords points="600,2593 944,2681 2607,2691 2775,2582 3305,2596 3305,2484 600,2505"/>
                <Baseline points="620,2579 626,2573 716,2579 806,2573 895,2579 985,2579 1074,2579 1164,2579 1253,2579 1343,2579 1432,2573 1522,2579 1612,2579 1701,2579 1791,2579 1880,2573 1970,2573 2059,2573 2149,2573 2239,2573 2328,2573 2418,2573 2507,2573 2597,2573 2686,2573 2776,2573 2865,2573 2955,2573 3045,2567 3134,2567 3224,2567 3313,2561"/>
                <TextEquiv>
                    <Unicode>da una mossa. Ma, strano... Una soltanto mi risaci di ri-</Unicode>
                </TextEquiv>
            </TextLine>
            <TextLine id="tr_1_tl_20" custom="readingOrder {index:19;}">
                <Coords points="3095,2674 3126,2660 3154,2670 3165,2660 3193,2670 3239,2667 3263,2653 3319,2688 3337,2688 3330,2572 3312,2572 3284,2600 3193,2586 3172,2603 3140,2579 3112,2596 3088,2596"/>
                <Baseline points="3110,2645 3200,2645 3289,2651 3343,2662"/>
                <TextEquiv>
                    <Unicode>G.C.H.P.</Unicode>
                </TextEquiv>
            </TextLine>
            <TextLine id="tr_1_tl_21" custom="readingOrder {index:20;}">
                <Coords points="596,2856 1140,2867 1337,2761 3358,2775 3189,2670 600,2688"/>
                <Baseline points="620,2764 680,2758 770,2764 859,2764 949,2764 1038,2764 1128,2758 1218,2758 1307,2758 1397,2758 1486,2758 1576,2758 1665,2758 1755,2758 1844,2758 1934,2758 2024,2764 2113,2758 2203,2758 2292,2758 2382,2758 2471,2758 2561,2758 2651,2758 2740,2752 2830,2752 2919,2752 3009,2752 3098,2752 3188,2752 3277,2752 3367,2740"/>
                <TextEquiv>
                    <Unicode>conpcer subito. lo inseguivo lei, o lei insejuiva me. Cono-</Unicode>
                </TextEquiv>
            </TextLine>
            <TextLine id="tr_1_tl_22" custom="readingOrder {index:21;}">
                <Coords points="593,2965 2309,3025 3344,2972 3379,2842 593,2863"/>
                <Baseline points="614,2943 698,2943 788,2943 877,2943 967,2943 1056,2943 1146,2943 1235,2943 1325,2943 1415,2943 1504,2943 1594,2937 1683,2937 1773,2943 1862,2943 1952,2937 2042,2937 2131,2937 2221,2937 2310,2937 2400,2937 2489,2937 2579,2937 2668,2937 2758,2937 2848,2937 2937,2931 3027,2931 3116,2931 3206,2931 3295,2931 3385,2937"/>
                <TextEquiv>
                    <Unicode>scevo la sua figura. E ei si incontrava ogni momento. Vici¬</Unicode>
                </TextEquiv>
            </TextLine>
            <TextLine id="tr_1_tl_23" custom="readingOrder {index:22;}">
                <Coords points="589,3218 3340,3126 3168,3014 589,3028"/>
                <Baseline points="609,3122 698,3122 788,3122 877,3122 967,3122 1056,3122 1146,3122 1235,3128 1325,3128 1415,3128 1504,3122 1594,3122 1683,3122 1773,3122 1862,3128 1952,3128 2042,3122 2131,3122 2221,3122 2310,3122 2400,3122 2489,3122 2579,3128 2668,3122 2758,3122 2848,3116 2937,3116 3027,3116 3116,3122 3206,3122 3295,3122 3349,3122"/>
                <TextEquiv>
                    <Unicode>no alla fontana, al kuffet, sotto i palchi di proscenio...</Unicode>
                </TextEquiv>
            </TextLine>
            <TextLine id="tr_1_tl_24" custom="readingOrder {index:23;}">
                <Coords points="604,3375 3411,3361 3407,3239 3302,3214 600,3228"/>
                <Baseline points="620,3301 710,3301 800,3307 889,3307 979,3307 1068,3307 1158,3307 1247,3307 1337,3307 1427,3301 1516,3307 1606,3307 1695,3307 1785,3307 1874,3307 1964,3307 2053,3307 2143,3307 2233,3307 2322,3307 2412,3313 2501,3313 2591,3313 2680,3307 2770,3307 2860,3307 2949,3307 3039,3313 3128,3313 3218,3313 3307,3319 3397,3343 3421,3349"/>
                <TextEquiv>
                    <Unicode>sempre. Alia fine mi prese a braccio, a seppi chi ara. (as¬</Unicode>
                </TextEquiv>
            </TextLine>
            <TextLine id="tr_1_tl_25" custom="readingOrder {index:24;}">
                <Coords points="1621,3505 1846,3509 1846,3418 1814,3418 1793,3403 1730,3425 1712,3411 1684,3421 1660,3407 1639,3425 1621,3425"/>
                <Baseline points="1641,3486 1731,3492 1821,3486 1856,3486"/>
                <TextEquiv>
                    <Unicode>Lei.</Unicode>
                </TextEquiv>
            </TextLine>
            <TextLine id="tr_1_tl_26" custom="readingOrder {index:25;}">
                <Coords points="600,3600 1572,3582 1572,3425 1530,3403 1284,3428 1214,3389 1039,3432 818,3400 761,3428 600,3368"/>
                <Baseline points="620,3492 710,3492 800,3492 889,3492 979,3492 1068,3492 1158,3492 1247,3492 1337,3486 1427,3492 1516,3492 1582,3492"/>
                <TextEquiv>
                    <Unicode>cennando alla porta).</Unicode>
                </TextEquiv>
            </TextLine>
            <TextLine id="tr_1_tl_27" custom="readingOrder {index:26;}">
                <Coords points="3179,3656 3225,3656 3242,3635 3274,3618 3295,3639 3319,3614 3372,3600 3368,3477 3295,3460 3214,3495 3175,3491"/>
                <Baseline points="3194,3564 3283,3564 3373,3570 3379,3570"/>
                <TextEquiv>
                    <Unicode>Gast.</Unicode>
                </TextEquiv>
            </TextLine>
            <TextLine id="tr_1_tl_28" custom="readingOrder {index:27;}">
                <Coords points="1537,3789 1565,3786 1603,3800 1625,3779 1635,3786 1642,3779 1688,3800 1705,3782 1733,3782 1726,3586 1688,3589 1667,3579 1642,3586 1632,3575 1611,3589 1530,3579"/>
                <Baseline points="1552,3678 1641,3678 1731,3683 1737,3683"/>
                <TextEquiv>
                    <Unicode>MAX</Unicode>
                </TextEquiv>
            </TextLine>
            <TextLine id="tr_1_tl_29" custom="readingOrder {index:28;}">
                <Coords points="582,3972 677,3975 782,3870 1639,3881 1639,3782 818,3796 740,3740 691,3782 582,3786"/>
                <Baseline points="603,3851 692,3857 782,3863 871,3863 961,3863 1050,3863 1140,3863 1229,3863 1319,3863 1409,3863 1498,3863 1588,3857 1647,3857"/>
                <TextEquiv>
                    <Unicode>Un antica conoscensa 7</Unicode>
                </TextEquiv>
            </TextLine>
            <TextLine id="tr_1_tl_30" custom="readingOrder {index:29;}">
                <Coords points="1368,4003 1603,3944 1737,3968 1814,3940 1846,3972 1933,3958 2014,3982 2011,3821 1870,3814 1740,3877 1572,3867 1460,3891 1365,3867"/>
                <Baseline points="1385,3934 1474,3934 1564,3928 1653,3934 1743,3934 1833,3934 1922,3934 2012,3934 2024,3934"/>
                <TextEquiv>
                    <Unicode>diceva lei.</Unicode>
                </TextEquiv>
            </TextLine>
            <TextLine id="tr_1_tl_31" custom="readingOrder {index:30;}">
                <Coords points="1533,4161 1607,4140 1646,4154 1712,4137 1744,4154 1772,4137 1870,4140 1933,4123 1933,3965 1803,3975 1747,3954 1733,3968 1614,3961 1533,3986"/>
                <Baseline points="1552,4048 1582,4048 1671,4042 1761,4048 1850,4048 1940,4042"/>
                <TextEquiv>
                    <Unicode>ANATOLIO</Unicode>
                </TextEquiv>
            </TextLine>
            <TextLine id="tr_1_tl_32" custom="readingOrder {index:31;}">
                <Coords points="579,4319 1411,4232 1642,4354 3095,4347 3260,4316 3260,4112 579,4158"/>
                <Baseline points="597,4233 686,4227 776,4233 865,4233 955,4233 1044,4233 1134,4233 1224,4233 1313,4233 1403,4227 1492,4233 1582,4233 1671,4233 1761,4233 1850,4239 1940,4233 2030,4233 2119,4233 2209,4233 2298,4233 2388,4233 2477,4233 2567,4233 2657,4233 2746,4233 2836,4227 2925,4227 3015,4233 3104,4233 3194,4233 3266,4233"/>
                <TextEquiv>
                    <Unicode>E non immagini? Sai pure, che cosa ti ho raccontato sei</Unicode>
                </TextEquiv>
            </TextLine>
            <TextLine id="tr_1_tl_33" custom="readingOrder {index:32;}">
                <Coords points="1035,4326 1123,4323 1161,4347 1204,4323 1249,4344 1291,4316 1351,4351 1428,4340 1432,4232 1358,4249 1316,4228 1284,4249 1228,4249 1193,4281 1039,4239"/>
                <Baseline points="1056,4298 1080,4298 1170,4304 1259,4304 1349,4298 1438,4293"/>
                <TextEquiv>
                    <Unicode>ti, amie¬</Unicode>
                </TextEquiv>
            </TextLine>
            <TextLine id="tr_1_tl_34" custom="readingOrder {index:33;}">
                <Coords points="589,4470 3411,4432 3411,4330 3288,4298 2828,4372 589,4323"/>
                <Baseline points="609,4412 698,4412 788,4412 877,4412 967,4418 1056,4418 1146,4424 1235,4418 1325,4418 1415,4418 1504,4418 1594,4412 1683,4418 1773,4412 1862,4412 1952,4418 2042,4412 2131,4412 2221,4412 2310,4412 2400,4418 2489,4418 2579,4418 2668,4418 2758,4418 2848,4412 2937,4412 3027,4412 3116,4412 3206,4412 3295,4412 3385,4406 3415,4412"/>
                <TextEquiv>
                    <Unicode>settimane fa, quando ai sono fidanzato, maa... la vecchia sto-</Unicode>
                </TextEquiv>
            </TextLine>
            <TextLine id="tr_1_tl_35" custom="readingOrder {index:34;}">
                <Coords points="593,4677 3035,4705 3035,4463 593,4484"/>
                <Baseline points="614,4597 704,4597 794,4597 883,4597 973,4603 1062,4603 1152,4603 1241,4603 1331,4603 1421,4597 1510,4597 1600,4597 1689,4597 1779,4597 1868,4597 1958,4603 2047,4597 2137,4597 2227,4597 2316,4597 2406,4597 2495,4597 2585,4597 2674,4597 2764,4597 2854,4597 2943,4597 3033,4597 3045,4597"/>
                <TextEquiv>
                    <Unicode>riella: parte, ritorne subito, ti amerò eternamente.</Unicode>
                </TextEquiv>
            </TextLine>
            <TextLine id="tr_1_tl_36" custom="readingOrder {index:35;}">
                <Coords points="1516,4874 1561,4870 1611,4909 1625,4909 1642,4891 1660,4905 1677,4898 1712,4909 1719,4705 1695,4698 1681,4709 1653,4709 1639,4698 1611,4705 1596,4691 1575,4709 1561,4695 1523,4705"/>
                <Baseline points="1540,4788 1546,4782 1636,4782 1725,4776"/>
                <TextEquiv>
                    <Unicode>MAX</Unicode>
                </TextEquiv>
            </TextLine>
            <TextLine id="tr_1_tl_37" custom="readingOrder {index:36;}">
                <Coords points="737,4888 811,4905 912,4877 1039,4912 1032,4733 1000,4744 940,4698 905,4712 853,4684 804,4723 730,4712"/>
                <Baseline points="752,4848 841,4842 931,4848 1021,4854 1044,4854"/>
                <TextEquiv>
                    <Unicode>spose.</Unicode>
                </TextEquiv>
            </TextLine>
            <TextLine id="tr_1_tl_38" custom="readingOrder {index:37;}">
                <Coords points="575,5035 632,5035 691,5074 786,5018 937,5046 1042,4996 1151,4986 1147,4884 1046,4930 940,4877 800,4905 572,4874"/>
                <Baseline points="591,4961 680,4961 770,4967 859,4967 949,4967 1038,4973 1128,4973 1152,4979"/>
                <TextEquiv>
                    <Unicode>Elena?...</Unicode>
                </TextEquiv>
            </TextLine>
        </TextRegion>
    </Page>
</PcGts>
