3656 5352
2667 377 2969 630 - 28 -
1388 566 1649 781 ANNA
2603 641 3056 875 ma tu mon
249 713 3180 939 Come semprei qualcuno allora pensava che Irene non sarebbe sta-
2290 928 3173 1154 nte dus gierni, fi¬
1641 920 1894 1120 utato.
238 909 1728 1147 ta quella che ei voleva per te.
1882 1053 2897 1302 Gutte. E mi sone molte
1396 1090 1781 1343 GIORGIO
1799 1237 3120 1449 che per lui. Par Edoardo. Si,
238 1268 1637 1513 Quella che ci voleva per me?
1849 1415 2535 1656 somme mij sond v
1366 1445 1754 1694 EDOARDO
219 1637 3256 1894 Debbo dirlo con una parola un po' viva? Essa ti calcolava pazzo.
1388 1815 1766 2060 GlORGIO
204 1984 1935 2260 I0?...Irene.... Calcolava me 7......
1354 2222 1622 2433 ANNA
204 2426 3210 2622 In ogni modo io ero convinta che sarebbe stato per il tuo meglio
211 2611 3120 2788 se tu fossi rimasto insieme con lei. Qualche volta mi sembrava
215 2735 1679 2965 come se tu stesso sentissi....
272 2912 837 3112 ginocchie...
1358 2931 1732 3165 GIORGIO
200 3078 1626 3324 Come io stesso sentissi?......
1562 3259 1747 3459 G. E. F.
1339 3316 1607 3482 ANNA
192 3444 3222 3678 Some se tu stesso sentissi, che Irene non....Perciò quella vol-
196 3671 3056 3874 ta sono entrata nella commedia. Quella sera mi sembro persine
177 3829 3086 4082 in un certo momento, che il giuooo riescisse.... tu mi guarda-
177 4018 2165 4267 vi di tanto in tanto cosi stranamente....
1856 4176 2935 4436 mentre is ere laggiù in
272 4233 555 4369 Ed etc.
1328 4206 1709 4425 GlORGIO
1943 4380 2177 4580 leur est
2260 4384 2822 4595 te tutte.
177 4391 1102 4602 Come ti guardave?
1660 4531 3252 4802 11 in quel cassetto, E pei, qual¬
272 4565 1592 4768 giamo di tanto in tante ami
2128 4765 2460 4897 mentè
162 4719 3139 5002 Come guardavi soltanto Irene, I nei giorni seguenti mi sone im-
2614 4965 2833 5070 assere.
158 4946 3078 5191 maginats ogni sorta di sciooche pazzie. Ti ho quasi aspettato.
