3896 5352
2945 409 3243 590 - 4 -
697 761 3460 953 specialmente negli ultimi tempi del mio soggiorno a Vienna.
665 957 3382 1138 Era nella mia stanzetta della Nussdorferstrasse, love tu
697 1152 2262 1358 ci leggesti la tua commedia......
1821 1312 2937 1547 GlORGIO (alla finestra)
690 1490 1472 1700 Una bella vista.
1316 1611 1671 1874 Pusato
1803 1668 2255 1853 EDOARDO
679 1807 3418 2034 Si, provo anch'io. Ed è perciò che sono venuto a store co¬
672 2059 3499 2223 si lontano quantunque abbla qualche volta il suo lato catti-
683 2226 3382 2422 vo, specialmente se devo farmi trascinare in tram la sera
690 2432 3325 2607 tardi dall'opera, col brutto tempo. Quando è bello vengo
693 2582 3474 2795 qualche volta a piedi, anche d'inverno. Non ci si mette più
679 2806 3307 2980 di tre quarti d'ora. E si è proprio in campagna. C'è un
725 2962 3425 3176 giardinotto proprio vicino alla casa; veramente non oi si
665 3137 3506 3343 potrebbe andare, ma tuttavia èw comodo per il bambino: quan-
676 3304 3531 3546 do mette fuori il capo dalla finestra della eucina sente l'o-
672 3482 1696 3738 dore dei fiori......
2632 3695 3290 3827 ei ad un tratt
1789 3681 2415 3905 GlORGIO (volg.)
2632 3812 3290 3926 ¬
679 3898 1551 4107 lui) Sei sposato?
1543 4029 3300 4310 EDOARDO (un po' spaventato di est
1181 4278 2550 4488 oppo presto) Loksono infatti.
697 4250 1070 4474 tradito
1735 4413 2152 4609 GlORGIO
661 4627 2461 4858 E perché non me le dioi subito
