5752 4569
1433 1533 2802 1701 Werk Dinge sagt, die er selber
1443 1666 2771 1850 viel besser weiß. Darum mir
1421 1780 2850 1962 So viel: Ich halte diese Arbeit
1433 1892 2874 2128 für Ihre Dichtersch bedeutendste.
1439 2032 2880 2215 Die Idee, eine Handlung unter
1424 2165 2834 2397 dem Hochdruck, den das Regefühl
1437 2318 2902 2502 des unintrimboren Unterzungs¬
1433 2441 2861 2651 erzeugt, spielen zu lassen, und
1408 2550 2893 2791 dadurch alle himnungen fort¬
1435 2714 2915 2917 Zuschaffen, die sich den uner¬
1417 2806 2893 3059 hin etwas wunderlichen Begebru¬
1468 2948 2863 3197 heiten sonst hindern in den
1498 3088 2898 3315 Weg stellen möchten, finde ich
1487 3224 2915 3477 gemal! Die Gestalt der Beertrich
2989 1424 4383 1660 unglaublich rührend und - wahr.
2983 1599 4363 1736 Dabei alles trotz der schönen
2966 1693 4396 1865 Atmosphäre keinen Augenblick
2981 1804 4404 2014 vorletzend oder einsam. Allerdings
2987 1938 4424 2154 zeiten ich, bezweife ich ganz gut, daß
2965 2067 4446 2277 ein Theaterdirector, der Werk sich
2989 2176 4398 2406 nicht an Ihn führen getraut. Unser
2992 2303 4429 2532 Petikum, das täglich gemeiner
2994 2438 4424 2618 wird - berichten Sie, bei welcher
3031 2548 4428 2753 Stellen in einem Thatesperr¬
3011 2677 4407 2898 stück zulacht wird - wurde die
3005 2802 4450 3020 Instilität der phychologischen Ver¬
2998 2931 4468 3151 ganze gewiß nicht verstehen - da
2972 3073 4341 3272 es sich um das Werk eines
3005 3175 4426 3381 Zeitzmessen handelt. Wenn Sie
