5752 4552
1410 314 2291 523 V. P. F. v. G. A. M. Mg. g.
2945 369 3192 485 1,1
3133 979 3568 1208 1/10 1901
2258 1419 3635 1633 Lieber Herr Dodes! Natürlich
2265 1592 3634 1759 ziebt, es eine gute Schule für
2237 1704 3558 1856 Deinen in Wien - die, an
2249 1833 3544 2058 der u. a. auch ich Lehrer bin
2258 1975 3551 2168 (Sie begreifen doch meine
2287 2090 3608 2287 Grunde...) d... der Verein
2260 2211 3625 2408 "Kurstschule für Frauen und
2296 2346 3622 2586 Mädchen I Tüchlaufen 8.
2272 2494 3618 2676 Dortselbst wird auch unter
2320 2608 3649 2814 Leitung von Prof. Michaelek
2275 2755 3663 2916 ein Radiskars abgehalten.
2296 2881 3641 3043 Mit dem Schaben sieht es bei
2287 2998 3582 3166 uns allerdings noch schäbig
2277 3133 3641 3358 aus, verzeihen Sie den so
