5752 4569
1111 415 1448 549 V. C. F.
2238 1022 2804 1238 Selignerin
2293 1425 3647 1608 Verehrter Freund! Vor allem
2302 1515 3674 1736 Verzeihung, daß ich Ihnen bis
2295 1660 3750 1876 jetzt nicht für die Uebersendung
2315 1789 3732 2014 Ihrer sei den Werke gedankt habe
2302 1939 3737 2162 Aber ich wollte nicht früher schreiben
2315 2059 3768 2278 als bei ich den. Schleer des Be¬
2302 2177 3721 2402 trice, über den ich manchelei
2336 2327 3685 2565 zahört, zelesen hätte; und
2295 2450 3703 2731 ich bin in diesen Tagen durch
2338 2576 3730 2809 mannigfach Arbeit und sonstige
2315 2712 3672 2978 Schweren nicht gleich dazu
2331 2842 3803 3119 gekommen. - Ich weiß, daß nicht
2325 3002 3761 3224 licherlicher ist, als wenn man
2380 3116 3679 3286 einen Künstler nur sein.
