5767 4631
2083 1306 2602 1479 Sollgman
2220 1465 3486 1646 Verehrtester. Wenn Sie wüßten,
2174 1569 3590 1759 wieweil es braust, um mich zu
2173 1692 3645 1906 einem Brief zu bringen, so konn¬
2205 1816 3615 2039 tin Sie daraus allein ermessen,
2251 1898 3601 2154 wie groß die Veränderung ist, die
2218 2039 3595 2304 ich für Ihr „Zwischenspiel“ habe.
2262 2173 3562 2376 Was mir aber anborden noch die
2262 2271 3599 2546 foder in die Hand drückt, ist das
2291 2392 3670 2644 Gefühl - verzeihen Sie diese Arroganz
2397 2507 3650 2743 Dass ich zu den nicht gar vielen
2297 2641 3665 2908 zehören, die das Stück verstanden
2269 2749 3606 3016 haben, und daß ich Ihnen gleich
2290 2880 3625 3138 Jazin mochte wie wundervoll
2259 2981 3619 3277 ich die psychologie darin finde,
2304 3087 3687 3354 es Ihnen sagen möchte, bevor die
2302 3230 3658 3453 Dicksäuter kommen, die Ihnen
2302 3363 3509 3581 versichern werden, daß es zwar
