5767 4631
1363 1250 2714 1484 geistvoll, aber zu compliciert ist!
1385 1374 2777 1554 Wenn schon ein ganz seines Kopf, wie
1396 1489 2766 1680 Wittmann sich nicht daran zwecht
1403 1603 2648 1822 findet, wie sollen dann die
1408 1685 2757 1890 vielen andern folgen können?
1439 1835 2725 2056 Ich finde es unglaublich wahr
1421 1952 2779 2124 und mit prachtvoller Consequenz
1423 2078 2695 2270 angelegt und durchgeführt. Es
1425 2203 2671 2400 sind eben wirklich, wie der
1421 2295 2817 2515 „Raisonnens“ sagt, zwei
1378 2423 2813 2669 frün Menschen, zwischen denen
1416 2552 2813 2783 Zich das alles abspielt, abspielen
1396 2678 2790 2887 muß! Soll ich noch hingefügen
1421 2777 2810 3024 daß ich die Oekonomie und den
1408 2898 2826 3119 An Ibau ganz vollendet finde. Ich
1423 3033 2815 3249 will In nicht länzweiten - was ich
1448 3155 2734 3387 ihnen sagen könnte, wissen Sie
2894 1193 4279 1363 ja alles - und noch viel mehr.
2858 1288 4308 1486 Iraß hätten Sie das Stück ja nicht
2887 1416 4270 1619 geschrieben, ein Stück, von dem ich
2907 1531 4258 1703 verzeugt bin, daß man es
2901 1649 4243 1802 erst in zwanzig Jahren richtig
2925 1765 4196 1966 erfassen und würdigen wird.
3164 1878 4236 2025 Mit den besten Empfehlungen
3693 1986 3882 2164 Ihr
3288 2148 4191 2405 A. F. Seligmann
3013 2453 3459 2639 3/10 1905
