7640 4792
1331 422 3486 798 sein Reichtum über ihn gebracht.
1238 1038 3554 1360 gerestere die Form, die
1217 1206 3421 1542 in dem Thema gegeben —
1124 1399 3790 1782 obschon ich sie Ihrer nicht ein Fohlen
1092 1582 3411 1961 rede überhaupt und zur Wahl
1095 1761 3718 2240 gebethen hatte. Die Arbeit ist
2348 2265 3776 2609 Vorzüglich
888 2595 3679 3067 Die Schrift ist gewißere
519 2709 780 2988 On
827 2935 3700 3353 Sorgfalt zu verwenden.
4713 351 5898 741 f III. Hausarbeit
4509 623 5941 884 In welcher Absicht
4187 823 6646 1152 führte dessing in seiner Minna v. Barnhelm
4824 1016 5758 1278 den zeitgenossen
4169 1181 6603 1532 du Figur des Riecant de la Marliniése yor.
3972 1560 6435 1886 Wenn wir die drei bedeutendsten Drämen Messings
3919 1775 6334 2101 ins Auge fassen, so finden wir, daß in den¬
3951 1947 6309 2294 selben drei verschiedene Ideen zum Aus¬
3894 2162 6309 2444 druck kommen, die in ihrer weittragenden Be¬
3887 2308 6299 2666 den Krieg auf so außerordentliche Weise her¬
3919 2548 6470 2809 vortreten, daß die Charaktere und Handlungen
3890 2720 6284 3038 nur zur Illustration derselben zu denen
3937 2960 4470 3192 scheinen.
3937 3063 6381 3396 Das Trauerspiel „Emilia Galotti“ führt uns
3922 3264 6399 3607 ein Bild gesellschaftlicher Zustände vor;
3947 3464 6263 3772 Die socialen Verhältniße bilden hier den
3990 3632 6342 3980 Hintergrund; gegen sie anzukämpfen, die
3972 3826 6252 4166 hindurchgehende Idee. In dem Vater
3955 4030 6338 4359 der Heldie, Oderd. Galotte tritt sie uns
3944 4194 6266 4588 verkögert entgegen; in seiner that
