7272 4776
1481 395 3680 708 vor trojes Mauern liegen, und
1458 600 3667 946 daß unaufhörlich fortwährt der
1465 770 3625 1126 blutig. Streit, durch den schon so
1475 989 3674 1321 viele streitbare Helden in den
1413 1161 3661 1494 Staub gesunken. Hätte Helena
1409 1354 3775 1710 deutlicher vor uns stehen können, wenn
1468 1556 3729 1834 Homer etwa die Schönheit ihrer Haare
1481 1762 3788 2078 ihrer Augen beschrieben hätte? Jetzt
1436 1928 3778 2228 aber, wo wir die bewundernden Worte
1445 2130 3719 2440 der alten Tropner hören, wo wir den
1455 2313 3599 2649 Eindruck, den Helena selbst auf
1481 2470 3745 2799 Greise hervorruft, aus dem Munde
1491 2679 3827 3011 der staunenden Männer selbst erfahren,
1455 2881 3807 3210 jetzt ist seine selben Augenblick vor
1481 3086 3846 3426 uns gezaubert in ihrer ganzen einzigen
1481 3253 3077 3589 wunderbaren Schönheit.
1530 3455 3758 3683 Ebenso aber werden wir uns über
1550 3641 3520 3941 den Charakter der Dorothea
1484 3820 3732 4150 im Anfang des Gothe schon Epos
1497 4000 3791 4385 ausschließlich durch den Eindruck klar,
1501 4202 3846 4554 den sie auf den edelmütigen Jüngling
4006 313 6372 724 Hermann hervorgebracht. Bevor wir ihren
4003 584 6427 917 Charakter in Wirklichkeit sehen, erblicken
4026 763 6401 1077 wir ihn als Spiegelbild, wir sehen, wie
4036 936 6274 1315 sich der Eindruck ihres Wesens auf
4078 1135 6277 1442 Hermann äußert, und sollen daraus
4032 1331 6274 1651 einen Schlußins Allgemeine ziehn.
4049 1514 6411 1840 Nun müssen wir uns vor allem fragen,
3980 1670 6437 2033 ob der Spiegel ausch ungetrübt ist, in dem
4013 1866 6319 2232 ihr Bild erscheint. Ist Hermann fähig,
3908 2039 6381 2414 über das Mädchen, das er vom ersten
4010 2248 6499 2620 Augenblick an sieb gewonnen, ungartenisch
4010 2453 6277 2780 zu urtheilen? Das können wir erst
4032 2646 6319 3002 erfahren, wenn sie selbst vor uns tritt,
4029 2832 6408 3145 wenn sie uns der Dichter mit seinen
4026 3037 6440 3409 eignen ruhigen, kloren Worten schil¬
4006 3204 6421 3481 dert. Und siehe da - Hermann, der sie
4046 3400 6672 3680 liebt, konnte sie nicht in schönere Worten
4085 3608 6616 3954 greisen, als in der Dichter, der unbefangene,
4121 3752 6342 4117 selber thut. Kann es wohl ein
4176 3948 6505 4329 herrlicheres Zeugnis für die reinen,
4222 4140 6587 4434 Fleckenlosen Charakter des Mädchens
