7352 4856
5107 348 5647 718 V14 CC
4048 726 7088 1266 Erhaltung und Fortschritt
4857 1236 6483 1497 im Anschluß an Göthe’s
4245 1334 5613 1720 Hermann & Dorothea
5504 1561 6354 1856 3.° 5. Gesang.
3833 1977 6146 2294 Die edelste Errungenschaft des menschlichen
3754 2230 6101 2514 Geistes ist sein stetes Streben nach Besserem und
3735 2381 6086 2725 Höherm. - des Volkesheiligstes Besitzlum
3761 2567 6139 2854 die tradition. Sozit auch die Kunde von den
3769 2722 5935 3050 wechselnden Schicksalen der Sterblichen reicht,
3833 2895 6067 3149 stets sehen wir, wie jenes Bewußtsein des
3769 3043 6101 3357 Menschengeschlechtes, daß alles noch besser und
3822 3228 6101 3504 schöner sein könnte, als es in Wahrheit ist, von
3863 3383 6150 3670 Jahrhhundert zu Jahrhundert sortlebt und nie¬
3927 3561 6184 3856 als erlischt, nicht in bewegter, nichts in stiller
3935 3742 6161 4026 Als etwas ringendes, vorwärtsstreben.
3931 3893 6131 4211 Es denken wir uns den menschlichen
3890 4075 6139 4366 Geist, und wollte man ihm einmal
