7400 4760
6250 212 6556 571 Vils
4500 287 5670 618 1. Schularbeit.
3961 680 6284 886 Träger der deutschen Literatur
3980 898 6178 1145 in der ald., nicht, ehd. Zeit.
3980 1173 6194 1428 Weingiß uns von dem literarischen
3920 1338 6184 1597 leben der Deutschen aus den ersten
3905 1506 6063 1731 Jahrhunderten nach Christi Geburt
3877 1681 6209 1931 überliefert. Das Volk selbst im seiner
3886 1877 6365 2055 weitesten Sie des Wortes scheint damals
6490 1700 7051 2205 sehr
3895 2008 6344 2283 die Literatur in Händen gehabt zu haben.
3927 2161 6284 2448 Von Heldenliedern, von Schlachtgesangen,
6543 2183 6955 2548 Gut
3902 2330 6262 2601 von Gedichten, die das ganze Leben in
3895 2504 6291 2782 seinen einzelnen Momenten begleiteten,
3861 2670 6291 2929 dieren Inhalt die Gefühle sind, welche
3883 2851 6312 3072 die ganze Menschheit ihr Eigen einen
3877 2997 6375 3259 darf, die darin aus eben diesem Grunde
3902 3184 6403 3406 und die aus eben diesem Grunde von jedem
3895 3331 6153 3580 Menschen verstanden werden, — von
3902 3496 6400 3733 solchen Außerungen der nationalen pätischen
3948 3677 6244 3927 Begabung werden erz dringt eine
3914 3858 6244 4020 Kunde zu uns. Lang leben die Beste
3877 3998 6297 4273 einer heideischen Vorzeit im Volk fort.
