7496 4952
1558 376 3790 795 Ein guter Nachbar ist ein edles Kleinod.
1173 525 1490 739 N.
552 552 975 807 29/177
633 689 1577 931 (Wert der Eintracht)
1757 760 3830 1096 Im bürgerlicher, wie im politischen
568 872 1586 1065 überhaupt: - Besonders
1701 965 3824 1229 Leben, ist er) die Eintracht, welche
509 1018 1577 1313 mit dem Nachbar¬
1698 1102 3796 1409 am ehesten und sichersten zu Glück
503 1214 1558 1425 Wie kann man einen
1670 1254 3771 1598 und zufriedenheit führt. Einig¬
515 1356 1465 1636 solchen gewinnen.)
1679 1428 3693 1766 keit macht stark. Wenn
1695 1598 3762 1893 es) zwei Staalen sind, die sich
1692 1760 3839 2042 verbinden, so bilden sie zusammen
1710 1915 3842 2241 eine Macht, die leichter einem
1747 2104 3808 2377 Feinde, der sie bedroht, widerstehen,
1701 2244 3839 2523 kann; sind es zwei einzelne
1760 2409 3892 2710 Menschen die Freundschaft schließen,
1757 2613 3861 2886 so find in gewayguster gegen
1760 2734 3768 3017 den Wogenpräll der Welt,
1685 2936 3867 3253 derjahr spielend leicht die einzel¬
1701 3104 3836 3380 nen verschlingt. Drum wohldem
1713 3219 3864 3492 der einen Freund gefunden. Er
1729 3402 3914 3675 überwindet leichter die Mühseligkeiten
1732 3569 3777 3873 des Lebens, und hat ein Herz
1757 3721 3790 4032 das so fühlt wie seines. Doch
1093 3808 1688 4029 gewonen.
1757 3846 3818 4187 mehr dem, der einsam auf der
1794 4072 3855 4314 Otraße des Lebens hinwandeln
1735 4218 3858 4519 muß; oder der sogar und wie
3929 301 6062 655 dieser Verlassene Feinde hat,
3898 525 6229 863 die ihm jede mögliche Schwierigkeit
3926 655 6248 987 in den Weg legen. Denn sei es
4057 881 4659 990 keinem
3995 832 6223 1145 geraten, verschlossen und
3973 1024 6322 1300 wünschenscheuen Sinnes vor seinen
3988 1155 6378 1440 Nächsten zu fliehen; vielleicht werden
3995 1300 6329 1657 Tage kommen, an dem er sich sehr
3979 1496 6279 1772 nach einem mitfüftenden Herzen
4032 1636 6366 1943 sehnen wird, und sein Sehnsucht
4032 1825 6344 2058 wird vergebens sein. Und wie
4004 1986 6183 2297 gut wäre es jetzt wenn er einen
4004 2123 6440 2396 Mann seinen Freund ernen konnte,
5298 2291 5630 2381 wäre.
3957 2278 6431 2598 der ihm stets nach ist, der ihre stets
5708 2446 6043 2539 sunde
4088 2471 6298 2800 sich freich zur Seite steht. Kurz
4041 2620 6217 2886 wenn er seinen Nachbar zum
4088 2781 5782 3101 freund gewonnen hätte.
4109 2862 6285 3281 Es gibt leider Stunde, und es hat
4085 3104 6183 3392 deren Sta stets gegeben, die
4035 3259 6536 3591 ihren Stolz darein setzen, recht finster
4001 3399 6313 3759 und verschlossen dreinzuschauen, die
4013 3557 6453 3877 meinen, es sondre sie ihre Menschen
4119 3737 6552 4085 feindschaft von der Gewöhnlichkeit
4085 3936 6350 4237 ab. Thoren, die ihr seid. nur
4116 4066 6412 4429 Thoren werden euch bewundern,
