7192 4744
1836 592 2582 914 2. Aufgabe.
1475 823 3088 1085 Contradictions folgungen.
2089 978 2406 1205 7.8.
828 1106 3405 1437 7. Wenn es ungültig ist, daß einige Farben ange¬
1089 1274 3482 1574 nehmen Eindruck machen, so folgt nur
1119 1445 3375 1703 dann aus dieser Prämisse keine Farb¬
1072 1613 3422 1913 macht einen angenehmen Eindruck, wenn
1076 1758 3410 2046 nebst den in d. Voraussetzung erwähnten
1081 1926 3495 2204 Farben auch alle andere u. u. nam genehmen
1149 2119 2080 2380 Eindruck machen
922 2239 3410 2509 S. Wenn es ungultig ist, daß einige Berge
1098 2419 3500 2689 nicht froh sind (also gültig daß einige Bergeja
1068 2573 3474 2878 soch sind.) so können wir dann sagen! Als
1149 2728 3487 2985 Berge sind hoch, wenn wir die Promisse
1124 2895 3452 3178 auffassen, als wäre ihr Sinn. Ungultag, daß
1119 3062 3525 3328 Caß auch diese andere Berge nicht hoch
1209 3247 1565 3500 sind.
3573 596 6609 1025 Gültigst Alle Thiernathmen, folglich gütig! einige Thiere enthmen J
4803 853 6690 1162 ungültig: alle Thiere àthmen nicht E.
4769 956 6931 1330 ungültig. einige Thiere alhier nicht 0
3598 1141 7042 1527 Ungiltig A: Alle Thiere leben ohne Luft; — gültig: "Einige Thier leben nicht ohne tuft
3598 1420 7046 1848 Gültig E. kein Thierlebt ohne täft; - gültige Einige Thüre leben nicht ohne Luß
4876 1668 6926 1964 ungültig. Alle thiere lebenehm tuft A
4876 1801 7008 2114 ungültige Einige thore lebnohne Luft J
3611 2037 6965 2286 Ungültigt: Rein Thierathmet; — gültige Einige Thun äthmen
3637 2290 6922 2633 Gültig J. Einige Thierathenen. ungünstig! Sein Thierahmet?
5044 2487 5648 2625 äthigen
5502 2457 7119 2732 2- ungültig. Alle Thiere leben ohne test. A
3680 2522 5524 2826 Ungültig d. Einige Thiere lebenschlänftig,
4966 2655 5515 2805 leben ohne xyz
5121 2616 7111 2946 sgnitig. Einige Thiere leben nicht ohne lußte
5142 2783 6969 3096 gültig kein Thierlebtohen tu fl E)
3705 3028 7124 3461 Gültig O: Fiege Ihren leben nicht ohne tuft; ungültige Allethiernlebenschen Luft.
3688 3277 7098 3624 Ungültig O. Einige thiere Athwennicht; ungültige kein Pierathryck
5202 3444 7055 3748 gültigi Einige Thiere afhmen.
4996 3603 6905 3916 (gültig: Alle Herrnehmen A
