7384 4968
1192 538 3567 829 Geldgeiz die Motive des menschlichen Thurs, oder
1189 679 3548 926 ums richtiger auszudrücken, der menschlichen
110 732 1111 1011 Warum denn
1133 879 3639 1142 Unthätigkeit sind. Und eben dieser Geldgeiz istes,
110 945 885 1198 nicht gleich
1170 1039 3535 1333 den Göthe dem Träger der conservativen Ideen
1158 1205 3620 1480 in seinem Exos Hermann Dorothea als Motiv für
1170 1348 3539 1646 seine Thatenlosigkeit gegeben hat. Es ist der
1161 1511 3614 1824 Apotheker des kleinen Städtchens, der uns dieses
1173 1674 3542 1984 Princip der Erhaltung vertritt; - ein Prototgg
1111 1927 3626 2174 der Gewöhnlichkeit, dem eigentlich, wem man
1129 2031 3620 2306 seinen Worten glauben sollte, nur "die Tülle"
1108 2246 3598 2478 des Gelds" fehlt, um nicht denen zuzugehören,
1126 2365 3620 2656 die „zurücke kommen, weil sie nicht vorwärts gehn“;
1155 2531 3570 2785 ein Alltagsmensch von reinstem Wasser, der
1164 2725 3567 3000 sich, wie er selbst gesteht, „gerne nach dem
1198 2869 3598 3166 bessern umsieht, wofern es nicht theuer doch
1170 3032 3654 3307 neu ist,“ was er übrigens mit dem größten Theil
1195 3245 3661 3507 der Erdensöhne gemein hat. Dieser Gestalt
1223 3376 3579 3576 nun, die uns die Idee des Conservatisums
1230 3545 3601 3833 in ihren kleinlichsten Motiven versin-licht, steht
1170 3698 3567 3930 eine andere gegenüber, die in unserm Epos
1167 3883 3589 4121 den Gedanken steter Weiterentwicklung,
1164 4042 3614 4299 die 2te des nie ruhenden Fortschritts-Frei¬
1242 4224 3589 4540 lich nicht von den höchsten Standpunk¬
3773 375 4615 663 ten aus-vertritt.
3761 635 6267 907 Dem Apotheker hat Göthe Hermans Vater gegen¬
3773 801 6098 1061 übergestellt, einen Mann, der sich eifrig um
3767 954 6226 1208 das Ausbessern der Thore, das Weißen des
3773 1129 6214 1374 Thurnes, den neuen Chausseebau bekümmert, der
3739 1286 6179 1527 in der Stadt stets neues zu schaffen bestrebt ist
3742 1436 6179 1690 und überhaupt in seinem kleinen Wirkungs¬
3748 1599 6054 1865 kreise den Freigeist zu reträsentiren scheint.
3767 1815 6051 2056 Wie unbedeutend, steht aber dieser Mann
3773 1959 6167 2156 quir uns, wenn wir uns jenen andern, größern
3767 2140 6170 2356 Vertreter desselben Princips ins Gedächtnis
3745 2262 6101 2528 rufen - die Revolution. Freilich, sie spielt
3754 2453 6192 2706 in unserm Epos nur in ihren Consequen¬
3754 2603 6148 2885 zen eine Rolle, sie greift nicht selbst in die
3761 2766 6123 3044 Handlung ein und nur (in der Ferne) von
3780 2944 6045 3163 ferne, einem vorüberziehenden Gewitter
3792 3104 5895 3373 gleichend, übt sie ihre gewaltige Macht auf
3864 3266 6073 3535 ihre Sinne. Doch wie bedeutend erscheint sie
3923 3438 5832 3692 selbst in ihren Folgen! Wohl sehe wir
3933 3595 6186 3855 ist ein Mitbrauch freier Schrankenlosigkeit,
3942 3783 6164 4042 ist eine Verirrung des vorwärtsstrebenden
3958 3936 5992 4218 schlichen Geistes und doch - sie zwingt
3952 4092 6070 4405 zu staunender Bewunderung. — Und
