7560 4984
3958 343 6050 753 nicht begreifen, wie unendlich
1483 445 3782 807 zehnten oder großer Jahrhunderten nicht
3904 560 6181 910 glückselig euer Sohn ist? Kriegt
1483 618 3654 951 vielleicht dagestanden? auf
3929 743 6344 1006 ihn doch weg - wir mein Kind wird
1512 807 3801 1114 derselben Stelle gestanden? Und werde
3913 948 4685 1204 zu groß.
1505 980 3817 1345 ich in Jahrzehnten oder Jahrhundersten
3305 1127 3548 1211 en
2950 1127 3202 1265 Rath.
3961 1066 6168 1412 Erwendete sich ab, und die Land¬
1521 1150 3699 1409 nicht wieder auf dieser Stelle
3901 1233 6149 1528 leute folgten dem Sarge, furcht¬
2476 1319 2821 1451 Wm
1524 1303 3795 1620 stehen, wo ich derpfängling so unen
3913 1416 6238 1723 same Blicke auf den fremden
1508 1454 3840 1742 dlich bereidete. Wie viele Geschlechter
3913 1576 6238 1822 Wandres werfend, der mit einem
1544 1604 3763 1992 werden noch ins Grab Sinken
3917 1707 6267 2034 Wale wegstürzte und das Gesicht
1502 1835 2379 2149 bis nicht...
3913 1854 6363 2142 mit den Mantel verhüllten. Einige
1566 1889 3817 2277 O Him al! Erig! Kein Ende. Um¬
3945 2040 6344 2293 Zeit war er so gestanden, während
1598 2110 3792 2472 provaodion ohne Ziel, oder
3907 2219 6466 2495 ihnder wird durch die spärlichen Haare
1579 2293 3811 2581 noch mehr ein Ziel ersehnen
4022 2347 6469 2687 fuhr. dann sehr wieder dem Sarge
1572 2392 3859 2761 das ich nie erreiche, nur erreichen
3955 2517 6216 2802 nach, der eben in der Thüre des
3994 2684 6434 3039 Friedhofs verschwand. Langsam
1544 2680 2066 2908 kau.
1643 2780 3846 3119 Ueheimlich leuchtete des ewigen
3958 2847 6338 3084 und für das gestorbenen Heiltetend
1652 2950 3865 3289 Juden Blick auf die teute, welche
3961 3017 6290 3347 folgten die Landleute. Der letzte
1569 3132 3811 3436 die Bahre aufheben wollten, um
3987 3167 6434 3443 war inder Wie abwesend
1617 3279 3814 3561 sie zum Friedhof zu tragen.
3997 3327 6482 3641 stärrzten die Blicke des Ahower's
1672 3433 3798 3776 Die Eltern des Todten kamen,
5521 3529 5681 3625 er
3984 3488 6475 3827 zum Kirchhof hin man sah einige
1649 3616 3683 3901 weinred und wesklagend.
4058 3651 6632 4006 kreuge und fuhr glötzlich zu sammen
1620 3769 3529 4147 Ahasvarus trat vor sie hin.
4054 3872 5275 4157 Er sah zur Erde.
1733 3913 3901 4243 Thörichte Menschen auf eräus,
4154 3965 6725 4333 Glücklicher Jüngling, murmelte er
1816 4083 3785 4381 frohlockt, freut euch lacht¬
4106 4138 6264 4413 Als die teute von dem Be¬
1694 4272 3808 4637 nicht ihr könt ihr den gar
