7544 4824
2023 452 2863 776 6. Aufgabe.
593 747 1296 972 17. October 1877.
1363 803 3631 1153 Wir haben in der Recturen der latrinischen
1378 1013 3634 1313 Classiker gesunden, daß die Consecutiv¬
1404 1229 3573 1524 Lätze ist, wenn sie negativ sind, ut
1351 1386 3622 1710 von verlangen. Da wir bis in
1383 1538 3634 1883 so und so viel Sätzen, die eine Folge
2242 1725 3447 1888 stets wiederkehrend
1386 1772 3540 2064 ausdrücken, gefunden haben, so ge¬
1398 2008 3660 2271 langten wir endlich zu dem oben
1401 2107 3646 2405 erwähnten Schluß, den wir als Ge¬
1462 2309 3686 2674 setz aufstellten. Keinesfalls
1392 2542 3678 2825 aber darf uns das inscherne irn¬
1413 2685 3666 3012 führen, als wir in allerdings ähn¬
1419 2878 3701 3237 lichen Fällen, bei denen aber durchaus
1430 3079 3683 3392 nicht ganz dieselben Bedingungen zu
1486 3269 3567 3581 finden sind, das selbe Gesetz in
1494 3427 3619 3739 Umwendung zu bringen geneigt und
1413 3637 3654 3955 ren; denn jedes Gesetz hat
1404 3850 3625 4130 eine bestimmte Grünze seiner
1386 4063 3666 4302 Anwendbarkeit die zu überschreiten
1413 4197 3660 4544 nicht allein im Fehler gegen das
3809 374 6106 689 Gebiet des Wissens, von welchen,
3791 534 6132 849 das betreffende Gesetz ein inte¬
3844 700 6115 1042 grirender Theil ist, sondern in
3783 890 6135 1214 weiterem Sinne auch ein Fehler
3864 1089 6202 1448 gegen die Logik selbst wäre.
