7640 4856
1213 497 2532 825 welkt und dahin siecht.
1210 674 3761 1062 Wie herzlich gönnen wir Max die Liebe einer
1239 873 3706 1203 Thekla? Wie freuen wir uns, daß er
1258 1072 3652 1383 ein weibliches Wesen gefunden, das mit
1239 1261 3619 1604 ihm fühlt und mit ihm leidet. Max
1264 1444 3706 1768 ist uns beinahe undenkbar ohne die innige
1255 1624 3684 1993 Zuneigung Theklab; die Liebe des Gelden¬
1235 1842 3713 2169 mädchens gibt seinem Charakter gleich¬
1287 2028 2801 2368 sam die letzte Weise.
1274 2208 3674 2561 Einen großer Mann dürfen wir Max
1341 2387 3671 2721 Piccolomini wohl nicht nennem nur
1280 2580 3732 2923 Der ist groß, der fest und unbehindert
1290 2779 3674 3109 auf einem vorgesetzten Wege weiter¬
1274 3003 3764 3244 schreitet — und das konnte Max nicht.
1248 3154 3642 3494 Er war nicht fest; sein Herz war allzu
1255 3372 3648 3684 weich und gefühtvoll. Er ließ sich von
1271 3549 3713 3847 den Wogen der Zeit tragen, und wurde
1293 3725 3671 4056 von ihnen hinundhergeschleudert, ohne
1290 3940 3632 4210 im Stande zu sein, sie zu behiegen.-
1306 4094 3636 4438 Sein Mut und seine Tapferkeit ge¬
1284 4309 3696 4621 nügten bei weitem nicht, um ihn zu
3831 424 6180 760 einem Helden zu machen; sein Tri
3834 616 6244 975 auf dem Schlachtfelde ist nicht ein Beweis
3818 837 6280 1158 von Größe und Bedeutung, nein – ein
3825 1001 6212 1357 Beweis von Statlosigkeit und Schwäche.
3828 1210 6186 1540 Er hatte sehn selbst gesucht; denn er sah
3818 1396 6203 1704 es ein, daß er seiner Zeit nicht ge¬
3802 1566 6193 1925 wachsen sei; er fühlte sich nicht heimisch
3806 1797 6257 2034 in den bestehenden Verhältnißen und Tging
3854 1957 6228 2256 unter, weil ihm die Fähigkeit fehlte, sich
3828 2134 6254 2403 in das Treiben der Welt zu finden.
3822 2355 6401 2654 Sein Charakter war edel und echt menschlich,
3828 2506 6331 2840 keineswegs aber groß und bedeutend
5214 3071 5978 3398 wafr
4017 3488 6286 4014 Sorgfältigern Schrift...
