7624 4936
3776 514 6140 901 Erfüllungen bringt. Ach ich verstaf' es,
1151 490 3543 918 hat ihr Gutes, wie es die alte
3807 737 6095 1031 weshalb du die vergangnen Tage
1213 774 3652 1103 gehabt. Nichts ist schwächlicher und
5468 884 5736 1045 der
3789 918 6188 1264 herbeisehest, jene Tage xxx Jugend,
1199 987 3676 1295 unmännlicher als die Gewohnheit?
3817 1100 6273 1432 der ungetrübter, ungestörten Gln Freude
1237 1161 3635 1388 Seufze doch nicht und hat dich
3789 1295 6294 1576 und Heiterkeit, eines nicht weichenden,
1223 1333 3673 1593 etwas andres an die entflohenen
2813 1532 3121 1665 eben
3762 1477 5544 1819 lebenslustigen Trehsinns.
1223 1562 3598 1857 tage gebünden als Sie. Seistark
3861 1682 6270 2045 Wohl jeder krut ja solche alte Seite,
1233 1713 3567 2015 und laß die vergeblichen Seutzer
3831 1843 6273 2172 der an nichts in denen die Zu¬
1254 1902 3639 2220 die unnützen Rückblicke, auf die Ent¬
3837 2056 6243 2416 kunft kaum mehr schönes bringen
1264 2100 3508 2450 weichende waffen deine Brust
3827 2248 6188 2556 kann und die uns mehr an
1295 2302 3700 2587 mit stolzem Selbst vertrauen und
4756 2429 5081 2621 eines
3831 2433 6482 2786 der Erinnerung dahingesch wundnen Glückes
1336 2515 3670 2799 ertrage alles, - seins gut, sei es
3855 2662 6613 2967 zehren. - solcher hinsiechenden kranken Grisen
1333 2672 3731 2940 schlimm, - alles, was die kommenden
3868 2803 6243 3173 Gleichen nicht auch manche an der
1370 2919 2374 3166 Tage bringen.
3899 2991 6445 3347 Grenze des Seines stehende Nationen
1329 3043 3615 3371 Über auch du, der du schon oft
3899 3204 6376 3526 solchen hinsiehenden, kranken Greisen;
1305 3241 3693 3584 die Wechselfälle des Geschicksertra¬
3906 3389 6366 3724 Nationen, die ihre Blute längst hinter
1329 3464 3635 3738 ger und mit Recht fürchten mußt,
3944 3563 6243 3923 sich haben und nun rascher und
1312 3652 3697 3940 daß deiner trauriges wartet – auch
3916 3748 6335 4057 rasche dem Grabe zu eilen? Ich denke
1340 3813 3762 4139 du tröste dich und verzweifle nicht.
3906 3923 6421 4303 hier unwillkürlich an den Untergang
1384 3998 3618 4307 Vielleicht ist es gerade die neue
3868 4118 6455 4492 des westrounschen Reiches. Kein andres
1353 4187 3783 4536 Zeit, die dir Glück, deinen Wünschen
