7160 5032
3584 445 5977 804 übes seinem Stoffe steht, mit ruhigem
891 536 3432 909 eines Selbitz, S öckingen, Georg, verse¬
3580 644 6154 923 Blicke, ordnend und weiterführend, so weilt
1300 804 1625 945 noch
891 760 3218 1064 und noch so vieles ander fänden?
3562 807 6465 1169 der tragische Dichter mitten unter den Gestalten
876 916 3370 1271 zum Schlusse noch ein paar Worte über die
3562 974 6132 1332 seiner Einbildungskraft, bald sie eheer¬
901 1108 3453 1394 tragischen Conflicte, die in andern Dichtung
3577 1169 5969 1510 schend, bald wieder selbst von ihnen
4416 1350 4594 1462 selbe
865 1253 3385 1596 gen als in der Tragödie dargestellt er¬
3573 1314 6027 1676 mit gerissen mitgerissen von ihnen und
847 1430 3468 1752 scheinen. Sie werden keineswegs um uns
3558 1491 5495 1853 dennoch als König und Herrscher!
909 1582 3414 1890 ein solches Interesse hervorrufen, wie
891 1781 3327 2089 die Conflicte im Drama. Die Erzählung
4934 1908 5101 2085 e
934 1969 3414 2194 rückt uns das ganze ferner; schon
959 2110 3479 2425 der ruhig sie fließende Ton des Epeker¬
952 2306 3388 2588 beruhigt uns selbst -, alles, was er
923 2451 3457 2748 uns zu erzählen weiß, ist längst vorü¬
945 2614 3414 2889 ber; kaumf wir sind im Lesen oder
977 2766 3439 3099 hören erst ganz am Anfang des Con¬
985 2954 3479 3283 flietes und wissen doch. In Wahrheit
992 3102 3526 3428 ist alles entschieden, und der Heldruht¬
992 3276 2910 3580 sein’s im Glück, seins im Tod.
1014 3472 3526 3758 sei es daß er seine Ruhe noch im Leben, sei es
297 3551 891 3819 seitlange,
1043 3620 3490 3920 daß er sie im Tod gefunden hat. Die ge¬
1017 3794 3577 4112 waltigsten Wirkungen bringt im fraglich
1024 3982 3580 4304 der tragische Dichter hervor; keines ver¬
996 4149 3555 4424 mag uns so zu erschüttern und mitzureißen.
981 4333 3598 4623 als eben er, und wenn der epische Dichtes
