7560 4648
4731 289 5435 604 14. Oufgabe
1241 289 3579 671 das Merkmal aber, der „in sich zurück
3175 515 3627 663 Unfänger
6061 482 6973 815 den 9. Jänner 1878.
4831 511 5320 782 Sa P.
871 593 3594 811 Linie" kehrend“ liegt nur insofern im Inhalt
3260 700 3616 867 Inhalt
1256 756 3553 1063 des Begriffes A. Kreis, als es durch
3794 874 6091 1163 Wunder Setz: „Die Logik ist die Wissen¬
1271 900 3601 1267 Es und j., in sich zurückkehrend“ und
3827 1056 6076 1345 schaft von den Gesetzen der Formen
559 1134 3535 1452 jeder Punkt von Centrum gleich entfernt“ bestimmt
3768 1256 6124 1593 uns richtigen Denkens" ein allgemein
1226 1308 3498 1608 wird. Sonst aber läge es nur im
3720 1445 6098 1778 bejährendes kadegorisches Urtheilsein
1252 1493 3575 1797 condietorischen Gegensatze von
3749 1626 6010 1934 soll, so muss der Begriff „Legik¬
1245 1645 2968 1990 kreis, d.h. in von A.
3749 1834 6035 2130 zwar die Merkmabe. Wissenschaft
3798 1993 6280 2308 Gesetze“, Formen, richtiges denken
3790 2204 6161 2519 enthalten, aber nicht als solche an
3779 2397 6143 2664 und für sich; sondern erst in Stücksicht
3753 2579 6198 2860 darauf, daß jedes dieser Merkmale
3761 2745 6039 3071 durch das nächstwesentliche bestimmt
4991 2938 5257 3079 nagriff
3783 2957 6191 3275 im Inhalt des Logik liegt. Zu dem
3868 3123 6413 3435 Merkmale“ Wissenschaft mußtesten und
3846 3331 6098 3612 erst. von den Gesetzen, zu diesem
3846 3523 6113 3783 „ der Formen, dazuwieder „des richtigen
3861 3698 5998 4005 denkens" hinzutreten, damit wir
3905 3916 6173 4179 sagen können. Das Prädicalist hier
3864 4064 6536 4416 mit dem Subject (Lopik) im Denken vereinigbar;
