7432 4760
1335 575 3719 857 Überreste eines vermoderten Zeitalters
1273 752 3657 998 die oft zu nichts anderm diesend
2710 937 3136 1056 nührer
1255 926 3625 1252 als die frische Luft einer Tage
1288 1143 3636 1440 zu vergeßen. Fortschritt schreibt
1650 1306 2102 1451 elger
1215 1342 3618 1621 auf unser Bauer, Männer der
1226 1501 3683 1812 setztzeit, und denkt an jenes Wort
1183 1722 3675 1972 eines deutschen Unkers, Nichts
1270 1896 3690 2131 ik bleibend als die Veränderung,
1244 2069 3592 2388 nichts ist dauernd als der Wechsel.
1357 2272 3527 2670 Das Thema ist anders
1393 2554 3618 2923 gefahrt als ich es gefahrt
1335 2825 2742 3111 haben wollte
1346 2955 3552 3440 aber so wie es geworden
2015 3777 3075 4204 10 Wäglich
1679 4160 2699 4529 nennen.
1024 4222 1259 4500 m
315 4196 818 4558 Gram
4819 239 5589 615 Schularbeit.
6070 394 6660 807 Den 2. Juli 1879
4688 742 5542 1027 Überhetzung
4062 752 6975 1313 des Reinmärschen Gedichter:  Süße Hülung
4359 1111 6121 1349 Ich hann hundert tusent herzé erlöst.
3853 1277 6193 1595 Hundert tausend Herzen hab’ ich von Sorgen erlöst,
3867 1530 6280 1802 so froh war ich! Ach, einstes. Ach, der ganzen
3856 1650 6287 1982 Welt bin ich ein Trost gewesen, - wie stand ihr
3831 1881 6157 2156 das an, ließe sie mich ohne Trost! Sie soll michs
3816 2062 6179 2319 nicht entgelten lassen, daß ich ihr so lange ferne
3813 2246 6135 2543 mar, - hab’ ichs doch schon genugsam gebüßt!
3816 2442 6197 2742 Mit frößlichen Leuten will ich zu sammen sein; denn dort
6367 2445 6841 2706 Menschen
4978 2608 5441 2764 gibt es nur,
3816 2587 6182 2941 wo ich früher geweilt, da ists traurige (da trösten
3820 2796 6240 3100 keine kleine Vöglein, da trösten klumen nicht
3824 2981 6117 3249 noch Gras; da siehen die Jahresotrübsetig hin¬
4460 3194 4782 3314 Anlitz.
3856 3223 6052 3516 daß ihrem Gesicht sich in Talten zog, und ist
3856 3382 6168 3712 sprach. Nun gehet aus, ihr grauen Haare.
3860 3549 6739 3845 Werd ich einmal wieder so froh, wie ichs nicht vor Zeit
4435 3762 5039 3907 dann sollen
3816 3737 6323 4077 gewesen, sich alle Liebeskranken
3824 3936 6143 4276 Freuen dürfen; keinem ist so weh und kummer
3860 4120 6095 4435 voll ums Herz, daß ich ihn nicht wieder
