7176 4712
495 575 3208 930 Ferison Me P kein Thier kaufen Lust lebe
926 790 3399 1021 Alle S. Einiges von dem, was Thier ist enger von dem
2669 902 3360 1033 was ex dem 1,
914 974 3376 1241 80 T Einiges existirt kann nicht ohne Luft leben.
2019 1121 2286 1377 M
1792 1704 2498 1899 Thiere sind zugleich
299 1712 3511 2039 Disamis Me P Einigeswochen, was ist, könnig u. dem, wirb existrécti
974 1927 2705 2179 MaS Alle Thiere äthmen
1069 2115 3483 2342 Se T Einiges von dem, was atheret, xxx ist einiger
2578 2242 3483 2498 von dem, was existiert.
1712 2418 3368 2665 In dem hier gewählten Beispiele
1377 2594 3380 2857 wäre die ganz h. Darstellung auch.
1780 2813 1943 3084 6
407 3124 3539 3443 Bocardo Mo T Eanges ex. stirende kann nicht ohne Luft bestehen
990 3372 3344 3639 Ma 5 Alles existirende hat eine Gestalt
1049 3583 3507 3798 50 T Einiges, was v. Gestall hat, kann nicht ohne
1057 3715 1293 3878 M
2406 3707 3475 3994 Feht bestehen
646 3779 1580 4138 ungelt.
4421 439 5730 790 Dissumative Schlüsse
3623 770 6169 1145 Die dreieke sind entweder rechtwirklich
3623 1021 5989 1329 ad spetzwinklig od. Stumpfwin klig
3635 1205 6133 1472 dieses drinck hier ist spitzwinklag; ergo
3587 1408 4461 1636 ist es weder¬
3635 1624 6208 1983 Die Körper sind entweder fest oder trof.
3627 1835 6200 2147 barod ausdehnsam flüssig. Dieses Körper
3591 2027 6165 2298 ist weder kopfbar, noch aus des esem Flüssig,
3583 2198 4884 2462 also ist er fest
