7544 4744
1912 354 2764 785 12. Aufgabe.
323 677 1095 968 den 3. Dec. 187
1243 729 3632 1143 Ein Beispiel für contra dictorischen
1322 992 3477 1326 Gegensatz war etwa klucq
1274 1179 3548 1537 u. nicht klug; dadurch daß alle
1262 1338 3441 1677 in nicht klug" enthaltenen Be¬
1270 1509 3648 1916 griffe sichern Dradictorisch zu "Klag"
1282 1716 3513 2079 verhalten. Dagegen ist zwischen
339 1900 3544 2326 klug und unklug contrairer Gegensatz; zwischen
1239 2083 3660 2401 klug und unklug liegen: ziemlich
1262 2262 3473 2597 klug, weniger klug, und bei
1282 2449 3612 2903 Unklug wäre die Reihe geschlossen.
4512 255 5380 641 13. Aufgabe,
5938 486 6830 769 den 12. Dezember 1877
4018 593 6245 1043 Istaßy der Inhalt von A, so liegt
3851 904 6137 1239 a, insofern es durch ß und bestimmt
3835 1043 6109 1370 wird, in A, in sofern das nicht der
3867 1262 5364 1569 Fallist in non A.
3831 1625 6237 1947 Wenn zu dem ersten, wichtigsten Merk¬
3791 1796 6432 2151 mal eines Begriffes noch andre bestimmte
3740 2039 6221 2310 hierzutreten, so liegt das erste Merkmal
6288 2003 6555 2298 halt.
5345 2170 5922 2322 Umfang
3752 2194 6408 2529 nur in der Hinsicht im Inhalt des Begriffes
3807 2390 6209 2732 selbst, als es durch die anderwerk¬
3799 2569 6364 2883 male bestimmt wird. Habe ich zum Beispiel
3811 2760 6197 3055 den Satz: „Der Kreis ist eine in sich
3907 2943 6189 3278 selbst zurückkehrende Linie, deren
3847 3126 6069 3445 jeder Punkt vom Mittelpunkt
3815 3321 6137 3696 gleich weit entfernt ist, so ist
3843 3493 6049 3823 es der Begriff „kreis“ der als A
3831 3692 6328 3990 die Meckmale α (tinie), (3 (in sich selbst
3831 3859 6607 4170 zu rückkehrend), zu (deren jeder Punkt v. Centrum
3887 4090 6304 4452 gleich weit entfernt ist) in sich enthält.
