7464 5000
3712 353 6243 719 Sech Fünftes. Hagen und die Meerweiber.
1093 459 3598 808 die Bildsäute, die in der Nische des mittlern
3700 612 6243 868 Das eine verkündigt ihm den traurigen
1101 680 3551 1033 Bogenfensters steht, stellt ihn dar. Einer
3712 727 6243 1046 Ausgang der Fahrt; die beiden andern
1059 829 3572 1199 renkenhafte Gestalt mit mächtig gewölbter
3691 944 5601 1250 verschwinden in den Wellen.
1067 1016 3572 1348 Brust, das leuchtende Antlitz von reichem
3725 1084 6204 1408 Sechstes. Der Kaplan ruft vom Ufer aus
1152 1195 3572 1531 Lockenhaar um Flossen - so steht der Jahre
3721 1225 6030 1582 fragende Worte dem an Bord des
1110 1357 3619 1714 Siegfried da, ein Bild der Kampfeslust, des
3759 1420 5579 1744 Schiffes stehenden Hagen zu.
1152 1539 2756 1875 hoffnungsfrischen Lebens.
3746 1556 6077 1884 Siebentes. Kampf zwischen Hagen und dem
1225 1680 3555 2020 Verlassen wir das Bogenhenster und
3725 1812 4410 1999 Fährmann.
1182 1846 3598 2135 betrachten wir die fünfzehn Gemälde
3746 1880 6141 2207 Achtes. Bei Ründeger. Hagen von Krem¬
1148 1994 3674 2288 welche die rechte Seite der Wandschmücken¬
3742 2050 6268 2398 Gisether wird mit des Markgrafen Tochter
1208 2216 3644 2509 Erstes Bild. Ufer des Rheines. Nacht. Der Nibelim¬
3759 2296 4278 2539 verlobt.
1182 2335 3644 2692 genhört wird von drei Mannen des Hagen
3772 2377 6204 2734 Neunteb. Hagen von Krimhildempfan¬
438 2552 3649 2909 in die Fluten versenkt. Hagen selbst steht mit verschränk¬
3742 2658 4121 2934 gen.
1178 2700 3568 2998 ten Armen da; sein Blick glänzt vor
3785 2747 6209 3087 Zehntes. Hagen eilt dem bedrängten
3836 2934 5141 3194 Dankwart zu Hilfe.
1212 2904 1790 3164 Freude.
1220 3011 3615 3359 Zweites. Ründeger wirbt um Kriemhil¬
3844 3070 6221 3393 hilftes. Des Hagen Kampf mit Jring
1212 3177 3589 3487 dens Hand. Krienhild scheint unschlüssig
3755 3198 6094 3534 von Dänemark. Der letztere scheint
1233 3385 3687 3683 Drittes Hochzeit Etzels und Kriemhildens.
3797 3423 5286 3691 der Niederlage nahe.
1259 3555 3606 3840 Diese blickt ernst vor sich hin; man ver¬
3832 3538 6187 3912 Zwölftes. Kriemchild läßt das Haus, in
3814 3666 7242 4082 dem sich die Burgunden befinden, anzün, in Brand stecken
1250 3763 2539 4010 suchtes sie zu erheitern.
1271 3878 3619 4163 Viertes. Die Spiellente Schwemmelin und
3832 3878 6260 4214 den. Ihre Herrschermine leuchtet vor
1229 4019 3721 4338 Wärbelin laden die Könige in Worms
3857 4108 5056 4452 Sucht nach Rache.
1208 4235 2573 4563 zu einem Feste ein.
