7416 4856
1642 418 3678 714 am Ufer des Ganges unter den
1676 645 3730 939 palmen dahin. Die Lotosblumen
1601 821 3715 1132 neigten ihr Haupt zum Wasser
1639 999 3640 1296 hinab das da fort und fort
1642 1195 3666 1446 rauschte dem Meere zu.-da¬
1642 1354 3649 1624 dachte die Perle an ihre stille
1644 1521 3649 1803 Heimat an die Säppflanzen
1668 1737 3597 1976 unter denen sie gelagen:
1624 1855 3807 2094 an die Wellen, die da vorüber
1639 2051 3807 2356 gezogen und vom Ganges erzählt
1647 2212 3767 2428 von dem heiligen Strom und
1607 2382 3681 2664 von den Lotosblünen. Das sah
1636 2560 3781 2843 sie jetzt alles, alles. Une doch
1670 2762 3781 3015 dachte sie mit Sehnsucht zurück
1653 2920 3730 3188 an jene Zeit, und doch, sehnte
1642 3073 3695 3370 sie sich nach dem traulichen
1619 3246 3767 3574 Schlüsternder Wasserpflauen,
1642 3416 3776 3695 nach dem lieblichen Rauschen
1627 3617 3041 3902 der Meereswellen.
1670 3868 3721 4236 Das "Meer war ruhig, und die
1653 4162 3802 4478 Prinzessin Kalliste schiffte auf
3885 429 6022 746 einem Kehn allein weit ins Meer
3882 613 6083 904 hinein. Als sie nun so finnend
3819 786 6019 1037 er die Kuter schaute und den
3839 973 6083 1181 Kohn immer weiter und weiter
3871 1135 5939 1414 treiben ließ, da nachte sich ein
3923 1284 6137 1581 Schiff, - immer näher und nähre
3876 1452 6195 1748 kann es; aber die Prinzessin bemerkke
3882 1650 6178 1950 es nicht. Endlich als die Wellen
3897 1788 6192 2108 mehr und mehr beim Hraumchen
3874 2013 6155 2295 des Schiffes rauschten, sah Kalliste
3868 2189 6077 2468 erschrocken auf. Sie kannte sich
3888 2347 6134 2604 nicht mehr retten; es war zu
3925 2474 6146 2802 spät. Schon war das Schiff
3894 2644 6022 2966 der Piraten bei dem Rahne
3900 2834 6068 3139 der Fürstentochter. Einige
3911 3015 5996 3257 der Privaten Sprangen im
3914 3177 6100 3496 der Bahn und schleppten die
3972 3381 6013 3681 vor Angst und Schreck be¬
3954 3554 6062 3842 sinnungslose Prinzessin auf
4234 3724 4775 3868 verdeck
3920 3770 5345 4067 das ihres Schiffes.
3972 3914 6183 4216 „Hier mein Häugtling“ sprach
3931 4072 6160 4476 ein Pirat - „Ein reicher Fang, -
