7608 4920
1325 431 3665 862 Feßer und fester hervortrat, mit
1329 662 3661 1031 nähern und nähern, scheellern
1305 874 3759 1227 und scheellern Schritten herbeieilte
1294 1051 3748 1446 auf dem Wege, den es gehen müßte.
1372 1223 3759 1642 - Rundeger befindet sich im Zwiespalt
1270 1419 3704 1795 zweier heiliger Pflichten. Auf der
2434 1599 3210 1784 ist befiehlt
1329 1623 3646 1925 einen Seite war das die
1325 1823 3783 2176 die Gastfreundschaft, auf der andere
835 1936 1152 2242 ihm
1352 1987 3677 2309 die Treue i ein Eid, welche der
1388 2203 3653 2524 ihn und er hat eine schwere
1392 2387 3665 2689 Sünde begangen, seins daß er
1360 2579 3728 2889 das Recht der Gastfreundschaft
1372 2775 3748 3112 versetzt, sei es daß er den Einschwur¬
1341 2967 3759 3281 bricht. - Was soll er wählen? Gast¬
1423 3136 3767 3512 freundlich hat er die Burgunden
1501 3359 3798 3661 in seinem Hause aufgenommen, nach
1497 3512 3775 3830 der biedern Sitte seines LandsLeute
1458 3720 3802 4030 bewillkommt er sie froh und herzlich.-
1501 3924 3759 4234 Und nun soll er die welche er
1517 4100 3834 4406 als Freundlinge aufgenommen und
1497 4332 3838 4633 bewirtet, deren einem er sogar
3818 329 6256 764 seine Tochter angelobt, auf falsche
3830 525 6229 917 Weise, heimtückisch, ermorden? Ein¬
3873 721 6296 1102 Schwer + der Schwer der Treu- und des
4963 929 5484 1074 Ründiger,
3838 890 6280 1278 Gehorsams, der ihn diese König Etzelund
3826 1086 6299 1450 seiner Gemäflin Kriemhilde von dienst
3842 1301 6178 1654 zu diensten macht, befiehlt es ihm.
3877 1486 6190 1854 Erweiß nicht, was er wählen soll¬
3893 1674 6362 2062 Er will reicht bleiben ins Widersprecht
3889 1831 6229 2199 der Pflichten und wählt den Tod.
3951 2074 6417 2446 Er tritt endlich den Burgunden gegen¬
3889 2278 5770 2619 über und kämp s. gegen sie.
4249 2368 7248 2768 „ Ich muor mitin striten, wanig gelobt han
3944 2611 7099 2999 schon aber hat er den festen Ent¬
4010 2815 6319 3199 schluss gefasst, zu sterben. Ja er
3987 2995 6288 3367 gibt sogar Hagen den Schild, den
3963 3214 6256 3579 er trägt, weil dem Helden von
4006 3375 6444 3767 Tronje der eigene zerhauen ward.
3998 3571 6346 3924 Neuer Kompf entsteht. zwischen
3971 3759 6578 4175 Gernot, welch Gemot, der Stündeger
3998 3959 6350 4324 sowie Woh eine Waffe trägt,
3991 4136 6339 4547 Die ihm Ründiger selbst gegeben.
