7480 4856
1261 594 3583 976 Das Christrutum kommt ins Land;- verge¬
1172 853 3604 1091 bens will man jene Überreste vertil¬
1218 989 3651 1307 gen, vergebens die letzte Erinnerung an
1167 1138 3621 1456 heideisches Wesen aus dem Herzen der
1197 1320 3566 1592 Notion reisten. Aus den letzten Jahr¬
1197 1498 3583 1791 zehnten des achten Jahrhunderts ist
1206 1634 3579 1957 uns ein Gedicht überliefert, das den
1163 1825 3574 2144 Weltuntergang schildert und
1248 1999 3579 2280 christliche Motive mit heidnischen auf
1248 2173 3651 2432 eigentümliche Weise vereinigt; es
1248 2335 3566 2572 schildert uns den Weltuntergang,
1235 2479 3697 2755 den Weltbrand, - die Götterdämmerung
229 2619 908 2853 in welcher
1244 2645 3655 2963 bald aber stehen die an der Spitze der
272 2785 1095 3027 Verbindung.
1257 2823 3668 3107 literarischen Bewegung, die auch das
272 2950 976 3332 War nicht.
1231 3005 3655 3307 Christentum durch Glaubenseifer und bekeh¬
272 3196 1087 3553 angeführen.
1244 3205 3638 3447 wegen überall verbreitet und gefördert
1290 3354 3502 3638 halten. Die Geistlichen sind es, die
1218 3498 3634 3740 welche die Leitung der literatur über¬
1248 3676 3651 3990 nehmen. Alte Heldenlieder, Sie zeich¬
1265 3859 3680 4126 nen in ihren Klöstern die alten Helden,
1261 4012 3651 4326 lieder auf, sie übersetzen Theile der
1278 4164 3702 4525 heiligen Schrift, in ihren Händenallein
3778 688 6159 968 rucht liegt, wie es damals wohl scheinen
3782 862 6210 1133 mußte, alle Zukunft der x die ganze
3820 1015 6270 1316 Zukunft der Sönsie. Eine glängende Zeit
3782 1167 6206 1482 bricht für die deutsche Nation herein; in
3791 1350 6283 1613 allen Gemütern erwacht eine große Idee,
3795 1515 6274 1817 ein großer, erhabner Gedanke. Die Idee
3791 1643 6134 1970 der kreuzzüge, - in den in der sich
5111 1808 5595 1970 Gedank
3812 1817 6261 2114 der altgermanrsche Zug der Kampfes
3871 1978 6206 2284 Freudigkeit mit dem des Christen¬
3846 2182 6261 2445 tums vereint, beherrscht die Nation.
3854 2271 7276 2598 Eine neue Blüte für die Pousie, die sich im 10. u. 11. Jahrh.
3859 2488 6198 2789 Beinahe ganz auf die Übersetzung
3837 2645 6300 2912 literatur beschränkte war, bricht herin¬
3871 2823 6329 3107 Wir stehen in der Zeit der höfischen Soesie
3876 2950 6372 3264 Das Rittertum ist der Träger die Ritter
3854 3137 6283 3460 sind die Träger der Literatur. Das Epos
3880 3311 6435 3600 der Minnegesang blüht. Das Nibelungen
3893 3481 6406 3757 lied, die Gudrun entstehen neu oder
3918 3634 6368 3893 werden zum mindesten in die Formen
3918 3842 6533 4164 gebracht, in denen wir sie heute besitzen.
3956 3973 6036 4279 Ein Wolfram von Eschenbach
3944 4088 6295 4487 ein Walther von der Vogelweide
