7672 4744
1423 429 1794 706 geben?
1426 499 3650 935 Saufte Vielichkeit, geprart mit
1445 768 3737 1099 einem Mut, der selbst Männer zieren
1415 986 3675 1303 könnte, so steht sie vor uns, wie sie
1426 1157 3741 1459 uns Hermann, wie sie uns der Poët
1405 1354 3733 1692 geschildert. Ein edler Stolz durch¬
1437 1528 3770 1856 zieht ihr ganzes Wesen, aber verkun¬
1426 1728 3748 2067 den mit Gottergebenheit und Demut:
1437 1914 3759 2249 ohne Murren hat sie den Verlust des
746 2103 3675 2485 geliebten Bräutigams ertragen; keine Falsche
1397 2311 3621 2609 Schon hielt sie zurück, als Magd
1412 2489 3759 2824 in Dienste zu treten; aber freilich
1419 2664 3795 2991 ist sie zu stolz, um es geduldig zuertra¬
1426 2896 3766 3173 gen, wenn man sie verspottet, wie sich
1506 3049 3748 3289 dies ihrer Meinung nach der Löwen¬
1456 3188 3777 3562 wirth zu Schulden kommen läßt.
1488 3435 3752 3770 Ein Beweis für ihre Entschlossenheit.
1441 3613 3715 3919 und ihre Mutist die Art und
1397 3821 3770 4086 Weise, wie, sie dem wüsten, unbän¬
1456 4006 3755 4294 digen Kriegervolk entgegentritt,
1466 4195 3650 4490 das den Hof überfällt und in
3937 251 6069 691 die Zimmer eingedrungen ist. Ein
3995 549 6179 815 Zeichen ihrer kindlichen Reinheit und
3955 720 6164 1033 Neschuld ist die Unbefangenheit und
3948 910 6324 1259 das offenherzige beahmen, das sie jeder¬
3930 1084 6335 1456 man gegenüber auszeichnet. Was aber
3915 1306 6317 1634 am meisten für sie spricht, ist der Um¬
3941 1496 6262 1790 stand, daß sie allgemein beliebt ist;
3944 1685 6280 1987 ihre Herzensgüte und Menschen freundlich,
3948 1856 6248 2169 keit macht sie der Frau, mit der sie
6171 1979 6437 2132 alte
3912 2023 6452 2391 gewandert, fast unentbehrlich, der Richter
3926 2241 6280 2573 auch, der alte, ist ihres Lobes voll,
3912 2442 6364 2751 und weiß nicht genug von ihren mannig¬
3981 2587 6284 2947 fachen Tugenden zu erzählen, und
4054 2776 6408 3115 selbst die kleinen Kinder wollen
4006 2980 6302 3340 sich von der lieben Gespielin nicht
3977 3162 6273 3464 treuen, die nun fortziehen und sie
3995 3351 6386 3664 verlassen muß. So steht sie denn voraus.
4003 3537 6535 3875 eine unvergleichliche, herrliche Jungfrau- und
3981 3715 6361 4021 Wie die äußere Schönheit an Helena, so ist
3966 3933 6280 4265 Die Schönheit des Charakters an
3995 4105 6481 4487 Dorothea einzig und wunderbar, und hätte
