7320 4728
1475 330 3528 626 Er zitterte noch mehr wie früher.
1530 525 3627 745 Dem Hubler gehörte zu der Baum¬
1574 665 3627 995 Wenn der jetzt heraufse en möchte¬
1550 887 3028 1179 Erwar um ihn geschehn!
1574 1017 3572 1272 Aber der Bauer unten, der hatte
1555 1195 3517 1497 keine Ahnung von den fürchter¬
1569 1409 3624 1717 lichen Gefühlen, die das gequälte
1599 1563 3533 1860 Herz des armen Karl Meyer
1591 1736 3525 2050 durchbebten. Er aber nahm
1599 1915 3580 2160 seine Brieftasche heraus und
1566 2088 3577 2388 zählte sehr gemütlich sein Geld.
1602 2267 3539 2547 Er wußte nicht, welch in beru¬
1591 2429 3629 2701 fener Lauscher hoch über seinem
1629 2605 3547 2890 Haupte sitze, zitternd, bekend,
1596 2778 3561 3077 zähne klapprend. Endlich ging
1530 2945 3588 3259 er weiter. Karl Unverlebte
1561 3129 3621 3388 neu auf. Das dritte Mal führte
1558 3319 3231 3596 er den Apfel zum Munde,
1566 3484 3594 3742 nein, das war unerhört; heute
1602 3651 3607 3951 hatte er wahrhaftig das, was
1613 3825 3547 4080 die Sterblichen gewöhnlich mit
1596 4014 3580 4316 dem Namen auch bezeichnen
3868 294 5904 604 Die Hände auf dem Rücken kam
3879 517 5990 822 der Herr Schulmeister gegangen,
3833 695 6039 989 in eifrigem Gespräche mit, o fürchter
3849 857 5957 1126 liche Marter! — mit dem Vater des
3822 1028 5575 1305 unglücklichen Karl Meyer.
3836 1203 5954 1517 Hr Sohn ist wirklich ein braver
3888 1409 5772 1618 Bursche, sagte der Schulmeister,
3830 1550 5110 1811 „fleißig und redlich.
3805 1734 5555 2036 „ Das freut mich zu hören.
3811 1904 5833 2160 "Gehen wir jetzt zu den Jungens
3811 2088 5794 2379 dort, H'r Karl wird ja dabei
3852 2278 4292 2481 sein.
3899 2423 5193 2709 Damit gingen sie.
3838 2591 5715 2849 Blatte es denn die ganze
3863 2764 5748 3102 welt heute drauf abgesehen.
3833 2943 5696 3237 den armen Sungen zu gei¬
3833 3124 5660 3379 nigen und zu martern? In
3846 3294 5726 3547 tausend Qualen saht er da, hoch
3805 3478 5935 3748 droben, erhaben über alles Erdische.
3836 3632 5718 3893 der Schulmeister hatte ihn
3789 3827 5880 4080 gelobt, und er saht Da droben
3792 3998 5869 4347 als sprechender Gegen beweis!
