7640 4936
4878 495 5962 801 Gedankengang
4910 656 7188 978 des Gedichtes: Arthur Schnitzler
6718 843 6943 1065 r.
4900 840 6297 1075 Der Spaziergang
5138 1014 6203 1264 von Schiller.
4038 1377 6342 1631 Der Dichter ist der sumpfen Stube entflohn
4015 1522 6467 1863 und tritt in die freie Natur. Er grüßt den
4064 1747 6384 2024 im Sonnuntergang strahlenden Berggipfel,
4073 1882 6429 2214 grüßt die weite Flur, die Bäume, und
4057 2069 6538 2381 die gefiederte Schaar, die in den Zweigen
4112 2243 6371 2574 singt. Mit Entzücken fühlter sich von
4048 2416 6628 2725 der freien Luftumweht, sieht mit Entzücken
4041 2593 6403 2915 den lichten rlauen Himmel über sich. Er
5055 2751 5441 2883 fürten,
4163 2767 6686 3034 freut sich der blumen, der grünen Wiesen,
4096 2925 6480 3230 in denen sich binnen und Schmetterlinge
4118 3092 6470 3343 bewegen. Plötzlich wird es dunkler um
4096 3272 6393 3600 ihn, ein kühler Waldumschließt ihn, die
4073 3459 6316 3752 heißen Sonnenstrahten dringen nicht
4086 3649 6499 3896 durch das dichte taut. kurze Zeit aber
4093 3816 6448 4131 und nichts hindert seine blicke.
4070 3986 6589 4263 in die unendliche Ferne zu schweifen
4167 4141 6686 4456 Er sieht, wie unter ihm ein Lust durchs
