7640 5016
3824 363 6337 672 bis endlich der Abend kommt, wo — während
1374 477 3646 860 mit dem Wirthi, der auf des Bank
3834 548 6263 850 die Weiber bei einem tässchen Kaffee,
1364 669 3733 1028 vor dem Thore sitzt, behaglich die Pfeife
3847 773 6226 1085 ein Tässchen, das sich nicht selten ein
1425 894 3756 1257 schmauchend und stets ein wohlwollendes
3847 924 6240 1260 halb Dutzend. Mal füllt und wieder
1404 1062 3686 1485 kächeln um den freundlichen Mund.
3864 1105 6213 1435 leert) die Angelegenheiten, die sie
1428 1294 3632 1633 die um ihn herumstehen, sind zum
3914 1314 6357 1643 für wichtig halten, oder die sie richtig
1425 1441 3730 1851 größten Theil ältere Männer während
3884 1502 6384 1774 machen wollen, besprechen. Da werden
2668 1643 3152 1771 aus der
5460 1653 5924 1808 zu sammen,
1452 1606 3669 1959 die Jugend, haben erstaus der kirche
3898 1640 6408 2019 die Hände über den kopp geschlagen, weil
1438 1845 3736 2238 gekommen sich noch auf der Straße theils
3891 1838 6596 2221 es jetzt so theurer wird, gar so theuer!!
1462 1908 1952 2056 verlassen
739 2013 1300 2255 gekommen,
1445 2009 3703 2349 noch vor der letztern befindet, theils
3911 2043 6428 2386 und im nächsten Augenblick herrscht
1452 2160 3783 2560 aus dem Städtchen verlassen hat, und
3941 2271 6401 2591 allgemeines Entzücken über irgendei¬
1512 2392 3797 2735 in dem nahen Wäldchen die fühlere
3931 2416 6488 2752 ein lacherlichen Unfall, der einer nicht
1519 2554 3756 2997 luft athärt. Auch die kirche ihr leer
3921 2587 6330 2967 anwesenden Freundin passirt ist,
1509 2789 3840 3182 geworden. Die Soum stäubchen tanzen
3948 2826 6273 3125 man findet die Geschichte köstlich,
1525 2940 3790 3330 vor dem forligen B. hohen, vielfor¬
3908 2997 6360 3350 unbezahbar, hochkomisch“, lässt sich
1536 3128 3767 3525 beym Fenster um her, und nur der
3972 3195 6391 3481 noch eine tasse Kaffee einschen¬
3609 3300 3847 3471 allein
1583 3373 3797 3672 Sakristei Diener schreitet noch durch
4035 3350 6602 3659 ken, weil er gar so, excellent ist,
3034 3518 3602 3689 Kolgalle
1559 3622 3847 3874 die hohen gewölbten Halle, wo seine
4015 3548 6337 3871 (es gibt nirgends eine bessere,
3642 3679 3904 3824 wieder
4045 3746 6313 4116 ay, man hat noch nie einen so
1549 3736 3888 4086 Schritte in der Einsamkeit laushalten.
1603 3914 3763 4240 des Nachmittags versammelt sich
4099 3931 6498 4257 guten getrunken) und am nächsten
1586 4146 3837 4499 die Voll im Wirthshaus, wo dann
2097 4160 2453 4324 Männer
4092 4119 6418 4459 tage erzählt sich die ganze würdige
1630 4324 3928 4684 politi sirt, geschrit und gestritten wird;
662 4428 1566 4758 beim Glase Bier
