7240 4712
3782 268 5840 692 Abend heran dämmerte, fragte
1461 328 3609 764 Sobald er zu einem Gasthaus
3740 579 5899 877 er sein Auskunft. Man wies
1515 668 3442 919 pann, klopfte er an. Nach
3728 793 6072 1062 ihn in die Wohnung des Drechsters.
1491 817 3585 1121 geraumer Zeit wurde ihm
3764 925 6096 1205 Als er hinkam, empfing ihn
1461 978 3466 1294 geöffnet. Sobald aber der
3812 1098 5911 1396 der Drachster zwar sehr freund¬
1438 1163 3555 1420 Portier sein ärmliches Kleid
3734 1253 5953 1581 lich; jedoch gab er ihm nicht
1444 1360 3472 1622 betrachtet hatte, sagte er.
1473 1461 5983 1784 Für solche Leute ist hier kein Lages undeutlich zu verstehen, daß er
3734 1611 6037 1921 ihn jetzt nicht mehr brauchen könne,
1461 1694 3668 1992 Hans musste weiter gehen Er suchte
3728 1790 5840 2058 erst vor einer Stunde hätte
1420 1837 3573 2130 ein wieder seines Haus auf.
3734 1968 6072 2261 er einen Gestellen aufgenommen.
1461 2028 3645 2297 Als er aber da anklopfte, war
3770 2147 6096 2434 Örgerlich wollte sich Hans von
1455 2177 3621 2499 de ihm gar nicht geöffnet. Endlich
3770 2297 6025 2583 dannen. Sein Geldbetrag
1449 2332 3543 2654 kam er zu einer Herberge,
3770 2464 6156 2780 war sehr zusammen geschmolzen.
1444 2529 3573 2827 wo er Aufnahme fand. Om
3782 2631 6054 2929 Da er in der Residenz ganz un¬
1420 2708 3555 3012 nächsten Morge wollte er
3770 2810 6162 3096 bekannt war, so musste er wohl
1455 2887 3501 3161 den drechsler aufsuchen, zu
3812 2935 6025 3221 oder übel an die Heimreise
1444 3048 3633 3305 dem ihn sein Vater gewiesen
3788 3185 6007 3454 denken. Die Nacht blieb er in
1426 3251 3633 3549 hatte. Er gingalte des andern
3776 3364 6138 3668 der Herberge. Als er am andern
1360 3430 3549 3728 Norgens fort. Als er aber
3776 3525 6049 3853 Morgen wegging und über sein
1324 3579 3657 3883 wieder die schöne Stadt sah und
3800 3704 6019 4032 selbst verschuldetes Unglück nach¬
1318 3770 3615 4104 in den Straßen herumging, schob
1282 3931 6072 4211 er es wieder auch, nach dem dachte, legte sich ihm götzlich eine
3794 4068 6043 4414 Hand auf die Schulter. Es war
1229 4128 3680 4468 drechster zu fragen. Erst als der
