7320 4968
1673 586 2506 899 2. Schularbeit
1169 843 3474 1268 kann uns zum Vaterland die
1195 1149 2371 1399 Fremde werden?
1893 1442 3556 1653 Coelum, non animum mulant,
1841 1613 3493 1860 qui trans mare currunt.
1995 1864 2789 2252 Horaz
1172 2436 3615 2746 Wer vermag es wohl, die Gefühle des Menschen
1152 2601 3615 2907 zu erklären: Unbegreiflich sind sie in ihren
1159 2776 3595 3088 Ursachen, unwider stehlich in ihrer Macht.
1129 2970 3595 3200 Warum uns der eine mehrer Nebenmen¬
1159 3138 3572 3424 schen liebenswerth, der andre hassens würdig
1139 3312 3579 3539 erscheint, wer kanns begreifen? Wer ergründet
2222 3464 2654 3599 mit dem
1113 3483 3539 3711 den seltsamen Reiz, den der Frühling, die
1152 3694 3622 3895 emporkeimende Natur ausser Herz befängt?
1175 3819 3612 4093 Wer vermag es den eigentümlichen Zauber, der
1169 3974 3615 4260 in der Liebe zur Mutter, dieseßen Schmerz
1093 4178 3483 4428 der in der Sehnsucht nach der Heimat
1100 4340 3625 4619 liegt, in den tiefsten Quellen zu verstehn.
3714 510 6025 830 Niemand vermag es; - und wie sehr sich auch
3642 721 6025 1017 der menschliche Geist dagegen sträubt,
3642 863 6252 1172 eine Macht anzuerkennen, deren tief immerste
3648 1060 6164 1340 Ø Gründe er zu begreifen nicht im Stande
3655 1192 6134 1488 ist, er kann aufs sich bringen; und wenn
3648 1360 6150 1603 er auch er kann sich dem unwider Pehlichen
3651 1534 4672 1834 nicht widerstehn.
3688 1725 6213 1995 Oder sollte es dennoch menschliche Wesen geben.
3691 1867 6164 2190 die sich selbst aus solchen Fesseln emporrin¬
3674 2025 6088 2311 gen die auch aus solgen Banden sich be¬
3694 2173 6226 2519 freien können? Man
3681 2390 6170 2654 doch so oft von kalten, gefühllosen Menschen,
3697 2492 6210 2835 denen jede Regung Nein, es lebt keiner,
3704 2726 6355 3026 der so frei wäre, und diejenigen Menschen,
3721 2851 6098 3125 die wir kalt und gefühllos nennen,
3721 3016 6223 3342 auch sie empfinden, wenn auch nicht so warm
4102 3220 4428 3372 imma
3704 3194 5192 3457 und tief wie die andern.
3757 3348 6104 3589 Tief in dem Herzen der Sterblichen
3727 3503 6183 3842 wurzelt das Heimatsgefühl. Und so
3717 3684 6098 4014 wie Ich jemand, der seine Mutter nie
3740 3849 6226 4162 gekannt, dennoch Sehnsucht empfindet
3750 4010 6117 4372 nach der Mutterliebe empfindet, die
3747 4172 6170 4507 er als unverglüchbar an Wahrheit und
