7480 4920
1619 518 3643 785 Am Meere stand ein hoher,
1568 695 3707 1050 schmäler Thürm. Verwundert,
1540 912 3803 1168 in sine solche Gegend gekommen
1540 1030 3752 1368 zu sein, trat er in den Thurm
1621 1230 3769 1557 ein. Eine schmale dunkle Treppe
1675 1413 3491 1714 führte aufwarte Endlich
1588 1534 3752 1866 war er auf der Spitze des
1652 1759 3800 2049 Thurmes angelangt. Werthinaus
1596 1925 3738 2232 reichte sein Blick. In der
1602 2106 3733 2435 fernsten Ferne sah er Berge
1636 2255 3781 2593 ganz in Nebel verschwommen.
1658 2443 3817 2776 Ingeh er zu fällig zum "Borden¬
1692 2610 3617 2911 da lag glitzernd eine Perle.
1675 2795 3598 3077 dieselbe, die er einst aus
1675 2973 3716 3285 dem Meere geholt. Er hob
1652 3139 3702 3443 sie schnell auf. Jetzt wandte
1666 3316 3792 3631 er pötzlich den Blick nach dem
1666 3519 3614 3733 Meere, und - siehe da - ein
1689 3660 3789 4023 Schiff nähe sich mit ausge¬
1731 3859 3837 4163 spannten Segeln dem Thurme
1748 4059 3795 4363 Es landete, und eine Menge
1686 4192 3871 4563 bewaffneter Männer stiegen
3902 459 5948 757 heraus und lagerten sich vor
3859 664 5883 957 dem Thore. Athemlos sah Ingo
3888 799 6145 1103 si nab. Er dachte nach, ob er
3888 997 6123 1303 hier oben bleiben sollte.- oder
3930 1151 6179 1467 flieh u. Ober entfliehen konnte
3921 1295 5889 1633 ernicht mehr. Er beschloß
3949 1506 6216 1813 hinabzugehen und die Männer
3902 1731 5022 1956 zu belanischen.
4011 1858 6246 2176 „Häugtling“ sagte unten einer
3980 1987 5931 2280 der Piraten, wir sind
3992 2193 5937 2503 ganz sicher. Man weiss
4020 2342 6179 2669 nicht, daß wir die Prinzessin
4054 2539 6061 2809 geraubt. Kalliste ist ver¬
4034 2677 6125 3020 schollen; - niemand weiss
4009 2888 5326 3127 etwas von ist.
3983 3037 6120 3353 „Wie soll es jemand ahnen,
3983 3218 6216 3522 erwiderte der Häuptling, dass
4000 3370 6249 3674 sre als Sklavin in Ezygter
3978 3592 6204 3826 lebt? Wir werden nie ent¬
3949 3755 6159 3997 deckt wurden; - wir sind
3972 3972 4535 4276 sicher.
4028 4107 6207 4476 Ingo, der im Thürme war
