7312 4568
1703 268 2696 588 Subalternations.
1889 491 2680 762 Folgerungen.
491 697 3535 973 1. gültig da T Alle Thiere benötigen luft zum Leben
405 868 1099 1119 agoängültig se.
1196 863 2967 1163 folglich auch die Stugethiere
438 1050 3539 1342 1. gültig seÖ. Es ist gütig, daß kein Theresse Luftleben kau¬
324 1208 3584 1512 ergegültig 506 folglich auch, daß kein Säugethien ohne Lußlehenkrei¬
1208 1467 3571 1739 Ungültig, daß die Saugethiere ohne Tuft Oeten kurz,
288 1451 1111 1707 Bergültin Sil
280 1605 3543 1828 ergangult: daß ergo auch, daß alle Thiere ohne Luft leben können
1180 1780 3563 2084 Es ist ungültig, daß kein Saugethar luft beobigt.
276 1816 1050 2080 4. ungültig So P
239 1982 1001 2278 ergsägeltig
1127 1982 3547 2307 folglich auch daß kein Thier tuft benötigt.
5039 316 6308 718 N. Hausaufgabe.
4017 653 6336 1009 Welcher historischen Personlich¬
3997 989 6304 1224 keit des Mitelalters gedenke
4702 1159 5789 1390 ich besonders?
5927 1297 6968 1597 (Karl der Große)
4033 1362 6324 1682 Es giebt viele berühmte Per¬
4033 1634 6300 1909 sönlichkeiten im Mittelalter; —
4021 1808 6429 2071 aber jede zeichnet sich in ihrer
4046 1982 6352 2217 Art aus; - Conammed durch die
4021 2140 6271 2408 Stiftung einer neuen Religion
3973 2307 6186 2574 des Planis; Karl Martell durch
3985 2481 6413 2765 seine Tapferkeit, welche ihm auch
3973 2680 6360 2931 den Namen Martell, was soviel
3965 2846 6324 3057 bedeutet, wie Hammer, verlieh¬
3985 2988 6283 3259 Heinrich I. durch die Gründung
3961 3158 6356 3417 von vielen Städten, Ludwig
3965 3332 6478 3551 der Fromme durch seine Frömmig¬
3981 3543 6385 3774 keit; andere Männer wieder
3989 3656 6243 3944 durch andere Eigenschaften.
4021 3831 6158 4143 Über zwei sind es besonders
4021 4009 6210 4313 die den Anspruch geltend
