7496 4904
1606 397 3769 753 sagen. Eben ist die Sonne aufge¬
1618 614 3703 901 gangen. Die alte verfallene
1263 816 3794 1030 alten Abtei Lange Schattere fallen
1644 948 3813 1209 in die alten Herr größten, langen
1625 1121 3763 1395 Zellen der Abtei, einzelne Bonne
1697 1291 2960 1546 strahlen machen.
1726 1411 3747 1700 Lange Schatten fällen in die
1744 1612 3801 1851 Zeller der Abtei, einzelne
1713 1766 3760 2044 Sonnenstrahlen bescheinen, die
1675 1918 3760 2169 altersgrauen zerrißenen
1675 2078 3734 2355 Wände. - Näß selten lössen
1685 2273 3854 2497 sich nie Steier ab und teller,
1722 2402 3804 2648 hier Verkaufs, wo lang es
1766 2576 3778 2865 noch währen wird bis zu
1779 2730 3712 2966 den vielen Trümmern, die
1776 2897 3889 3177 schöneschterum liegen, immer neue
1785 3073 3778 3347 und eine stecken wird.
1823 3243 3819 3511 Zerbrockelte Steine.
1700 3398 3882 3675 u. Trümmer liegen herum, Moos
1760 3545 3845 3851 und Gras wächst in üppiger
1751 3734 3608 3983 Fülle auf den Mauern
1795 3898 3816 4156 Werweis, wie langes noch
1795 4037 3857 4282 währen wird, bis die Sache
1788 4216 3851 4512 Abtei verfallen ist, bis x der
3930 356 6260 661 ganze Trümmerhaufen von Gras
3886 513 6301 812 überwichert ist, und kein Mensch
3904 668 6118 986 mehr gein wird, was einst
3939 882 6247 1149 auf dieser Stelle gestanden?.
3955 1008 6115 1326 Ist ja die Mönche, die nicht
3999 1190 6074 1505 hier gewohnt, sind schon
4005 1357 6187 1625 jetzt & vergessen. für liegen
3967 1499 6285 1788 unter ihre Geleine liegen
3961 1650 6354 1914 unter dieser Erde, über die sie so
3939 1848 5570 2157 oft betend geschritten.
4065 1977 6433 2289 Aber auch jetzt noch scheint dieser
4046 2141 6515 2465 Ort geweiht zu sein? hieher dringt
3949 2308 6241 2632 mich kein lautes Geräusch
4046 2425 6389 2705 ruhig der Wandrer, der vorüber¬
4062 2610 6342 2950 zucht, hemmt unwillkührlich seine
4100 2777 6313 3026 Schrikte, als könte jeder von
4030 2963 6219 3234 d er vielleicht die todten
4062 3127 6212 3388 Würche damit erwecken, die da
4002 3297 5192 3571 unten schlafen!
4084 3442 6212 3756 Ern Von Zeit zu Zeit läuft
4097 3605 6263 3920 die Hause durch ein - scheues
4106 3753 6162 4024 Reh mit leisen, kaum ho¬
4194 3917 6153 4213 baren Schritten über die
4163 4087 6401 4446 kaisterende vorbei; und schaut
