<?xml version="1.0" encoding="UTF-8" standalone="yes"?>
<PcGts xmlns="http://schema.primaresearch.org/PAGE/gts/pagecontent/2013-07-15" xmlns:xsi="http://www.w3.org/2001/XMLSchema-instance" xsi:schemaLocation="http://schema.primaresearch.org/PAGE/gts/pagecontent/2013-07-15 http://schema.primaresearch.org/PAGE/gts/pagecontent/2013-07-15/pagecontent.xsd">
    <Metadata>
        <Creator>prov=READ-COOP:name=TrHtr:version=2.1.0:model_id=51170:date=28_07_2023_05:41</Creator>
        <Created>2023-05-10T11:14:55.387+02:00</Created>
        <LastChange>2023-07-28T05:41:07.704+02:00</LastChange>
        <TranskribusMetadata docId="1428137" pageId="55384828" pageNr="52" tsid="131319905" status="IN_PROGRESS" userId="64420" imgUrl="https://files.transkribus.eu/Get?id=VSUEEATLWBPCNBROETYZFXUX&amp;fileType=view" xmlUrl="https://files.transkribus.eu/Get?id=IKMNGHLIXBLQQQFXORMRRWZK" imageId="44659727"/>
    </Metadata>
    <Page imageFilename="1428137_0052.jpg" imageWidth="7480" imageHeight="4888">
        <ReadingOrder>
            <OrderedGroup id="ro_1711824054695" caption="Regions reading order">
                <RegionRefIndexed index="0" regionRef="tr_2"/>
                <RegionRefIndexed index="1" regionRef="tr_1"/>
            </OrderedGroup>
        </ReadingOrder>
        <TextRegion id="tr_2" custom="readingOrder {index:0;}">
            <Coords points="1577,756 3776,756 3776,4384 1577,4384"/>
            <TextLine id="tr_2_tl_1" custom="readingOrder {index:0;}">
                <Coords points="2221,875 2273,898 2339,864 2391,864 2488,895 2549,893 2586,864 2606,887 2638,864 2706,867 2721,649 2632,594 2572,608 2554,585 2503,580 2422,608 2402,588 2287,640 2236,640"/>
                <Baseline points="2240,842 2270,836 2360,836 2449,830 2539,824 2629,824 2718,806"/>
                <TextEquiv>
                    <Unicode>Aber</Unicode>
                </TextEquiv>
            </TextLine>
            <TextLine id="tr_2_tl_2" custom="readingOrder {index:1;}">
                <Coords points="1558,1335 1954,1217 2104,1211 2322,1358 2517,1243 2747,1340 3054,1203 3539,1220 3671,1197 3676,996 3255,1079 2867,1004 2692,1091 2471,1033 1564,1099"/>
                <Baseline points="1577,1207 1613,1207 1703,1207 1792,1207 1882,1207 1971,1201 2061,1207 2151,1207 2240,1201 2330,1201 2420,1195 2509,1189 2599,1189 2688,1183 2778,1177 2868,1171 2957,1171 3047,1171 3137,1171 3226,1165 3316,1165 3406,1165 3495,1159 3585,1159 3674,1159"/>
                <TextEquiv>
                    <Unicode>Die üble Gewohnheit des</Unicode>
                </TextEquiv>
            </TextLine>
            <TextLine id="tr_2_tl_3" custom="readingOrder {index:2;}">
                <Coords points="2147,1587 2207,1567 2454,1670 2617,1544 2761,1576 3019,1530 3326,1553 3329,1438 3206,1412 3054,1297 2907,1277 2749,1343 2474,1294 2325,1358 2152,1340"/>
                <Baseline points="2163,1541 2169,1547 2258,1547 2348,1547 2438,1547 2527,1535 2617,1535 2706,1535 2796,1529 2886,1529 2975,1523 3065,1523 3155,1523 3244,1523 3334,1523"/>
                <TextEquiv>
                    <Unicode>Aufschiebens</Unicode>
                </TextEquiv>
            </TextLine>
            <TextLine id="tr_2_tl_4" custom="readingOrder {index:3;}">
                <Coords points="1584,2135 2718,2066 3068,2178 3214,2064 3447,2173 3740,2072 3742,1906 3668,1894 2141,1975 1929,1808 1593,1831"/>
                <Baseline points="1601,2079 1685,2085 1774,2085 1864,2085 1954,2079 2043,2079 2133,2073 2222,2067 2312,2067 2402,2067 2491,2067 2581,2061 2671,2055 2760,2061 2850,2055 2939,2049 3029,2049 3119,2043 3208,2043 3298,2043 3388,2043 3477,2043 3567,2031 3657,2031 3746,2025"/>
                <TextEquiv>
                    <Unicode>Was du heute thun kannst, verschie¬</Unicode>
                </TextEquiv>
            </TextLine>
            <TextLine id="tr_2_tl_5" custom="readingOrder {index:4;}">
                <Coords points="1590,2273 1949,2328 2348,2241 2594,2365 2830,2247 3668,2253 3705,2132 2468,2187 2104,2098 1593,2190"/>
                <Baseline points="1607,2264 1649,2264 1738,2264 1828,2258 1918,2252 2007,2252 2097,2252 2187,2246 2276,2246 2366,2240 2455,2240 2545,2240 2635,2234 2724,2234 2814,2228 2904,2222 2993,2222 3083,2222 3173,2222 3262,2216 3352,2216 3441,2210 3531,2204 3621,2193 3710,2181"/>
                <TextEquiv>
                    <Unicode>be nicht auf morgen, sagt ein</Unicode>
                </TextEquiv>
            </TextLine>
            <TextLine id="tr_2_tl_6" custom="readingOrder {index:5;}">
                <Coords points="1601,2471 2468,2468 2549,2543 2772,2414 3768,2402 3771,2313 3217,2336 3054,2227 2592,2365 2351,2244 1966,2368 1607,2351"/>
                <Baseline points="1619,2432 1625,2432 1714,2432 1804,2426 1894,2420 1983,2420 2073,2420 2163,2414 2252,2408 2342,2408 2432,2408 2521,2408 2611,2408 2700,2408 2790,2402 2880,2396 2969,2396 3059,2390 3149,2390 3238,2390 3328,2390 3418,2384 3507,2384 3597,2378 3686,2372 3776,2366"/>
                <TextEquiv>
                    <Unicode>alter Volksspruch. Und wenn</Unicode>
                </TextEquiv>
            </TextLine>
            <TextLine id="tr_2_tl_7" custom="readingOrder {index:6;}">
                <Coords points="1613,2629 2704,2580 2939,2686 3088,2589 3467,2557 3605,2632 3668,2462 3562,2419 3332,2494 3111,2414 2804,2520 2115,2462 1957,2549 1616,2557"/>
                <Baseline points="1631,2605 1703,2599 1792,2599 1882,2599 1971,2599 2061,2587 2151,2587 2240,2587 2330,2581 2420,2581 2509,2575 2599,2575 2688,2575 2778,2575 2868,2575 2957,2575 3047,2569 3137,2569 3226,2563 3316,2557 3406,2551 3495,2545 3585,2545 3674,2539"/>
                <TextEquiv>
                    <Unicode>man bedinkt, was für große</Unicode>
                </TextEquiv>
            </TextLine>
            <TextLine id="tr_2_tl_8" custom="readingOrder {index:7;}">
                <Coords points="1610,2787 1911,2873 2506,2749 2620,2844 2824,2804 2976,2893 3154,2767 3679,2784 3682,2623 3252,2577 2947,2692 2666,2580 2351,2709 1937,2626 1610,2692"/>
                <Baseline points="1625,2772 1714,2766 1804,2766 1894,2760 1983,2754 2073,2754 2163,2748 2252,2748 2342,2742 2432,2742 2521,2742 2611,2736 2700,2736 2790,2736 2880,2736 2969,2730 3059,2730 3149,2730 3238,2724 3328,2724 3418,2724 3507,2724 3597,2724 3686,2736"/>
                <TextEquiv>
                    <Unicode>und schwere Folgen schon der ge¬</Unicode>
                </TextEquiv>
            </TextLine>
            <TextLine id="tr_2_tl_9" custom="readingOrder {index:8;}">
                <Coords points="1616,2982 1828,3068 2098,2942 2316,3022 2457,2925 3019,3034 3286,2933 3734,2936 3734,2833 3214,2781 2973,2887 2460,2778 1619,2899"/>
                <Baseline points="1631,2939 1679,2945 1768,2939 1858,2939 1948,2939 2037,2933 2127,2933 2216,2933 2306,2922 2396,2922 2485,2922 2575,2916 2665,2922 2754,2916 2844,2916 2933,2910 3023,2910 3113,2910 3202,2904 3292,2910 3382,2904 3471,2898 3561,2898 3651,2898 3740,2892"/>
                <TextEquiv>
                    <Unicode>ringste Aufschub nach sich gezogen</Unicode>
                </TextEquiv>
            </TextLine>
            <TextLine id="tr_2_tl_10" custom="readingOrder {index:9;}">
                <Coords points="1613,3246 1954,3128 2686,3102 3186,3220 3478,3102 3757,3120 3760,2985 3450,2919 3206,3028 3134,2965 2617,3031 2454,2925 2313,3022 1828,3068 1619,2985"/>
                <Baseline points="1631,3125 1703,3125 1792,3125 1882,3125 1971,3119 2061,3113 2151,3113 2240,3107 2330,3107 2420,3107 2509,3101 2599,3101 2688,3095 2778,3101 2868,3095 2957,3089 3047,3095 3137,3089 3226,3089 3316,3089 3406,3083 3495,3083 3585,3077 3674,3077 3764,3065"/>
                <TextEquiv>
                    <Unicode>hat, so wird man die Wahrheit die¬</Unicode>
                </TextEquiv>
            </TextLine>
            <TextLine id="tr_2_tl_11" custom="readingOrder {index:10;}">
                <Coords points="1630,3384 2072,3341 2141,3412 2471,3289 2867,3280 3042,3367 3223,3269 3702,3283 3705,3143 3180,3220 2836,3117 1949,3131 1636,3226"/>
                <Baseline points="1649,3292 1738,3292 1828,3292 1918,3292 2007,3286 2097,3286 2187,3280 2276,3280 2366,3274 2455,3274 2545,3268 2635,3268 2724,3268 2814,3268 2904,3268 2993,3262 3083,3262 3173,3262 3262,3256 3352,3250 3441,3250 3531,3250 3621,3238 3710,3232"/>
                <TextEquiv>
                    <Unicode>ses Spruches leicht einsehen. Aber</Unicode>
                </TextEquiv>
            </TextLine>
            <TextLine id="tr_2_tl_12" custom="readingOrder {index:11;}">
                <Coords points="1610,3476 1874,3493 1992,3585 2247,3458 2600,3513 3628,3433 3751,3490 3754,3346 3438,3298 3269,3389 2810,3303 2471,3372 2296,3326 2138,3421 2052,3349 1610,3410"/>
                <Baseline points="1625,3465 1697,3471 1786,3465 1876,3465 1965,3465 2055,3465 2145,3459 2234,3459 2324,3453 2414,3447 2503,3441 2593,3441 2683,3441 2772,3441 2862,3435 2951,3441 3041,3441 3131,3435 3220,3435 3310,3429 3400,3429 3489,3429 3579,3429 3668,3423 3758,3423"/>
                <TextEquiv>
                    <Unicode>man befolgt ihn leider nicht immer</Unicode>
                </TextEquiv>
            </TextLine>
            <TextLine id="tr_2_tl_13" custom="readingOrder {index:12;}">
                <Coords points="1639,3659 1903,3671 1995,3748 2135,3642 3530,3613 3705,3674 3728,3530 3389,3550 3263,3438 2560,3599 2353,3579 2230,3467 1995,3585 1759,3473 1642,3547"/>
                <Baseline points="1655,3645 1673,3645 1762,3645 1852,3645 1942,3639 2031,3633 2121,3633 2210,3633 2300,3627 2390,3627 2479,3627 2569,3627 2659,3621 2748,3621 2838,3621 2928,3621 3017,3615 3107,3615 3196,3615 3286,3609 3376,3609 3465,3609 3555,3609 3645,3609 3734,3603"/>
                <TextEquiv>
                    <Unicode>Viele schauen nur auf die ange¬</Unicode>
                </TextEquiv>
            </TextLine>
            <TextLine id="tr_2_tl_14" custom="readingOrder {index:13;}">
                <Coords points="1576,3926 2890,3808 3298,3912 3412,3829 3720,3829 3722,3714 3441,3616 3217,3711 3028,3613 2793,3722 2135,3642 1998,3748 1883,3671 1578,3800"/>
                <Baseline points="1595,3842 1667,3836 1756,3830 1846,3824 1936,3824 2025,3818 2115,3818 2204,3818 2294,3812 2384,3812 2473,3806 2563,3806 2653,3806 2742,3806 2832,3806 2922,3806 3011,3800 3101,3800 3190,3800 3280,3794 3370,3788 3459,3788 3549,3788 3639,3782 3728,3776"/>
                <TextEquiv>
                    <Unicode>nehmettegenwart und vergessen</Unicode>
                </TextEquiv>
            </TextLine>
            <TextLine id="tr_2_tl_15" custom="readingOrder {index:14;}">
                <Coords points="1622,4047 2368,4009 2546,4118 2815,4001 3005,4081 3200,3992 3636,4055 3659,3857 3410,3829 3298,3915 3166,3834 2850,3900 2704,3831 2359,3943 2035,3863 1914,3941 1802,3869 1624,3932"/>
                <Baseline points="1637,4015 1691,4009 1780,4009 1870,4009 1959,4003 2049,4003 2139,3997 2228,3997 2318,3991 2408,3985 2497,3985 2587,3985 2677,3985 2766,3985 2856,3985 2945,3985 3035,3985 3125,3985 3214,3985 3304,3979 3394,3979 3483,3973 3573,3973 3663,3961"/>
                <TextEquiv>
                    <Unicode>der Folgen, welche durch diese Ang</Unicode>
                </TextEquiv>
            </TextLine>
            <TextLine id="tr_2_tl_16" custom="readingOrder {index:15;}">
                <Coords points="1578,4239 1782,4210 1926,4322 2264,4187 2485,4314 2718,4184 3699,4176 3702,4075 3447,4098 3260,3998 2554,4113 2219,4095 2069,4009 1578,4147"/>
                <Baseline points="1595,4206 1643,4200 1732,4194 1822,4194 1912,4188 2001,4188 2091,4188 2181,4182 2270,4182 2360,4176 2449,4176 2539,4176 2629,4176 2718,4176 2808,4176 2898,4176 2987,4176 3077,4176 3167,4170 3256,4170 3346,4170 3435,4164 3525,4158 3615,4153 3704,4153"/>
                <TextEquiv>
                    <Unicode>nehmlichkeit entstehen können</Unicode>
                </TextEquiv>
            </TextLine>
            <TextLine id="tr_2_tl_17" custom="readingOrder {index:16;}">
                <Coords points="1599,4451 1986,4403 2121,4506 2520,4365 2902,4515 3257,4448 3493,4509 3651,4451 3654,4236 3160,4288 2678,4202 2485,4311 2333,4233 1926,4322 1745,4196 1601,4248"/>
                <Baseline points="1613,4368 1685,4374 1774,4374 1864,4374 1954,4368 2043,4368 2133,4368 2222,4362 2312,4356 2402,4356 2491,4356 2581,4356 2671,4350 2760,4356 2850,4362 2939,4362 3029,4356 3119,4356 3208,4350 3298,4350 3388,4344 3477,4344 3567,4338 3657,4344"/>
                <TextEquiv>
                    <Unicode>Wer weiß, ob das morgen noch</Unicode>
                </TextEquiv>
            </TextLine>
        </TextRegion>
        <TextRegion id="tr_1" custom="readingOrder {index:1;}">
            <Coords points="3884,559 6226,559 6226,4354 3884,4354"/>
            <TextLine id="tr_1_tl_1" custom="readingOrder {index:0;}">
                <Coords points="3866,695 4116,646 4308,752 4612,649 4870,715 5200,629 6010,657 6010,537 5809,465 4621,542 4391,459 4282,542 3869,557"/>
                <Baseline points="3884,651 3955,651 4045,645 4135,645 4224,639 4314,639 4403,633 4493,633 4583,633 4672,627 4762,627 4852,627 4941,621 5031,621 5121,615 5210,615 5300,615 5389,615 5479,609 5569,609 5658,609 5748,609 5838,609 5927,609 6017,609"/>
                <TextEquiv>
                    <Unicode>möglich ist, was du heute mit Leichtig¬</Unicode>
                </TextEquiv>
            </TextLine>
            <TextLine id="tr_1_tl_2" custom="readingOrder {index:1;}">
                <Coords points="3877,887 4319,809 5918,818 5984,660 5740,611 5625,692 5195,657 4776,738 4612,649 4225,758 4101,663 3883,738"/>
                <Baseline points="3896,812 3925,812 4015,812 4105,806 4194,806 4284,800 4374,800 4463,794 4553,794 4643,794 4732,794 4822,788 4911,788 5001,782 5091,782 5180,782 5270,776 5360,776 5449,770 5539,764 5628,764 5718,758 5808,752 5897,746 5987,752"/>
                <TextEquiv>
                    <Unicode>keit vollbringen kannst? Aber</Unicode>
                </TextEquiv>
            </TextLine>
            <TextLine id="tr_1_tl_3" custom="readingOrder {index:2;}">
                <Coords points="3877,1022 4426,1076 4589,993 5034,979 5203,1102 5688,956 5906,1050 6102,984 6104,804 5700,875 5470,821 5241,913 4690,804 3880,916"/>
                <Baseline points="3896,979 3955,985 4045,979 4135,979 4224,974 4314,974 4403,968 4493,968 4583,962 4672,968 4762,962 4852,962 4941,956 5031,956 5121,956 5210,956 5300,950 5389,950 5479,938 5569,938 5658,938 5748,938 5838,932 5927,932 6017,926 6107,926"/>
                <TextEquiv>
                    <Unicode>wir treffen diesen Leichtsinn nicht</Unicode>
                </TextEquiv>
            </TextLine>
            <TextLine id="tr_1_tl_4" custom="readingOrder {index:3;}">
                <Coords points="3869,1191 4316,1159 4572,1277 5169,1142 6021,1125 6004,1045 5496,1085 5370,1007 5195,1096 5011,982 4695,1071 4555,1004 4362,1096 3872,1022"/>
                <Baseline points="3884,1165 3967,1159 4057,1153 4147,1153 4236,1147 4326,1147 4415,1147 4505,1141 4595,1141 4684,1141 4774,1135 4864,1135 4953,1129 5043,1129 5132,1129 5222,1129 5312,1123 5401,1123 5491,1123 5581,1117 5670,1111 5760,1111 5850,1111 5939,1105 6029,1099"/>
                <TextEquiv>
                    <Unicode>nur im bürgerlichen Leben an, nein</Unicode>
                </TextEquiv>
            </TextLine>
            <TextLine id="tr_1_tl_5" custom="readingOrder {index:4;}">
                <Coords points="3895,1438 4463,1329 6093,1340 6096,1182 4569,1277 4213,1188 3900,1263"/>
                <Baseline points="3913,1332 3949,1332 4039,1332 4129,1326 4218,1320 4308,1320 4398,1320 4487,1320 4577,1314 4666,1314 4756,1308 4846,1308 4935,1308 5025,1302 5115,1296 5204,1296 5294,1296 5383,1290 5473,1290 5563,1284 5652,1284 5742,1284 5832,1278 5921,1272 6011,1278 6101,1272"/>
                <TextEquiv>
                    <Unicode>auch wenn wir einen Blick auf das</Unicode>
                </TextEquiv>
            </TextLine>
            <TextLine id="tr_1_tl_6" custom="readingOrder {index:5;}">
                <Coords points="3874,1530 4761,1495 4945,1607 5364,1478 6059,1498 6064,1320 3877,1424"/>
                <Baseline points="3890,1505 3913,1511 4003,1511 4093,1505 4182,1499 4272,1499 4362,1493 4451,1493 4541,1493 4631,1487 4720,1487 4810,1481 4899,1481 4989,1475 5079,1469 5168,1469 5258,1464 5348,1464 5437,1458 5527,1458 5617,1452 5706,1452 5796,1446 5885,1446 5975,1440 6065,1440"/>
                <TextEquiv>
                    <Unicode>weite Feld der Geschichte werfen, bie¬</Unicode>
                </TextEquiv>
            </TextLine>
            <TextLine id="tr_1_tl_7" custom="readingOrder {index:6;}">
                <Coords points="3877,1719 4052,1779 4228,1667 4804,1659 4962,1774 5287,1662 5447,1762 5591,1633 6148,1639 6150,1524 5467,1487 4942,1604 4294,1518 3880,1604"/>
                <Baseline points="3896,1673 3913,1667 4003,1667 4093,1667 4182,1661 4272,1661 4362,1661 4451,1661 4541,1655 4631,1655 4720,1655 4810,1649 4899,1643 4989,1643 5079,1643 5168,1637 5258,1631 5348,1631 5437,1625 5527,1625 5617,1625 5706,1619 5796,1619 5885,1619 5975,1613 6065,1613 6154,1625"/>
                <TextEquiv>
                    <Unicode>tet sich uns manches Beispiel dar.</Unicode>
                </TextEquiv>
            </TextLine>
            <TextLine id="tr_1_tl_8" custom="readingOrder {index:7;}">
                <Coords points="3963,1886 4446,1848 4655,1926 4756,1857 4979,1952 5157,1848 5645,1825 5832,1937 6150,1837 6153,1725 5568,1650 5444,1765 5332,1705 4948,1777 4615,1693 4480,1765 4245,1667 3966,1779"/>
                <Baseline points="3979,1840 4009,1840 4099,1846 4188,1840 4278,1840 4368,1834 4457,1834 4547,1834 4637,1828 4726,1828 4816,1828 4905,1822 4995,1816 5085,1816 5174,1810 5264,1810 5354,1810 5443,1804 5533,1804 5622,1804 5712,1798 5802,1798 5891,1798 5981,1798 6071,1792 6160,1798"/>
                <TextEquiv>
                    <Unicode>kleine Ursachen - große Wirkungen</Unicode>
                </TextEquiv>
            </TextLine>
            <TextLine id="tr_1_tl_9" custom="readingOrder {index:8;}">
                <Coords points="3880,2035 5645,1989 5858,2084 6116,2015 6122,1883 5585,1937 5109,1871 4965,1954 4753,1857 4446,1960 4282,1911 3880,1983"/>
                <Baseline points="3896,2031 3973,2031 4063,2025 4153,2019 4242,2019 4332,2019 4421,2019 4511,2007 4601,2007 4690,2001 4780,2001 4870,1995 4959,1989 5049,1989 5138,1989 5228,1989 5318,1983 5407,1983 5497,1983 5587,1977 5676,1977 5766,1977 5856,1971 5945,1971 6035,1971 6124,1965"/>
                <TextEquiv>
                    <Unicode>werden wohl viele in einem sol¬</Unicode>
                </TextEquiv>
            </TextLine>
            <TextLine id="tr_1_tl_10" custom="readingOrder {index:9;}">
                <Coords points="3895,2336 4199,2207 4730,2307 5014,2178 5473,2167 5594,2279 5800,2173 6107,2158 6113,2041 5542,2092 5261,2032 5060,2130 4612,2006 3903,2078"/>
                <Baseline points="3913,2210 3967,2210 4057,2204 4147,2199 4236,2199 4326,2193 4415,2193 4505,2187 4595,2187 4684,2181 4774,2175 4864,2175 4953,2169 5043,2169 5132,2163 5222,2163 5312,2157 5401,2157 5491,2157 5581,2151 5670,2151 5760,2145 5850,2145 5939,2151 6029,2145 6118,2145"/>
                <TextEquiv>
                    <Unicode>chen Falle sagen. Was große Wir¬</Unicode>
                </TextEquiv>
            </TextLine>
            <TextLine id="tr_1_tl_11" custom="readingOrder {index:10;}">
                <Coords points="3897,2391 4162,2373 4342,2471 4816,2353 4974,2460 5281,2339 6070,2336 6130,2259 5884,2207 5611,2287 5467,2170 5063,2276 4882,2213 4730,2307 4058,2256 3897,2336"/>
                <Baseline points="3913,2372 3985,2372 4075,2366 4164,2366 4254,2366 4344,2360 4433,2354 4523,2354 4613,2348 4702,2348 4792,2348 4882,2342 4971,2342 5061,2342 5150,2336 5240,2330 5330,2330 5419,2330 5509,2324 5599,2324 5688,2318 5778,2312 5867,2312 5957,2312 6047,2312 6136,2312"/>
                <TextEquiv>
                    <Unicode>kungen hervorbringt, kann keine</Unicode>
                </TextEquiv>
            </TextLine>
            <TextLine id="tr_1_tl_12" custom="readingOrder {index:11;}">
                <Coords points="3920,2572 4374,2563 4578,2646 4758,2528 5645,2506 5869,2632 6216,2517 6222,2368 5447,2345 4977,2460 4684,2382 4311,2474 4162,2376 3923,2460"/>
                <Baseline points="3937,2539 3985,2539 4075,2533 4164,2533 4254,2533 4344,2527 4433,2527 4523,2521 4613,2521 4702,2515 4792,2515 4882,2515 4971,2515 5061,2515 5150,2509 5240,2503 5330,2503 5419,2497 5509,2491 5599,2485 5688,2485 5778,2485 5867,2479 5957,2485 6047,2479 6136,2479 6226,2479"/>
                <TextEquiv>
                    <Unicode>kleine Ursache sein. Vielleicht erscheint</Unicode>
                </TextEquiv>
            </TextLine>
            <TextLine id="tr_1_tl_13" custom="readingOrder {index:12;}">
                <Coords points="3906,2801 4081,2712 4526,2801 4822,2689 5545,2666 5823,2666 6013,2778 6173,2724 6176,2566 5869,2629 5642,2511 5536,2594 5223,2537 5066,2597 4902,2514 4483,2652 4357,2572 3912,2600"/>
                <Baseline points="3925,2706 3943,2706 4033,2706 4123,2706 4212,2706 4302,2700 4392,2694 4481,2688 4571,2683 4660,2683 4750,2677 4840,2677 4929,2677 5019,2677 5109,2671 5198,2671 5288,2665 5377,2665 5467,2659 5557,2659 5646,2653 5736,2653 5826,2653 5915,2653 6005,2647 6095,2641 6184,2629"/>
                <TextEquiv>
                    <Unicode>sie beim ersten Anblick klein; doch</Unicode>
                </TextEquiv>
            </TextLine>
            <TextLine id="tr_1_tl_14" custom="readingOrder {index:13;}">
                <Coords points="3909,2902 4391,2879 4578,2996 5103,2856 5964,2936 6211,2896 6216,2726 3912,2813"/>
                <Baseline points="3925,2886 3979,2886 4069,2886 4158,2880 4248,2880 4338,2874 4427,2868 4517,2862 4607,2856 4696,2850 4786,2856 4876,2850 4965,2850 5055,2850 5144,2844 5234,2844 5324,2838 5413,2838 5503,2832 5593,2832 5682,2832 5772,2832 5862,2832 5951,2826 6041,2820 6130,2814 6220,2814"/>
                <TextEquiv>
                    <Unicode>wenn wir sie genau bis ins Innerste</Unicode>
                </TextEquiv>
            </TextLine>
            <TextLine id="tr_1_tl_15" custom="readingOrder {index:14;}">
                <Coords points="3918,3120 5780,3065 6127,3005 6130,2930 5628,2893 5505,2959 4575,2996 4388,2876 4239,2973 3923,2970"/>
                <Baseline points="3937,3059 3985,3059 4075,3059 4164,3059 4254,3053 4344,3053 4433,3053 4523,3053 4613,3041 4702,3035 4792,3035 4882,3029 4971,3029 5061,3029 5150,3023 5240,3023 5330,3017 5419,3017 5509,3017 5599,3017 5688,3017 5778,3011 5867,3011 5957,3011 6047,3005 6136,2993"/>
                <TextEquiv>
                    <Unicode>betrachten, werden wir bald ihre</Unicode>
                </TextEquiv>
            </TextLine>
            <TextLine id="tr_1_tl_16" custom="readingOrder {index:15;}">
                <Coords points="3972,3355 4334,3234 5215,3209 5338,3269 5553,3194 5869,3315 6142,3189 6148,3034 5298,3051 5172,3123 4193,3062 3978,3128"/>
                <Baseline points="3991,3232 3997,3232 4087,3232 4176,3232 4266,3226 4356,3226 4445,3226 4535,3226 4625,3220 4714,3214 4804,3214 4893,3208 4983,3208 5073,3208 5162,3202 5252,3196 5342,3190 5431,3190 5521,3184 5611,3184 5700,3184 5790,3184 5879,3178 5969,3173 6059,3167 6148,3173"/>
                <TextEquiv>
                    <Unicode>Größe erkennen. Aus der Größte</Unicode>
                </TextEquiv>
            </TextLine>
            <TextLine id="tr_1_tl_17" custom="readingOrder {index:16;}">
                <Coords points="3929,3499 4483,3398 4664,3496 4922,3384 5077,3487 5238,3421 5376,3490 5657,3367 6004,3367 6007,3309 5751,3312 5657,3229 5419,3309 4948,3252 4853,3332 4362,3260 3935,3387"/>
                <Baseline points="3949,3412 4039,3406 4129,3406 4218,3400 4308,3400 4398,3394 4487,3394 4577,3394 4666,3388 4756,3394 4846,3388 4935,3382 5025,3382 5115,3376 5204,3376 5294,3364 5383,3364 5473,3352 5563,3352 5652,3352 5742,3358 5832,3352 5921,3352 6015,3336"/>
                <TextEquiv>
                    <Unicode>der Wirkung erst lässt sich auf</Unicode>
                </TextEquiv>
            </TextLine>
            <TextLine id="tr_1_tl_18" custom="readingOrder {index:17;}">
                <Coords points="3949,3642 4084,3593 4205,3711 4457,3573 5218,3553 5565,3639 5677,3565 5797,3676 5947,3573 6193,3565 6196,3455 5958,3344 5410,3499 5226,3424 5086,3490 4925,3387 4701,3504 4420,3433 3955,3464"/>
                <Baseline points="3967,3591 4051,3591 4141,3585 4230,3579 4320,3579 4409,3573 4499,3573 4589,3573 4678,3573 4768,3567 4858,3561 4947,3561 5037,3561 5127,3555 5216,3549 5306,3543 5395,3537 5485,3531 5575,3531 5664,3525 5754,3531 5844,3525 5933,3519 6023,3519 6112,3519 6202,3519"/>
                <TextEquiv>
                    <Unicode>die Größe der Ursache schließen</Unicode>
                </TextEquiv>
            </TextLine>
            <TextLine id="tr_1_tl_19" custom="readingOrder {index:18;}">
                <Coords points="3909,3797 4463,3768 4695,3877 4928,3754 6050,3748 6087,3622 5929,3590 5777,3674 5663,3567 5327,3659 4931,3565 4615,3668 4460,3573 4205,3711 4084,3593 3915,3619"/>
                <Baseline points="3925,3770 3943,3770 4033,3776 4123,3770 4212,3764 4302,3758 4392,3758 4481,3752 4571,3746 4660,3746 4750,3740 4840,3740 4929,3734 5019,3734 5109,3728 5198,3728 5288,3722 5377,3722 5467,3722 5557,3716 5646,3710 5736,3710 5826,3710 5915,3710 6005,3710 6095,3704"/>
                <TextEquiv>
                    <Unicode>Ein andrer Spruch, der von vielen</Unicode>
                </TextEquiv>
            </TextLine>
            <TextLine id="tr_1_tl_20" custom="readingOrder {index:19;}">
                <Coords points="3969,3958 4847,3935 5045,4029 5172,3952 5338,4035 5723,3903 6079,3952 6084,3817 5505,3768 5157,3831 4928,3754 4529,3886 4233,3786 3969,3923"/>
                <Baseline points="3985,3949 4027,3949 4117,3949 4206,3943 4296,3937 4386,3937 4475,3937 4565,3931 4654,3931 4744,3925 4834,3919 4923,3913 5013,3913 5103,3908 5192,3908 5282,3908 5372,3902 5461,3902 5551,3902 5640,3902 5730,3896 5820,3896 5909,3890 5999,3890 6089,3878"/>
                <TextEquiv>
                    <Unicode>Leuten zur Entschuldigung vor¬</Unicode>
                </TextEquiv>
            </TextLine>
            <TextLine id="tr_1_tl_21" custom="readingOrder {index:20;}">
                <Coords points="3915,4276 4380,4136 5298,4219 5536,4101 6001,4093 6007,3943 5539,4050 5456,3978 5344,4035 5117,3986 5008,4058 4629,3929 3923,4061"/>
                <Baseline points="3937,4153 3943,4147 4033,4153 4123,4147 4212,4141 4302,4141 4392,4135 4481,4129 4571,4129 4660,4123 4750,4117 4840,4105 4929,4105 5019,4099 5109,4093 5198,4087 5288,4093 5377,4093 5467,4093 5557,4087 5646,4081 5736,4075 5826,4075 5915,4075 6005,4075"/>
                <TextEquiv>
                    <Unicode>gebracht wird, ist folgender.</Unicode>
                </TextEquiv>
            </TextLine>
            <TextLine id="tr_1_tl_22" custom="readingOrder {index:21;}">
                <Coords points="3929,4460 5120,4437 5398,4357 5654,4463 5938,4294 6176,4279 6179,4182 5852,4104 5298,4219 5017,4162 4922,4242 4382,4133 3935,4273"/>
                <Baseline points="3949,4344 4033,4326 4123,4320 4212,4320 4302,4308 4392,4308 4481,4302 4571,4302 4660,4302 4750,4296 4840,4290 4929,4284 5019,4278 5109,4278 5198,4278 5288,4272 5377,4278 5467,4272 5557,4272 5646,4266 5736,4266 5826,4266 5915,4260 6005,4260 6095,4254 6184,4248"/>
                <TextEquiv>
                    <Unicode>Aufgeschoben ist nicht aufgehoben.</Unicode>
                </TextEquiv>
            </TextLine>
        </TextRegion>
    </Page>
</PcGts>
