7587 4760
1337 416 3651 683 alle. — Als de Würfel fielen, wurde es
1788 615 2501 770 um den Tisch
1299 651 3687 951 unruhig im Saal, ein Ruf des Staunens ging
1328 806 3693 1147 durch den Saal - mein Gegner hatte
1347 980 3706 1299 zum zweiten Male achtzehn Augen
1318 1186 3690 1515 geworfen.- Mich verließ der Mut, aber
1315 1402 3690 1682 ich verbarg meine Unruhe. Was ich ahnte,
1324 1569 3693 1817 geschah, - als die Würfel zum letzten
1337 1776 3670 2056 male fielen, hatte er gewonnen. Mein
1402 1963 3525 2265 Gutgehörte meinem Gast: Die
1299 2117 3596 2459 letzten Stunden jener Nachtverbrachte
1334 2333 3661 2642 ich in er aufregendsten Gedanken. Meine
1402 2526 3722 2823 Freunde drängsten sich um den neuen
1360 2697 3587 2945 Besitzer des Gutes; - sie begonnen
1395 2894 3699 3203 mich zu verlassen; aber auch er verlor
1379 3084 3606 3380 sie bald; denn plötzlich würde er der
1408 3268 3761 3583 Geiz selbst, scharrte das Geldzusammen
1373 3496 3722 3780 auf ebenso übertriebene Weise, wie ich es
1382 3670 3667 3931 verschwendet hatte, und je reicher er
1353 3838 3761 4134 ist dest o größer wird seine Habsucht
819 3877 1250 4105 wird
1389 4022 3629 4292 Was nun Loos war, kommt ihr euch
1389 4212 3670 4550 wohl denken. Ich dachte, daß ich nun
4292 309 4618 506 bald
5678 293 5978 470 um
3806 419 6187 677 im Spiel so viel gewinnen würde, daß ich das
3819 612 6319 912 Gut zurückzukaufen. Mit dem Rest meines
3848 809 6439 1076 Vermögens stürzte ich mich in die gefährlichsten
3832 944 6155 1250 Spieln. Das Glück begann mich zu verlassen,
3793 1176 6339 1473 und von Tag zu tag zählte ich weniger Freund
3857 1347 6197 1663 In einem Monat hatte ich all mein Geld
3841 1544 6097 1776 verloren und - alle meine Freunde -
3854 1772 6213 2008 Gestern um diese Zeit setzte ich mein
3861 1930 6152 2195 letztes Goldstück auf eine Karte, und
3828 2117 6310 2365 im nächsten Augenblick war ich ein Bettler
3861 2301 6245 2575 Richard hatte geendet und starrte in die
3857 2494 5717 2729 dunkle Winternacht hinaus.
3928 2697 6203 2965 Ewald und Adalbert sahen sichen, und
3864 2862 6103 3084 in ihren Augen konnte man lesen,
3819 3061 5565 3322 was sie sich sagen wollten
3864 3229 6319 3529 Druben aber in den hell erleuchteten Zimmern
3854 3480 6355 3699 tensten die frohen Paare an den Fenstern
3877 3596 6252 3877 vorüber, während oben im kalten Dach
3890 3825 6236 4080 stütchen einer seine traurige Geschichte
3909 3977 6103 4247 erzählte – eine Geschichte von
3896 4176 6103 4486 dem Elend und dem Ungluck, das
