7587 4760
1341 456 3803 715 wurde mir das Spiel zum Bedürfnis, stets und
1364 599 3810 878 stets schimmerten die blinkenden Münzen
1371 779 3753 1078 vor meinem Blick, selbst im Schlafe
1421 985 3757 1291 ließ mir meine Leidenschaft keine
1408 1175 3800 1401 Stuhe, und er er träumte von nichts als vom
1484 1361 3780 1637 Spiel. Ichgewon. Mein Glückbegan
1447 1544 3717 1870 bekannt zu werden; ich lebte in Saus
1414 1727 3787 2033 und Braus und verschwendete mehr den
1421 1937 3790 2233 ge. Mehr und mehr Freunde schaarten
1424 2140 3807 2446 sich um meinen gaßfreundlichen Tisch;
1418 2303 3807 2589 im Herbst ging’s darauf mein Gut da
1418 2499 3753 2808 vergnügten wir uns mit Jagen und
1447 2675 3750 2998 sonderm leichten Zeitvertreib, und so
1444 2882 3790 3204 verbrachte ich die Jahre in gedankenlos
1408 3058 3837 3391 leichtsinnigem Hinleben. Eines Abends,
1401 3271 3793 3550 als wir alle von Waim und Spiel erhitzt um
1394 3444 3830 3763 den grünen Tisch saften, schlug mir einer
1388 3630 3747 3950 meiner Gäste, auf den ich bis jetzt
1388 3830 3750 4149 wenig geachtet hatte, vor, einmal ein
1394 4010 3704 4299 so recht seltsames Spielchen zu
1348 4213 3833 4519 thun. „Wenns auch recht ist“, so sprach
3903 309 6206 709 er, „würfeln wir um unsre Güter." Ich
3923 642 6252 882 sah ihnen, er lachte, und ich, der ich mich
3913 785 6312 1091 schämte, einen Augenblick zu zögere,
3913 982 6372 1268 erwiderte, während rings um Todtenstelli
3943 1141 6242 1454 herrschte. „Wenn Ihr es wollt, - ich bin
6069 1301 6289 1421 deni
3897 1344 6429 1654 dabei. Die Würfel her. Er that die Würfl
3920 1517 6399 1847 in den Becher- und schüttelte. Alle buyten
3930 1717 6342 1977 sich, teinahe den Athem verhaltend, über
3910 1880 6212 2213 den Tisch, um die Würfel fallen zu
3960 2076 6429 2416 sehen. Alsie auf den tisch kollerten, riefen
3913 2286 6585 2585 alle: „Achtzehn.“ Der beste Wurf“ unwandten
3950 2446 6372 2785 sie, und sahen mich halb mitledig, halb er¬
3933 2695 6322 2975 schrocken an. Ich verberg eine Erregung
3956 2842 6256 3171 und gab die Würfel scheinbar ruhig in
3910 3051 6209 3337 den Becher, den ich einige Mal hin und
3933 3224 6499 3560 her schüttelte. Die Würfel fielen. Mit einem
3930 3414 6339 3737 blick hatte ich die Augen gezählt. Es waren
3936 3600 6316 3900 achtzehn. Männe Blicke glänzten vor
3996 3773 6366 4089 Freude. Noch einmal“ rief ich übermutig,
3940 4006 6469 4296 und schon hatte mein Portner die Würfel
3943 4153 6482 4519 in den Becher gethan. Ringsum schwiegen
