7320 4744
1535 377 3630 673 Preiset, ein riesenstarker Sunge¬
1518 582 3493 862 „ der Meyer? Er ist mit mir
1552 756 3567 1019 hergegangen, antwortete Hußler,
1535 919 3456 1233 der Sohn des reichsten Backers
1538 1082 3519 1404 im Dorf. Er hatte den Vorzug
1544 1259 3482 1550 vor den übrigen Dorfjungen,
1572 1473 3522 1729 daß er immer mit seinem
1595 1621 3430 1932 Gelde in der Westentasche
1590 1784 3510 2100 klappern konnte, wodurch er
1561 1978 3482 2240 den andern einen großen
1595 2152 2914 2443 Reschickt einjagte.
1567 2329 3462 2617 „Wir werden nicht auf ihn
1572 2494 3533 2794 warten,“, sagte Kreisel, „fangen
1570 2697 2146 2962 wir an,
1587 2848 2808 3076 Das Spiel begann.
1558 3025 2725 3245 Aber Karl Meyer?
1541 3176 3539 3496 Der hätte sich fortgeschlichen aus
1524 3356 3596 3659 der Schaar seiner Pomeraden,
1572 3547 3544 3824 angelockt durch einen Apfelbaum
1578 3716 3504 4024 dessen Früchte ihn schon von
1572 3887 3613 4169 ferne sehr verlockend anblickter.
1610 4081 3533 4346 Er kletterte an dem Stam¬
3761 300 6050 651 hinauf. Ontzücken! Er fast mitten
3756 525 5956 776 trin in einem Wald von wunder¬
3784 705 5882 996 schönen rothbackigen Aepfeln. Ehr
3813 873 5842 1190 rist sich einen ab. Gesichet war er
3798 1056 5725 1361 ja. Der Baumwar sehr hoch, die
3833 1230 5762 1535 Aeste warm dicht bei einander,
3855 1424 5745 1707 sie verborgen den Knaben voll¬
3855 1592 5799 1889 ständig. Er nahm den Apfel und
3855 1769 5317 2026 führte ihn zum Mutzde.
3850 1938 5793 2226 Da hörte er plötzlich neben sich ein
3838 2095 5884 2420 Geräusch. Da was war das?
3884 2294 5725 2563 Erzitterte am ganzen Leibe.
3855 2454 5759 2657 Nein, es war nichts; nur der
3855 2625 5896 2897 Wind hatte die Zweige leise bewegt.
3824 2788 5722 3088 Zum zweiten Mal führte er
3807 2968 5268 3268 den Apfel zum Mand.
3850 3156 5745 3433 tta, was war das jetzt? Jetzt
3838 3333 5793 3527 war es keine Täuschung. Da
3841 3496 5613 3727 kam der reiche Hütter des
3815 3701 5770 3972 Weges und setzte sich gerade
3824 3847 5633 4087 unter den Paum. Glüsend
3824 4029 5825 4301 heiß wurde dem auf dem Baume
