7464 4984
1131 528 3641 784 wird es genügen, zum Schlüsse flüchtig auf die
1093 720 3641 1021 Dichter hinzu weisen, welche ihre Koffe aus den ro¬
1097 848 3678 1168 mantischen Sagenkreisen, nämlich denen des Ar¬
1108 1002 3610 1274 tus, des Grab und dem karlingischen Kreise
1097 1225 3712 1492 genommen haben. Die bedeutendsten sind Wolfrem
1093 1330 3663 1666 von Eschenbach, Gottfried von Straßburg und Hart¬
1100 1496 3663 1843 mann von Aue. Die Dichtung an der Minnehänger,
1749 1722 2043 1866 eher
1138 1696 3712 1967 enthalten Reflexionen über die Romantik,
1127 1881 3652 2144 wie das eben schon im Wesen der Lyrik be¬
170 1979 1021 2212 als daß sich diese selbst
1093 2024 3731 2348 gründet liegt. Ein neuerer Literarhistoriker
181 2144 1002 2408 in ihnen ausgeprägt
1134 2193 3750 2438 nimmt das Tied des Walther von der Vogelweide
204 2337 509 2563 findet
1481 2382 3693 2593 Owe war sint verswunden allui minui jâr!
1183 2514 3735 2834 das Hohelied der Romantik. Mir aber scheint,
1681 2687 2811 2857 sogessimistische Weltanschaung
1183 2721 3724 2951 Dass die in diesem Kinde in direkten Gegensatze
1187 2860 3795 3147 zu jener Idee steht, und das ganze Gedicht klingt
1161 3083 3761 3324 eher wie ein Sehnen nach dem verlorenen Wun¬
1153 3271 2518 3505 derlande der Romantik
1436 3407 3663 3622 Möht ich die lieben reise gevoren über sé¬
1327 3565 3637 3818 so wolte ich denne imgen, wol unt niemer
2687 3712 3260 3935 même ouwê.
543 3976 3573 4368 Ihre Ansichten sind zum großen
678 4217 3708 4620 Teile ganz unrichtig. In der Form
2695 4443 3629 4722 genügend
