7480 4888
1126 445 3618 739 gedankenvoll forschenden als des harm¬
1078 598 3557 902 los aufnehmenden Geistes - einem
1097 749 3567 1091 reifern Geschlechte vorbehalten blieb.
1094 963 3608 1193 Denn wie nun Zeit um Zeit unauf¬
1107 1072 3627 1388 haltsam verraun, da tauchten Fra¬
1104 1267 3637 1519 gen um Fragen müdten der mirpor¬
1065 1404 3643 1737 blühenden Menschheit auf. Je mehr man
1107 1580 3535 1874 zum Bewußtsein der Welt und des
1097 1775 3615 2034 eignen Ich gelangte, daßo mehr strebte
1052 1922 3487 2150 man, diese Welt zu erfassen, dieses
1097 2105 3522 2399 Ich zu verstehn. Wie ist all das ent¬
1161 2252 3519 2546 standen, was jetzt besteht? Was wird
1148 2415 3615 2732 mit uns geschehen, wenn wir nicht mehr
1139 2578 3599 2920 sind? Und welches ist der Endzweck
1145 2770 2226 3010 des Daseins?
1171 2946 3672 3212 Und so kam allmächtlig die Zeit, in der
1148 3128 3659 3384 das Menschengeschlecht mehr und mehr
1129 3260 3663 3567 der Natur sich entfremdete. Es wollte
1206 3471 3685 3720 dem Manne gleichen, der in stolzem
1187 3608 3669 3893 Selbstbewußtsein nur auf sich allein
1155 3787 3698 4043 vertrönt; - doch es glich dem Jüngling,
1196 3928 3663 4203 der frei sein will und der Mutter
1187 4139 3621 4433 entflieht. Die Kunst ward zur Künst¬
3752 361 6046 675 lichkeit. Die Wissenschaft, stets weiter
3778 537 6228 841 strebend in unwiderstehlicher Sehnsucht
3746 733 6113 985 war an einer Grenze angelangt, die
3746 880 6170 1158 zuüberschreitenen Sterblichen versagt
3733 1049 6183 1318 ist. Was liegt jenseits dieser Grenze. Wie
3768 1203 6241 1465 lösen sich die ewigen Räthelt. Und m un¬
3743 1356 6238 1667 gestelltem Wissenstrieb rangen die Forscher
3765 1526 6193 1823 noch Befreiung. Ja! nach Befriung! -
3749 1683 6126 1986 denn von einer unüberwindlichen Macht
3768 1862 6180 2143 fühlten sie sich gekettet wie Crometheus
3759 2025 6260 2290 von Jaus, um wie an Prometheus der
3755 2201 6167 2476 Geiger, so nagte der Zweifel an den
3771 2361 4545 2671 Gefesselten.
3819 2521 6193 2741 Freiheit, Freiheit! rief es überall und im
4590 2700 5003 2802 fremdig
3781 2671 6215 2901 Volke, das glaubte, nun galt' es, die
3775 2856 6196 3112 Banden des Bestehenden zu zerreißen,
3823 3007 6196 3298 halte der Ruf tausendfach nach. Von
3778 3183 6097 3496 unzähligen Lippen könte das Wort,
3784 3349 6282 3656 und die wenigsten erfassten es in seiner
3803 3563 4980 3819 edelsten Bedeutung
3909 3659 5761 3970 die Revolution ist ist standen!
3912 3874 6110 4146 Recht und Gerechtigkeit werden mit
3915 4027 6161 4318 Lußen getreten. Die Menschheit ver¬
