7032 4760
852 566 3106 911 die Erde. Leichte, frohe Gestalten
839 797 3090 1073 umschweben den Züngling; es
826 950 3090 1226 sind die Hoffnungen die er sich
842 1093 3165 1376 im Geiste ausmalt. Die Göttin
839 1265 3113 1571 des Glink's Fortuna lächelt
852 1460 3119 1779 undt herab auf ihn. An einem
872 1633 3061 1938 Baume stehet der Ruhm¬ sehn¬
927 1786 3067 2108 süchtige Blicke wirft auf ihn
901 1991 3178 2277 der Jüngling. Neben dem Ruhm
872 2140 3161 2449 sitzt die ernste Klio die Tafel
865 2329 3028 2602 und den Griffel in der Hand.
881 2501 3158 2791 Und alle die andern Gestalten
816 2683 3158 2973 umtanzen, umgaukeln, umschwe¬
777 2849 3018 3145 ben den lieblichen Träumer.
1366 3022 3109 3301 Das andere Bild zeigt
881 3181 3145 3483 uns das Meer. Um Ufer sitzt
891 3389 3083 3685 sinnend ein Greis. Das wei¬
888 3555 3187 3844 ße Haupt auf die Hände stutzend.
914 3714 3152 4023 Er ist’s, - der jüngling der träu¬
917 3913 3158 4179 mer; - aber er ist zum Mann
859 4101 3155 4371 gerift, er ist Greis geworden.
917 4251 3243 4495 Und vom Ufer stößt eben im
4166 260 6209 829 8.    "   A.  Unterstellung
3588 826 6037 1190 Kahn ab, - und drin sind sie, die
3617 1096 5920 1366 Hoffnungen, - - die ernste Klio¬
3630 1223 6020 1538 der bekränzte Ruhm., die Freund¬
3620 1421 6063 1727 liche Fortena, - ja, sie sind zu er¬
3640 1571 6131 1867 kennen. Die Gespielen seiner
3617 1740 6203 2072 Kindheit! Und sie jegeln weit
3633 1906 5972 2215 in das Meer. weit hinaus
3623 2108 6043 2374 in das Meer der Vergangen¬
3604 2290 6085 2556 heit. Und der Greis sieht ihnen
3601 2417 5978 2758 nach mit thränendem Blick. sin.
3568 2605 6183 2911 nend und träumerisch. Er denkt
3614 2771 6124 3090 an die Jahre der seeligen Kind.
3623 3009 6167 3279 heit, der glücklichen jugend, wie
3643 3178 6203 3441 er da dachte an Aufm, an Ehre, an
3646 3305 6190 3636 Glück, - ach diese schönen Tage sind
3640 3558 4801 3815 entschwunden.
5412 3630 6375 3913 lobenswert.
4586 3727 5302 3997 Ende
