7368 4712
1257 399 3520 701 Ursache davon, daß in dem und dem Aug.
1225 595 3453 939 blick der Begriff Erfahrung in uns
1228 756 3524 1032 erregt wird, immer auf in letzter
1228 961 3524 1244 Riene auf einen äußern Eindruck
1254 1132 3553 1472 oder auch auf eine Summe von solchen.
1225 1321 3491 1624 zurückheiten lassen. - Erfahrung
1170 1524 3424 1861 ist ein bleibender Seelen zu stand
1206 1726 3559 2016 der dadurch in uns antsteht, daß wir
1238 1903 3601 2154 in unserm Innern das verarbeiten
1173 2074 3443 2341 was uns die Außenwelt im Laufe
1173 2260 3610 2578 der Zeit geboten hat. Die Außenwelt
1202 2459 3598 2797 löst sich in eine Summe von innern Vor¬
1292 2649 3530 2977 gängere auf, u. das Ergebnis des
1235 2829 3536 3141 Nachdenkens über dieselben ist die
1263 3035 2080 3344 Erfahrung.
5957 186 6780 489 den 1. October
4385 318 5189 643 3. Aufgabe
3710 559 5896 1048 Wie wir einen Baum sehen, so
3665 862 6154 1180 wird in uns unwillkürlich die Vor¬
3688 1045 6118 1434 stellung desselben erweckt werden,
3652 1270 6025 1627 wir wurden durch einen äußern
3675 1427 5973 1804 Einfluß gezwungen, uns gerade in
3662 1562 6195 1913 diesem Augenblicke den und den Baum
3713 1755 6295 2144 vorzustellen. Wenn jedoch diese Vorstellung
3678 1948 6137 2357 nur durch die Einbildungskraft selbst
3723 2186 6038 2488 servorgerufen wird, dann ist sie nicht nur
3710 2334 6089 2707 in unserm Herrn entstanden (wie das
3717 2569 6305 2890 ja bei jeder der Fall sein muß) sondern
3755 2739 6154 3083 sie hat auch ihre Ursache unmittel
3765 2922 6292 3295 bar in unserm Juern gefunden und
3778 3093 6083 3430 kein äußerer Zwang hat direct zu
3762 3257 5928 3710 ihre Entstehung mitgewirkt,
5719 3337 6893 3591 v Vorstellung von dem
3797 3508 6215 3810 Dies ist der Unterschied zwischen dem wirk¬
3845 3688 6202 3977 lichen und dem blos vorgestellten Baum,
3881 3855 6038 4234 sonst aber gleichen sich diese beiden voll¬
3906 4096 4485 4443 ständig
