7448 4904
3770 386 6414 765 ohne es zu etwas bedeutendem zu bringen.
1282 467 3683 827 leben in dieser Zeit. Ein Frühling der
3758 678 6091 908 Das 14. und 15. Jahrhundert ist überhaupt
1257 715 3652 1014 oüsie verklärt glänzt Ein wahrer
3758 877 6259 1107 eine Zeit des Überganges; xxx nicht ein vollen¬
1257 883 3695 1201 Frühling der Foehin glänzt über dem
3783 1008 6383 1238 detes Kunstwerk aus dieser Zeil existirt nicht.
1288 1058 3658 1350 zwölften und dreizehnten Jahrhun¬
3783 1176 6271 1456 Von 16. Jahrhunderst an mußt nun seine ganz
1257 1219 3714 1518 dert. Doch dieser frohe tenz vergeht,
1282 1375 6283 1655 die Zeit der Ritterlichkeit, des Frauen von Stand) neue Richtung ihren Anfrag.
3783 1537 4510 1804 Ausgang.
1306 1574 3702 1873 cultes schwindet hin. Die Volkspoesie
3807 1636 6259 1953 Im 16. Jahrhundert geht die literatur endlich
1325 1723 3708 2047 ersteht, sobald und gelangt zu
3789 1792 7186 2153 in die Hebildeten war sind
1325 1897 3739 2202 prächtiger Blutthe, sobald die höfische
3807 1985 6240 2265 über; Früher hatte man von den Gebilde¬
6427 1985 6657 2215 Dr
1375 2078 3733 2352 Soesie untergegangen ist. Die bürger¬
3789 2140 6308 2408 ter als Stand - und in diesen Händen ist sie
1387 2246 3316 2513 Die Lust zu siegen ungerichten
3851 2302 6377 2619 wohl bis auf den heutigen Tag geblieben.
1375 2395 3677 2669 Die Lust zu dichten und zu singen
3832 2451 6246 2725 Die Reformation war es damals, die ins¬
4342 2656 4691 2781 einen
1375 2588 3683 2806 dringt in die bürgerlichen Kreise.
3795 2632 6451 2968 besondre ihren Einfluss auf die Söüsie äußerte;
1381 2762 3646 3011 der Meistergesang wird gepflegt,
3845 2818 6402 3086 der Humani Smus, das Studium der Alten
1338 2899 3490 3216 aber freilich die beengenden
3851 2980 6383 3223 war von größter Bedeutung für die damalige
3192 3030 3583 3198 lassen.
1362 3092 3751 3366 Regeln, die „tabulater läßt keinen
3845 3111 6427 3409 literarische Richtung. Daß sich denpöntischen
1375 3241 3739 3534 freien Aufschwung zu; - um so tiefer
3882 3297 6439 3608 Trodukten der Gelehrten nicht dieselbe
1319 3403 3621 3664 und gemütvoller lebt der Geist
3895 3471 6315 3764 Ursprünglichkeit, dieselbe Naivetät
1288 3583 3714 3820 des Volkes in den Volksliedern
3882 3621 6265 3957 der Anschauung findet, ist selbstver¬
1331 3745 3758 4056 fort. Doch das Epos fr. Von den Epen
3845 3789 6265 4069 wie in den Lieder und Gesängen des
2818 3913 3223 4050 besitzen
1338 3932 3695 4150 und Heldensagen wir aus
3907 3957 6483 4268 Volks, ist selbstverständlich. Sie schrieben
1344 4087 3770 4374 dieser Zeit nur schwache Bearbeitungen,
3876 4156 6240 4554 eben nur für einen kleinen Kreis,
1381 4255 3751 4573 Das Dranna beginnt sich zu entwickeln,
