7256 5000
1179 700 3299 1030 Worauf beruht unser Interesse
1114 968 3261 1252 an tragischen Conflicten, wie
1187 1118 3150 1451 siez.B. in der Antigone des
1194 1301 3207 1596 Sophokles Dargestellt erscheinen.
1079 1680 3506 2067 Wenn wir ein menschliches Wesen sehen, das
1095 1986 3495 2289 zwei Gefüllen zu gleicher Zeit unterworfen¬
785 2136 3567 2442 und auf gleiche Weise von den beiden hinunge
1068 2266 3525 2603 beregt dennoch gedrungen ist, einem
1106 2457 3567 2760 von beide zu folgen und diesem einem
1110 2633 3395 2928 Gefühle sich völlig hinzugeben.
1125 2786 3602 3073 wenn wir zu gleich sehen, daß xxx die Entschei¬
1102 2974 3498 3284 dung, seineige sich nach dieser oder
1125 3131 3533 3414 nach jenes Seite, unabänderlich den
1114 3303 3556 3521 Untergang des schwankenden Individu¬
1087 3464 3598 3774 ums herauf beschwört, ja daß die Ent¬
241 3426 938 3820 zur Folge hat,
1125 3628 3617 3954 scheidung nur deshalb horasch getroffen
1125 3820 3594 4115 wird, damit der entsetzliche Zustande
1125 3992 3632 4291 des Zweifels zu Ende gehe und der Unterganz
1095 4141 3628 4417 des Tod sein versöhnendes Amt über - da
1167 4325 3548 4643 fühlen wir unser Herz nicht allein
3678 528 6281 873 von Mitgefühl für das bemitleidenswerte
3655 716 6178 1003 Wesen bewegt - nein wir empfinden in
6384 857 7069 1125 V die Fürst
3640 873 6308 1179 unsern Inern auch xxx Furcht, daß
6338 1045 7077 1313 nämlich, daß
3667 1064 6273 1286 wir im Widerstreite zweier Pflichten, die
3636 1232 6250 1520 beide auf die selbe Weise Erfüllung fodern,
3644 1374 6246 1715 der notwendigen Entscheidung zum Opfer
3663 1604 4271 1868 fallen.
3701 1722 6269 1990 Wir bemitleiden das Schicksal des Anti¬
3671 1887 6224 2212 gone, die
3705 2055 6204 2369 Gefühle der Bruderliebe gedrängt wird,
4325 2243 4631 2369 Bruder
3701 2205 6377 2461 den todten zu begraben, und dennoch dem Gebote
3678 2381 6752 2702 des tyraunischen Kreon gehorchen sollte, der welcher
3667 2541 6197 2836 es den mit der Todesstrafe bedroht, der
3674 2721 6151 2970 eswagte, dem Polyningkes, dem Feinde
3663 2901 6189 3169 der Stadt, die letzte Ehre zu erweisen. Unti¬
3686 3039 6342 3361 gone zweifelt aber gar nicht mehr, welcher
3705 3238 6373 3525 Pflicht sie folgen solle, - sie stellt das
3701 3372 6086 3701 menschlichen Re göttliche Recht weit
3686 3586 6143 3893 über die Gesetze, die des Mund eines
3690 3739 6155 4000 Sterblichen ausspricht, und gar eines
3720 3862 6434 4172 Sterblichen, der so ganz und gar von mensch¬
3697 4038 6109 4409 lichen teiderschaften bestimmt wird wie
3701 4294 4490 4513 eben Kreon.
