<?xml version="1.0" encoding="UTF-8" standalone="yes"?>
<PcGts xmlns="http://schema.primaresearch.org/PAGE/gts/pagecontent/2013-07-15" xmlns:xsi="http://www.w3.org/2001/XMLSchema-instance" xsi:schemaLocation="http://schema.primaresearch.org/PAGE/gts/pagecontent/2013-07-15 http://schema.primaresearch.org/PAGE/gts/pagecontent/2013-07-15/pagecontent.xsd">
    <Metadata>
        <Creator>prov=READ-COOP:name=TrHtr:version=2.1.0:model_id=51170:date=28_07_2023_05:41</Creator>
        <Created>2023-05-10T11:15:08.395+02:00</Created>
        <LastChange>2023-07-28T05:41:36.450+02:00</LastChange>
        <TranskribusMetadata docId="1428137" pageId="55385249" pageNr="140" tsid="131319993" status="IN_PROGRESS" userId="64420" imgUrl="https://files.transkribus.eu/Get?id=LGPPTOHQGFVEXBGKOJCPEASN&amp;fileType=view" xmlUrl="https://files.transkribus.eu/Get?id=MTQKNUOBPFEBYKYXORRNHTCT" imageId="44660148"/>
    </Metadata>
    <Page imageFilename="1428137_0140.jpg" imageWidth="7304" imageHeight="4936">
        <ReadingOrder>
            <OrderedGroup id="ro_1711824264929" caption="Regions reading order">
                <RegionRefIndexed index="0" regionRef="tr_1"/>
            </OrderedGroup>
        </ReadingOrder>
        <TextRegion id="tr_1" custom="readingOrder {index:0;}">
            <Coords points="1020,546 7072,546 7072,4492 1020,4492"/>
            <TextLine id="tr_1_tl_1" custom="readingOrder {index:0;}">
                <Coords points="2704,661 2737,661 2802,610 2847,616 2866,642 2912,661 2931,648 2964,655 2977,460 2918,460 2905,447 2879,447 2853,422 2827,447 2814,434 2802,447 2769,441 2750,422 2717,422"/>
                <Baseline points="2739,614 2805,608 2894,602 2984,596"/>
                <TextEquiv>
                    <Unicode>aus</Unicode>
                </TextEquiv>
            </TextLine>
            <TextLine id="tr_1_tl_2" custom="readingOrder {index:1;}">
                <Coords points="3658,759 6252,700 6258,473 6018,415 5836,512 5415,383 4870,584 4410,499 3664,597"/>
                <Baseline points="3700,716 3760,716 3849,716 3939,710 4028,704 4118,704 4207,698 4297,704 4386,692 4476,692 4565,686 4655,686 4745,686 4834,686 4924,680 5013,680 5103,674 5192,674 5282,674 5371,674 5461,668 5550,662 5640,656 5729,650 5819,650 5908,644 5998,638 6087,632 6177,632 6266,638"/>
                <TextEquiv>
                    <Unicode>äußern können? Wenn Friederich Stuckert</Unicode>
                </TextEquiv>
            </TextLine>
            <TextLine id="tr_1_tl_3" custom="readingOrder {index:2;}">
                <Coords points="986,908 1420,798 2205,856 2464,752 3074,804 3424,726 3528,811 3541,610 3392,545 2536,648 2367,558 1861,674 1446,512 992,694"/>
                <Baseline points="1020,799 1044,805 1134,793 1223,793 1313,787 1402,787 1492,787 1581,781 1671,781 1760,769 1850,769 1939,763 2029,758 2118,758 2208,752 2297,746 2387,746 2476,746 2566,740 2656,734 2745,728 2835,722 2924,722 3014,716 3103,716 3193,716 3282,710 3372,710 3461,710 3551,716"/>
                <TextEquiv>
                    <Unicode>die Freyler, die mit Recht dem Vaterland</Unicode>
                </TextEquiv>
            </TextLine>
            <TextLine id="tr_1_tl_4" custom="readingOrder {index:3;}">
                <Coords points="3612,908 5986,914 6122,901 6128,681 4942,772 4572,700 4248,811 4079,726 3619,824"/>
                <Baseline points="3652,889 3724,889 3813,883 3903,877 3992,871 4082,871 4172,871 4261,871 4351,871 4440,871 4530,859 4619,859 4709,853 4798,853 4888,853 4977,853 5067,853 5156,847 5246,847 5335,835 5425,835 5514,829 5604,823 5694,817 5783,811 5873,811 5962,805 6052,799 6141,805"/>
                <TextEquiv>
                    <Unicode>von einem Weisen erzählt, der auf</Unicode>
                </TextEquiv>
            </TextLine>
            <TextLine id="tr_1_tl_5" custom="readingOrder {index:4;}">
                <Coords points="1025,1018 2374,927 2549,1018 2737,914 2990,999 3294,895 3547,979 3560,785 2458,752 1894,888 1628,791 1031,908"/>
                <Baseline points="1062,972 1145,972 1235,960 1325,954 1414,954 1504,949 1593,949 1683,949 1772,937 1862,931 1951,931 2041,925 2130,925 2220,919 2309,913 2399,907 2488,901 2578,895 2667,895 2757,889 2847,883 2936,883 3026,889 3115,889 3205,883 3294,883 3384,877 3473,883 3563,883"/>
                <TextEquiv>
                    <Unicode>verkannt werden. Und nicht allein darum</Unicode>
                </TextEquiv>
            </TextLine>
            <TextLine id="tr_1_tl_6" custom="readingOrder {index:5;}">
                <Coords points="3619,1102 6290,1038 6297,837 5966,921 3625,927"/>
                <Baseline points="3652,1074 3712,1068 3801,1056 3891,1050 3981,1044 4070,1044 4160,1038 4249,1044 4339,1038 4428,1038 4518,1038 4607,1032 4697,1032 4786,1026 4876,1020 4965,1020 5055,1020 5144,1020 5234,1008 5323,1008 5413,1008 5503,1002 5592,990 5682,984 5771,984 5861,978 5950,978 6040,978 6129,972 6219,972 6308,972"/>
                <TextEquiv>
                    <Unicode>die Frage, ob er sich denn niemals</Unicode>
                </TextEquiv>
            </TextLine>
            <TextLine id="tr_1_tl_7" custom="readingOrder {index:6;}">
                <Coords points="1083,1232 1842,1122 2471,1102 2542,1174 3450,1096 3495,914 2977,999 2717,934 2549,1018 2374,927 2218,1012 1946,947 1089,1005"/>
                <Baseline points="1116,1134 1175,1134 1265,1134 1354,1134 1444,1128 1533,1122 1623,1116 1712,1110 1802,1110 1892,1104 1981,1104 2071,1098 2160,1092 2250,1086 2339,1086 2429,1080 2518,1080 2608,1074 2697,1068 2787,1068 2876,1062 2966,1062 3055,1056 3145,1056 3234,1056 3324,1056 3414,1056 3503,1050"/>
                <TextEquiv>
                    <Unicode>sind jene bedauernswerter, weil sie</Unicode>
                </TextEquiv>
            </TextLine>
            <TextLine id="tr_1_tl_8" custom="readingOrder {index:7;}">
                <Coords points="3606,1284 4656,1193 5337,1193 5447,1284 5739,1167 5940,1245 6277,1200 6284,1031 5318,1031 4877,1154 4650,1038 4170,1154 4060,1070 3612,1109"/>
                <Baseline points="3640,1229 3700,1223 3790,1217 3879,1223 3969,1223 4058,1217 4148,1217 4237,1211 4327,1211 4416,1205 4506,1199 4595,1193 4685,1193 4774,1193 4864,1187 4953,1187 5043,1187 5132,1187 5222,1187 5312,1181 5401,1169 5491,1163 5580,1157 5670,1151 5759,1151 5849,1145 5938,1145 6028,1139 6117,1139 6207,1139 6296,1145"/>
                <TextEquiv>
                    <Unicode>des Vaterlandt erinnere, dadurch antwortet,</Unicode>
                </TextEquiv>
            </TextLine>
            <TextLine id="tr_1_tl_9" custom="readingOrder {index:8;}">
                <Coords points="1018,1323 1634,1297 1725,1368 1913,1284 2983,1323 3262,1245 3547,1329 3554,1096 1913,1122 1025,1239"/>
                <Baseline points="1062,1301 1145,1301 1235,1295 1325,1295 1414,1289 1504,1283 1593,1283 1683,1277 1772,1283 1862,1277 1951,1271 2041,1265 2130,1259 2220,1253 2309,1247 2399,1241 2488,1247 2578,1241 2667,1241 2757,1235 2847,1229 2936,1229 3026,1217 3115,1223 3205,1217 3294,1217 3384,1217 3473,1223 3563,1223"/>
                <TextEquiv>
                    <Unicode>ein unverschuldetes Unglück trifft, wäh¬</Unicode>
                </TextEquiv>
            </TextLine>
            <TextLine id="tr_1_tl_10" custom="readingOrder {index:9;}">
                <Coords points="999,1498 5506,1440 6141,1368 6213,1174 1005,1336"/>
                <Baseline points="1044,1462 1080,1462 1169,1456 1259,1456 1348,1456 1438,1450 1527,1444 1617,1438 1707,1438 1796,1432 1886,1426 1975,1420 2065,1414 2154,1408 2244,1408 2333,1414 2423,1408 2512,1402 2602,1402 2691,1402 2781,1396 2870,1396 2960,1396 3049,1390 3139,1390 3228,1390 3318,1390 3408,1378 3497,1378 3587,1384 3658,1390 3724,1384 3813,1378 3903,1378 3992,1378 4082,1372 4172,1372 4261,1366 4351,1360 4440,1366 4530,1360 4619,1360 4709,1354 4798,1354 4888,1348 4977,1342 5067,1342 5156,1342 5246,1336 5335,1336 5425,1330 5514,1325 5604,1319 5694,1313 5783,1307 5873,1313 5962,1307 6052,1301 6141,1295 6231,1295"/>
                <TextEquiv>
                    <Unicode>rend die Freyler ihr Misgeschick verw. daß er auf den Himmel weiß, - und</Unicode>
                </TextEquiv>
            </TextLine>
            <TextLine id="tr_1_tl_11" custom="readingOrder {index:10;}">
                <Coords points="3625,1615 4170,1530 5798,1569 6057,1498 6057,1336 5655,1342 5506,1440 5110,1355 4792,1440 4663,1355 3632,1446"/>
                <Baseline points="3664,1551 3742,1545 3831,1539 3921,1527 4010,1527 4100,1521 4189,1521 4279,1521 4368,1521 4458,1516 4548,1516 4637,1510 4727,1510 4816,1504 4906,1504 4995,1498 5085,1498 5174,1492 5264,1486 5353,1486 5443,1486 5532,1480 5622,1474 5711,1468 5801,1462 5890,1462 5980,1462 6070,1468"/>
                <TextEquiv>
                    <Unicode>der Dichter diesen Mann mit Recht</Unicode>
                </TextEquiv>
            </TextLine>
            <TextLine id="tr_1_tl_12" custom="readingOrder {index:11;}">
                <Coords points="1051,1725 2847,1576 3262,1667 3528,1563 3534,1414 2776,1511 2510,1427 1057,1524"/>
                <Baseline points="1092,1617 1134,1611 1223,1611 1313,1617 1402,1611 1492,1611 1581,1605 1671,1605 1760,1605 1850,1605 1939,1593 2029,1587 2118,1587 2208,1581 2297,1575 2387,1575 2476,1569 2566,1569 2656,1569 2745,1569 2835,1569 2924,1563 3014,1551 3103,1551 3193,1551 3282,1551 3372,1551 3461,1545 3551,1539"/>
                <TextEquiv>
                    <Unicode>nen; nein - auch darum weil müssen</Unicode>
                </TextEquiv>
            </TextLine>
            <TextLine id="tr_1_tl_13" custom="readingOrder {index:12;}">
                <Coords points="3638,1764 3891,1822 4053,1719 5032,1680 5136,1777 5350,1777 5512,1673 6115,1660 6115,1524 4890,1524 4617,1621 4468,1517 3638,1673"/>
                <Baseline points="3676,1724 3712,1718 3801,1712 3891,1712 3981,1707 4070,1701 4160,1701 4249,1695 4339,1695 4428,1695 4518,1689 4607,1683 4697,1683 4786,1677 4876,1677 4965,1671 5055,1665 5144,1659 5234,1653 5323,1653 5413,1653 5503,1653 5592,1653 5682,1653 5771,1647 5861,1641 5950,1635 6040,1641 6129,1635"/>
                <TextEquiv>
                    <Unicode>weise? Ja er Ja - ist meine Ant¬</Unicode>
                </TextEquiv>
            </TextLine>
            <TextLine id="tr_1_tl_14" custom="readingOrder {index:13;}">
                <Coords points="1012,1822 1381,1894 1634,1796 2458,1764 2613,1868 3003,1744 3359,1848 3554,1751 3560,1589 1018,1719"/>
                <Baseline points="1050,1796 1062,1796 1151,1784 1241,1790 1330,1790 1420,1784 1510,1784 1599,1778 1689,1778 1778,1778 1868,1772 1957,1766 2047,1760 2136,1754 2226,1754 2315,1748 2405,1748 2494,1742 2584,1736 2673,1742 2763,1736 2852,1730 2942,1730 3032,1724 3121,1724 3211,1724 3300,1718 3390,1712 3479,1712 3569,1718"/>
                <TextEquiv>
                    <Unicode>wir jenen mehr Mitleid schenken, weil</Unicode>
                </TextEquiv>
            </TextLine>
            <TextLine id="tr_1_tl_15" custom="readingOrder {index:14;}">
                <Coords points="3619,1920 4144,1997 4319,1868 4481,1946 5246,1855 5350,1939 5655,1809 6044,1861 6122,1719 4047,1719 3878,1822 3625,1757"/>
                <Baseline points="3664,1892 3706,1886 3796,1886 3885,1880 3975,1874 4064,1874 4154,1874 4243,1868 4333,1862 4422,1862 4512,1856 4601,1856 4691,1850 4780,1844 4870,1844 4959,1838 5049,1838 5138,1832 5228,1826 5317,1826 5407,1820 5497,1814 5586,1814 5676,1808 5765,1808 5855,1808 5944,1808 6034,1808 6123,1802"/>
                <TextEquiv>
                    <Unicode>wort auf diese Frage des ist eine</Unicode>
                </TextEquiv>
            </TextLine>
            <TextLine id="tr_1_tl_16" custom="readingOrder {index:15;}">
                <Coords points="1044,2069 1271,1978 1861,2023 3508,1913 3508,1738 2821,1751 2600,1874 2432,1764 1051,1868"/>
                <Baseline points="1080,1957 1104,1951 1193,1957 1283,1957 1372,1957 1462,1951 1551,1951 1641,1945 1730,1939 1820,1945 1909,1939 1999,1939 2088,1933 2178,1927 2268,1927 2357,1921 2447,1915 2536,1915 2626,1915 2715,1915 2805,1909 2894,1903 2984,1898 3073,1898 3163,1892 3252,1892 3342,1886 3431,1886 3521,1886"/>
                <TextEquiv>
                    <Unicode>ihnen die Fremde nicht zum Vaterlande</Unicode>
                </TextEquiv>
            </TextLine>
            <TextLine id="tr_1_tl_17" custom="readingOrder {index:16;}">
                <Coords points="3658,2095 3930,2153 4118,2056 5817,2049 6076,2010 6083,1861 5934,1926 5499,1861 5363,1939 4689,1868 4481,1946 4313,1868 4144,1997 3923,1900 3664,1933"/>
                <Baseline points="3694,2041 3766,2041 3855,2041 3945,2041 4034,2041 4124,2041 4213,2035 4303,2035 4392,2035 4482,2029 4571,2023 4661,2023 4750,2017 4840,2017 4930,2011 5019,2005 5109,2005 5198,2005 5288,1999 5377,1993 5467,1993 5556,1987 5646,1981 5735,1981 5825,1975 5914,1975 6004,1969 6093,1969"/>
                <TextEquiv>
                    <Unicode>Frage, die zu beantworten und viel</Unicode>
                </TextEquiv>
            </TextLine>
            <TextLine id="tr_1_tl_18" custom="readingOrder {index:17;}">
                <Coords points="1005,2172 2367,2088 2542,2185 2678,2082 2840,2166 3003,2095 3372,2147 3554,2082 3554,1984 3392,1907 1868,2023 1764,1958 1005,2101"/>
                <Baseline points="1044,2142 1062,2142 1151,2136 1241,2136 1330,2130 1420,2124 1510,2124 1599,2118 1689,2112 1778,2106 1868,2106 1957,2100 2047,2100 2136,2100 2226,2094 2315,2088 2405,2088 2494,2088 2584,2083 2673,2077 2763,2077 2852,2077 2942,2077 3032,2071 3121,2071 3211,2065 3300,2065 3390,2059 3479,2059 3569,2065"/>
                <TextEquiv>
                    <Unicode>werden kann die Missethäter dage</Unicode>
                </TextEquiv>
            </TextLine>
            <TextLine id="tr_1_tl_19" custom="readingOrder {index:18;}">
                <Coords points="3683,2283 4345,2205 4559,2322 4929,2185 6083,2179 6083,2075 5733,2010 3690,2108"/>
                <Baseline points="3724,2196 3766,2196 3855,2196 3945,2202 4034,2196 4124,2196 4213,2190 4303,2184 4392,2184 4482,2178 4571,2172 4661,2172 4750,2172 4840,2172 4930,2166 5019,2160 5109,2160 5198,2160 5288,2154 5377,2154 5467,2148 5556,2148 5646,2142 5735,2142 5825,2136 5914,2136 6004,2130 6093,2124"/>
                <TextEquiv>
                    <Unicode>zu Überlegung kostete und deren</Unicode>
                </TextEquiv>
            </TextLine>
            <TextLine id="tr_1_tl_20" custom="readingOrder {index:19;}">
                <Coords points="1077,2374 1440,2302 1582,2386 1835,2270 2776,2263 2983,2348 3502,2270 3508,2075 2860,2179 2678,2075 2555,2185 1958,2095 1083,2198"/>
                <Baseline points="1110,2297 1199,2297 1289,2291 1378,2285 1468,2285 1557,2279 1647,2274 1736,2274 1826,2268 1915,2262 2005,2262 2094,2262 2184,2256 2274,2256 2363,2250 2453,2244 2542,2244 2632,2238 2721,2238 2811,2238 2900,2238 2990,2238 3079,2232 3169,2232 3258,2226 3348,2220 3437,2208 3527,2202"/>
                <TextEquiv>
                    <Unicode>gen auch auffremden Boden gar bald</Unicode>
                </TextEquiv>
            </TextLine>
            <TextLine id="tr_1_tl_21" custom="readingOrder {index:20;}">
                <Coords points="3690,2438 4235,2380 4364,2484 4643,2367 5045,2432 5253,2341 5642,2438 5791,2322 6161,2341 6161,2192 3696,2289"/>
                <Baseline points="3724,2363 3760,2363 3849,2369 3939,2363 4028,2369 4118,2363 4207,2357 4297,2357 4386,2357 4476,2351 4565,2351 4655,2345 4745,2339 4834,2339 4924,2333 5013,2333 5103,2327 5192,2327 5282,2321 5371,2321 5461,2315 5550,2309 5640,2309 5729,2303 5819,2303 5908,2291 5998,2291 6087,2285 6177,2279"/>
                <TextEquiv>
                    <Unicode>Beantwortung eben doch nur auf ihrer</Unicode>
                </TextEquiv>
            </TextLine>
            <TextLine id="tr_1_tl_22" custom="readingOrder {index:21;}">
                <Coords points="1115,2549 1278,2458 1796,2484 1933,2555 2095,2451 2399,2562 2652,2445 2996,2432 3003,2328 2776,2263 2283,2328 1835,2270 1576,2380 1440,2302 1284,2322 1115,2419"/>
                <Baseline points="1151,2476 1223,2465 1313,2459 1402,2453 1492,2447 1581,2441 1671,2441 1760,2435 1850,2435 1939,2435 2029,2435 2118,2429 2208,2423 2297,2417 2387,2417 2476,2411 2566,2405 2656,2411 2745,2411 2835,2411 2924,2411 3014,2417"/>
                <TextEquiv>
                    <Unicode>sich wohl und heimisch fühlen.-</Unicode>
                </TextEquiv>
            </TextLine>
            <TextLine id="tr_1_tl_23" custom="readingOrder {index:22;}">
                <Coords points="3683,2600 3917,2555 4189,2633 4313,2549 4494,2633 5629,2490 5934,2588 6057,2549 6063,2348 5279,2335 5019,2438 4916,2361 4364,2477 4235,2380 3690,2438"/>
                <Baseline points="3724,2542 3742,2536 3831,2536 3921,2530 4010,2530 4100,2530 4189,2524 4279,2524 4368,2518 4458,2518 4548,2512 4637,2512 4727,2512 4816,2506 4906,2506 4995,2500 5085,2494 5174,2488 5264,2488 5353,2476 5443,2476 5532,2470 5622,2470 5711,2465 5801,2459 5890,2459 5980,2459 6070,2453"/>
                <TextEquiv>
                    <Unicode>Überzeugung, nicht auf unwiderleg¬</Unicode>
                </TextEquiv>
            </TextLine>
            <TextLine id="tr_1_tl_24" custom="readingOrder {index:23;}">
                <Coords points="1089,2711 1498,2639 1900,2704 2283,2600 2594,2607 2756,2717 2944,2594 3288,2678 3560,2594 3560,2477 3016,2419 2237,2542 2088,2451 1926,2555 1265,2458 1096,2555"/>
                <Baseline points="1134,2632 1157,2632 1247,2620 1336,2614 1426,2614 1516,2608 1605,2608 1695,2608 1784,2602 1874,2602 1963,2602 2053,2602 2142,2596 2232,2590 2321,2584 2411,2578 2500,2584 2590,2572 2679,2578 2769,2572 2858,2572 2948,2572 3037,2572 3127,2572 3217,2566 3306,2566 3396,2572 3485,2566 3575,2560"/>
                <TextEquiv>
                    <Unicode>Doch gibt es nicht auch Menschen, die ge¬</Unicode>
                </TextEquiv>
            </TextLine>
            <TextLine id="tr_1_tl_25" custom="readingOrder {index:24;}">
                <Coords points="3664,2802 3859,2724 4176,2802 4481,2698 5888,2698 5940,2490 5182,2516 5032,2626 4948,2542 4494,2633 4306,2549 4163,2639 3910,2568 3671,2665"/>
                <Baseline points="3700,2739 3706,2739 3796,2721 3885,2715 3975,2715 4064,2703 4154,2703 4243,2697 4333,2697 4422,2691 4512,2691 4601,2685 4691,2685 4780,2685 4870,2679 4959,2679 5049,2673 5138,2667 5228,2656 5317,2650 5407,2650 5497,2650 5586,2644 5676,2644 5765,2638 5855,2638 5944,2638"/>
                <TextEquiv>
                    <Unicode>licher Objectivität berufen könnte.</Unicode>
                </TextEquiv>
            </TextLine>
            <TextLine id="tr_1_tl_26" custom="readingOrder {index:25;}">
                <Coords points="1089,2834 1297,2899 1660,2789 2996,2840 3184,2743 3502,2808 3508,2588 3230,2698 2925,2594 2769,2711 2600,2607 2088,2626 1900,2730 1796,2639 1089,2711"/>
                <Baseline points="1122,2799 1187,2799 1277,2793 1366,2793 1456,2793 1545,2787 1635,2781 1724,2781 1814,2775 1903,2781 1993,2775 2083,2775 2172,2769 2262,2763 2351,2763 2441,2757 2530,2757 2620,2757 2709,2751 2799,2751 2888,2751 2978,2751 3067,2751 3157,2745 3246,2739 3336,2739 3425,2727 3515,2727"/>
                <TextEquiv>
                    <Unicode>wissermassen aus Überzeugung aus</Unicode>
                </TextEquiv>
            </TextLine>
            <TextLine id="tr_1_tl_27" custom="readingOrder {index:26;}">
                <Coords points="3768,2925 4157,2983 4533,2866 4838,2957 5266,2840 5642,2821 5778,2918 6206,2840 6206,2698 5973,2652 5285,2665 4916,2789 4734,2704 4014,2821 3774,2756"/>
                <Baseline points="3801,2876 3807,2876 3897,2876 3986,2876 4076,2870 4166,2864 4255,2864 4345,2864 4434,2858 4524,2858 4613,2852 4703,2852 4792,2847 4882,2847 4971,2841 5061,2835 5150,2829 5240,2823 5329,2817 5419,2817 5508,2811 5598,2811 5688,2805 5777,2805 5867,2799 5956,2799 6046,2793 6135,2793 6225,2793"/>
                <TextEquiv>
                    <Unicode>Ergreifend schön hat die Volkssage</Unicode>
                </TextEquiv>
            </TextLine>
            <TextLine id="tr_1_tl_28" custom="readingOrder {index:27;}">
                <Coords points="1089,3028 3560,2957 3567,2789 3184,2743 3009,2840 2477,2782 1809,2860 1634,2795 1297,2899 1096,2834"/>
                <Baseline points="1122,2966 1157,2966 1247,2960 1336,2966 1426,2960 1516,2954 1605,2954 1695,2948 1784,2948 1874,2942 1963,2942 2053,2942 2142,2936 2232,2936 2321,2930 2411,2930 2500,2924 2590,2924 2679,2918 2769,2918 2858,2918 2948,2918 3037,2912 3127,2906 3217,2906 3306,2900 3396,2900 3485,2900 3575,2906"/>
                <TextEquiv>
                    <Unicode>einer Art von überall sich so das Vater</Unicode>
                </TextEquiv>
            </TextLine>
            <TextLine id="tr_1_tl_29" custom="readingOrder {index:28;}">
                <Coords points="6187,3009 6381,2990 6485,3041 6576,3003 6673,3035 6965,2951 7030,2970 7043,2717 6939,2737 6848,2685 6764,2704 6712,2678 6615,2730 6537,2672 6453,2717 6368,2691 6193,2750"/>
                <Baseline points="6225,2954 6249,2948 6338,2960 6428,2954 6517,2942 6607,2942 6696,2942 6786,2936 6875,2936 6965,2936 7054,2930"/>
                <TextEquiv>
                    <Unicode># Qualen</Unicode>
                </TextEquiv>
            </TextLine>
            <TextLine id="tr_1_tl_30" custom="readingOrder {index:29;}">
                <Coords points="3703,3100 4721,3041 4825,3113 5182,3016 5512,3100 5798,2996 6051,3074 6063,2853 5778,2918 5668,2821 5331,2834 4831,2970 4585,2873 4170,2977 3709,2853"/>
                <Baseline points="3736,3067 3742,3061 3831,3055 3921,3049 4010,3049 4100,3043 4189,3037 4279,3043 4368,3037 4458,3026 4548,3020 4637,3020 4727,3020 4816,3014 4906,3014 4995,3008 5085,3002 5174,2996 5264,2996 5353,2984 5443,2984 5532,2984 5622,2978 5711,2972 5801,2972 5890,2972 5980,2972 6070,2972"/>
                <TextEquiv>
                    <Unicode>Die Gr Schmerzen der Heimat¬</Unicode>
                </TextEquiv>
            </TextLine>
            <TextLine id="tr_1_tl_31" custom="readingOrder {index:30;}">
                <Coords points="1096,3178 2555,3178 2750,3093 3593,3165 3599,2951 1096,3028"/>
                <Baseline points="1134,3127 1193,3121 1283,3127 1372,3127 1462,3127 1551,3127 1641,3121 1730,3121 1820,3121 1909,3115 1999,3115 2088,3109 2178,3109 2268,3103 2357,3103 2447,3097 2536,3091 2626,3085 2715,3085 2805,3085 2894,3085 2984,3085 3073,3085 3163,3079 3252,3085 3342,3079 3431,3073 3521,3073 3610,3085"/>
                <TextEquiv>
                    <Unicode>land der Fremd nicht vorziehen. Weltburg</Unicode>
                </TextEquiv>
            </TextLine>
            <TextLine id="tr_1_tl_32" custom="readingOrder {index:31;}">
                <Coords points="3703,3262 4844,3204 4942,3294 5207,3184 6057,3152 6057,3061 5000,3028 4877,3113 4695,3041 4488,3119 4183,3041 3709,3165"/>
                <Baseline points="3736,3211 3748,3211 3837,3205 3927,3211 4016,3205 4106,3199 4195,3199 4285,3199 4374,3199 4464,3193 4554,3187 4643,3175 4733,3175 4822,3175 4912,3175 5001,3169 5091,3163 5180,3157 5270,3157 5359,3151 5449,3145 5538,3139 5628,3139 5717,3133 5807,3133 5896,3127 5986,3127 6075,3121"/>
                <TextEquiv>
                    <Unicode>losigkeit in der Sage von ewigen</Unicode>
                </TextEquiv>
            </TextLine>
            <TextLine id="tr_1_tl_33" custom="readingOrder {index:32;}">
                <Coords points="1064,3340 1939,3307 2069,3398 2536,3275 3431,3307 3392,3113 3113,3165 2743,3093 2231,3230 2049,3139 1070,3165"/>
                <Baseline points="1098,3306 1116,3300 1205,3300 1295,3300 1384,3294 1474,3294 1563,3288 1653,3288 1742,3276 1832,3276 1921,3276 2011,3270 2100,3270 2190,3270 2279,3270 2369,3264 2459,3258 2548,3252 2638,3246 2727,3246 2817,3240 2906,3240 2996,3246 3085,3240 3175,3234 3264,3234 3354,3234 3443,3228"/>
                <TextEquiv>
                    <Unicode>die das Weltbürgertum, das den</Unicode>
                </TextEquiv>
            </TextLine>
            <TextLine id="tr_1_tl_34" custom="readingOrder {index:33;}">
                <Coords points="3677,3489 3923,3405 4202,3502 4598,3379 4903,3469 5396,3340 6076,3340 6089,3145 5746,3255 5525,3165 5065,3281 4851,3204 3690,3255"/>
                <Baseline points="3712,3402 3772,3396 3861,3396 3951,3390 4040,3384 4130,3378 4219,3378 4309,3372 4398,3366 4488,3366 4577,3360 4667,3354 4756,3348 4846,3348 4936,3336 5025,3330 5115,3330 5204,3330 5294,3324 5383,3318 5473,3312 5562,3306 5652,3312 5741,3300 5831,3294 5920,3294 6010,3288 6099,3270"/>
                <TextEquiv>
                    <Unicode>Juden gestaltet geschildert. Der</Unicode>
                </TextEquiv>
            </TextLine>
            <TextLine id="tr_1_tl_35" custom="readingOrder {index:34;}">
                <Coords points="1077,3502 1401,3580 1751,3463 1913,3541 3606,3469 3567,3242 2931,3340 2283,3294 2114,3392 1939,3307 1083,3340"/>
                <Baseline points="1116,3467 1205,3467 1295,3467 1384,3467 1474,3461 1563,3455 1653,3455 1742,3455 1832,3449 1921,3443 2011,3437 2100,3437 2190,3437 2279,3437 2369,3437 2459,3431 2548,3425 2638,3419 2727,3425 2817,3425 2906,3425 2996,3425 3085,3419 3175,3419 3264,3419 3354,3419 3443,3414 3533,3414 3622,3414"/>
                <TextEquiv>
                    <Unicode>Kosmopolitismus nicht nur als Prinçcip</Unicode>
                </TextEquiv>
            </TextLine>
            <TextLine id="tr_1_tl_36" custom="readingOrder {index:35;}">
                <Coords points="3729,3593 4416,3632 4527,3560 4650,3645 4825,3541 5156,3638 5253,3541 6012,3489 6018,3327 5402,3340 4896,3476 4728,3372 4222,3495 3982,3405 3735,3450"/>
                <Baseline points="3766,3545 3790,3551 3879,3551 3969,3551 4058,3551 4148,3545 4237,3545 4327,3539 4416,3533 4506,3533 4595,3527 4685,3521 4774,3521 4864,3515 4953,3509 5043,3503 5132,3497 5222,3491 5312,3491 5401,3485 5491,3479 5580,3479 5670,3473 5759,3467 5849,3467 5938,3461 6028,3455"/>
                <TextEquiv>
                    <Unicode>Tod allein ists, der jetzt noch des</Unicode>
                </TextEquiv>
            </TextLine>
            <TextLine id="tr_1_tl_37" custom="readingOrder {index:36;}">
                <Coords points="1096,3677 1316,3645 1582,3748 1757,3638 1926,3696 3469,3599 3469,3444 3314,3431 3100,3528 2821,3444 2354,3554 2082,3476 1933,3547 1556,3476 1427,3586 1102,3521"/>
                <Baseline points="1134,3646 1157,3634 1247,3634 1336,3634 1426,3628 1516,3628 1605,3622 1695,3622 1784,3616 1874,3616 1963,3610 2053,3610 2142,3610 2232,3610 2321,3610 2411,3605 2500,3605 2590,3599 2679,3599 2769,3593 2858,3593 2948,3593 3037,3593 3127,3587 3217,3581 3306,3575 3396,3575 3485,3569"/>
                <TextEquiv>
                    <Unicode>anerkennen, sondern auch von der</Unicode>
                </TextEquiv>
            </TextLine>
            <TextLine id="tr_1_tl_38" custom="readingOrder {index:37;}">
                <Coords points="3703,3846 4215,3735 4578,3722 4656,3794 4935,3690 5772,3671 5986,3742 5992,3560 5824,3476 5408,3573 5123,3521 4980,3632 4825,3541 4650,3645 4527,3560 4403,3638 4202,3567 3716,3593"/>
                <Baseline points="3742,3742 3772,3742 3861,3736 3951,3736 4040,3730 4130,3730 4219,3724 4309,3718 4398,3712 4488,3706 4577,3700 4667,3694 4756,3688 4846,3682 4936,3682 5025,3676 5115,3664 5204,3658 5294,3652 5383,3652 5473,3646 5562,3646 5652,3646 5741,3640 5831,3640 5920,3634 6010,3646"/>
                <TextEquiv>
                    <Unicode>Ahas verus Heimat werden kon¬</Unicode>
                </TextEquiv>
            </TextLine>
            <TextLine id="tr_1_tl_39" custom="readingOrder {index:38;}">
                <Coords points="1070,3885 1887,3813 2049,3891 2503,3781 2925,3859 3392,3755 3495,3820 3645,3800 3651,3625 2795,3606 2555,3690 2393,3619 1589,3742 1329,3645 1070,3683"/>
                <Baseline points="1104,3819 1151,3813 1241,3807 1330,3807 1420,3801 1510,3801 1599,3801 1689,3796 1778,3796 1868,3790 1957,3790 2047,3784 2136,3784 2226,3778 2315,3778 2405,3778 2494,3778 2584,3778 2673,3778 2763,3778 2852,3772 2942,3766 3032,3766 3121,3766 3211,3760 3300,3760 3390,3760 3479,3748 3569,3748 3658,3748"/>
                <TextEquiv>
                    <Unicode>u au m stößlichen Wahrheit dieses Prin¬</Unicode>
                </TextEquiv>
            </TextLine>
            <TextLine id="tr_1_tl_40" custom="readingOrder {index:39;}">
                <Coords points="6381,3826 6615,3852 6731,3807 6803,3865 6965,3839 7056,3872 7062,3645 7023,3638 6971,3677 6881,3664 6835,3619 6790,3645 6731,3625 6660,3664 6621,3638 6576,3664 6524,3638 6388,3638"/>
                <Baseline points="6416,3766 6446,3760 6535,3766 6625,3760 6714,3766 6804,3760 6893,3754 6983,3754 7072,3760"/>
                <TextEquiv>
                    <Unicode>Wufs,</Unicode>
                </TextEquiv>
            </TextLine>
            <TextLine id="tr_1_tl_41" custom="readingOrder {index:40;}">
                <Coords points="3696,3936 3949,3917 4066,4014 4682,3859 4890,3936 5538,3839 5836,3910 6096,3839 6102,3716 4922,3690 4656,3794 4559,3722 4008,3748 3696,3859"/>
                <Baseline points="3730,3915 3784,3915 3873,3909 3963,3909 4052,3897 4142,3891 4231,3885 4321,3879 4410,3873 4500,3873 4589,3867 4679,3855 4768,3855 4858,3849 4947,3843 5037,3837 5126,3831 5216,3831 5306,3831 5395,3825 5485,3825 5574,3819 5664,3813 5753,3813 5843,3807 5932,3801 6022,3801 6111,3796"/>
                <TextEquiv>
                    <Unicode>und ihn den Tod kau der ewige</Unicode>
                </TextEquiv>
            </TextLine>
            <TextLine id="tr_1_tl_42" custom="readingOrder {index:41;}">
                <Coords points="1141,3995 1407,4086 1563,3995 2283,3962 2899,4053 3275,3949 3606,4008 3612,3787 2594,3897 2458,3800 2056,3897 1479,3807 1141,3904"/>
                <Baseline points="1175,3963 1205,3963 1295,3963 1384,3969 1474,3969 1563,3969 1653,3969 1742,3963 1832,3963 1921,3963 2011,3963 2100,3957 2190,3957 2279,3945 2369,3945 2459,3945 2548,3945 2638,3945 2727,3939 2817,3939 2906,3939 2996,3933 3085,3933 3175,3927 3264,3927 3354,3921 3443,3921 3533,3915 3622,3915"/>
                <TextEquiv>
                    <Unicode>cipb so völlig durchdrungen sind, daß</Unicode>
                </TextEquiv>
            </TextLine>
            <TextLine id="tr_1_tl_43" custom="readingOrder {index:42;}">
                <Coords points="3683,4137 6284,4027 6290,3878 5130,3859 4929,3969 4676,3859 4060,4021 3956,3917 3696,3936"/>
                <Baseline points="3724,4076 3796,4070 3885,4070 3975,4064 4064,4064 4154,4058 4243,4052 4333,4046 4422,4040 4512,4034 4601,4028 4691,4028 4780,4022 4870,4016 4959,4016 5049,4010 5138,4004 5228,3998 5317,3992 5407,3992 5497,3986 5586,3981 5676,3981 5765,3975 5855,3969 5944,3963 6034,3963 6123,3957 6213,3957 6302,3957"/>
                <TextEquiv>
                    <Unicode>Jude nicht finden. Er muss wandern,</Unicode>
                </TextEquiv>
            </TextLine>
            <TextLine id="tr_1_tl_44" custom="readingOrder {index:43;}">
                <Coords points="1109,4254 2172,4118 3080,4118 3223,4189 3508,4131 3515,3988 2899,4053 2646,3962 1582,3988 1427,4099 1310,4014 1115,4105"/>
                <Baseline points="1151,4154 1187,4148 1277,4142 1366,4142 1456,4142 1545,4142 1635,4142 1724,4136 1814,4130 1903,4130 1993,4124 2083,4118 2172,4112 2262,4112 2351,4106 2441,4100 2530,4100 2620,4100 2709,4106 2799,4100 2888,4100 2978,4100 3067,4100 3157,4094 3246,4088 3336,4094 3425,4082 3515,4082"/>
                <TextEquiv>
                    <Unicode>sie sich allen Anwandlungen jeden</Unicode>
                </TextEquiv>
            </TextLine>
            <TextLine id="tr_1_tl_45" custom="readingOrder {index:44;}">
                <Coords points="3716,4338 4053,4358 4196,4254 4514,4319 5052,4202 5182,4287 5597,4163 5921,4228 6161,4176 6174,3988 5558,4079 5279,4008 5039,4131 4851,4040 4475,4137 3729,4131"/>
                <Baseline points="3760,4243 3766,4243 3855,4237 3945,4237 4034,4237 4124,4231 4213,4225 4303,4225 4392,4213 4482,4207 4571,4201 4661,4201 4750,4195 4840,4189 4930,4189 5019,4177 5109,4177 5198,4172 5288,4160 5377,4154 5467,4148 5556,4142 5646,4142 5735,4136 5825,4130 5914,4130 6004,4124 6093,4118 6183,4112"/>
                <TextEquiv>
                    <Unicode>wandern, ruheloswand Und so</Unicode>
                </TextEquiv>
            </TextLine>
            <TextLine id="tr_1_tl_46" custom="readingOrder {index:45;}">
                <Coords points="2127,4215 2198,4235 2224,4209 2270,4222 2348,4196 2425,4241 2484,4202 2516,4228 2568,4209 2652,4222 2685,4189 2737,4196 2737,4124 2678,4137 2626,4105 2588,4137 2503,4144 2471,4111 2386,4144 2354,4124 2276,4144 2198,4111 2127,4131"/>
                <Baseline points="2160,4201 2250,4189 2339,4189 2429,4189 2518,4189 2608,4189 2697,4195 2745,4207"/>
                <TextEquiv>
                    <Unicode>Vaterlandes</Unicode>
                </TextEquiv>
            </TextLine>
            <TextLine id="tr_1_tl_47" custom="readingOrder {index:46;}">
                <Coords points="1167,4410 1362,4332 1621,4423 1770,4313 1958,4384 2503,4293 3217,4338 3534,4287 3541,4170 3392,4111 3281,4202 3016,4111 2542,4235 2172,4235 2088,4137 1530,4248 1167,4222"/>
                <Baseline points="1205,4303 1223,4297 1313,4297 1402,4303 1492,4303 1581,4297 1671,4297 1760,4297 1850,4291 1939,4285 2029,4285 2118,4285 2208,4279 2297,4285 2387,4285 2476,4285 2566,4285 2656,4279 2745,4279 2835,4273 2924,4267 3014,4273 3103,4273 3193,4267 3282,4261 3372,4255 3461,4255 3551,4261"/>
                <TextEquiv>
                    <Unicode>Heimwehs, Heimatsgefühls, jeder</Unicode>
                </TextEquiv>
            </TextLine>
            <TextLine id="tr_1_tl_48" custom="readingOrder {index:47;}">
                <Coords points="3722,4501 4397,4520 4857,4377 5305,4442 5655,4338 5992,4410 6303,4332 6310,4176 3729,4345"/>
                <Baseline points="3760,4422 3813,4422 3903,4422 3992,4416 4082,4410 4172,4410 4261,4404 4351,4398 4440,4392 4530,4386 4619,4380 4709,4374 4798,4368 4888,4368 4977,4363 5067,4363 5156,4357 5246,4351 5335,4339 5425,4333 5514,4327 5604,4321 5694,4315 5783,4309 5873,4309 5962,4303 6052,4297 6141,4297 6231,4297 6320,4291"/>
                <TextEquiv>
                    <Unicode>muss er wandern, wuselos wondern.</Unicode>
                </TextEquiv>
            </TextLine>
            <TextLine id="tr_1_tl_49" custom="readingOrder {index:48;}">
                <Coords points="1154,4585 2030,4507 2399,4598 2575,4507 3197,4624 3593,4475 3593,4332 3418,4280 2899,4371 2503,4287 1154,4410"/>
                <Baseline points="1187,4476 1193,4470 1283,4470 1372,4482 1462,4482 1551,4482 1641,4482 1730,4482 1820,4476 1909,4470 1999,4470 2088,4464 2178,4464 2268,4464 2357,4464 2447,4464 2536,4458 2626,4458 2715,4452 2805,4452 2894,4452 2984,4452 3073,4452 3163,4446 3252,4446 3342,4440 3431,4440 3521,4440 3610,4434"/>
                <TextEquiv>
                    <Unicode>ihres Heimatsgefühls gänzlich ent¬</Unicode>
                </TextEquiv>
            </TextLine>
        </TextRegion>
    </Page>
</PcGts>
