<?xml version="1.0" encoding="UTF-8" standalone="yes"?>
<PcGts xmlns="http://schema.primaresearch.org/PAGE/gts/pagecontent/2013-07-15" xmlns:xsi="http://www.w3.org/2001/XMLSchema-instance" xsi:schemaLocation="http://schema.primaresearch.org/PAGE/gts/pagecontent/2013-07-15 http://schema.primaresearch.org/PAGE/gts/pagecontent/2013-07-15/pagecontent.xsd">
    <Metadata>
        <Creator>prov=READ-COOP:name=TrHtr:version=2.1.0:model_id=51170:date=28_07_2023_05:41</Creator>
        <Created>2023-05-10T11:14:55.512+02:00</Created>
        <LastChange>2023-07-28T05:41:08.071+02:00</LastChange>
        <TranskribusMetadata docId="1428137" pageId="55384831" pageNr="53" tsid="131319906" status="IN_PROGRESS" userId="64420" imgUrl="https://files.transkribus.eu/Get?id=UEDPENJMCAAASYBNSBLOGOIF&amp;fileType=view" xmlUrl="https://files.transkribus.eu/Get?id=BVFTRVJYHEIKHRRCLCYQELYV" imageId="44659730"/>
    </Metadata>
    <Page imageFilename="1428137_0053.jpg" imageWidth="7480" imageHeight="4872">
        <ReadingOrder>
            <OrderedGroup id="ro_1711824056979" caption="Regions reading order">
                <RegionRefIndexed index="0" regionRef="tr_1"/>
                <RegionRefIndexed index="1" regionRef="tr_2"/>
            </OrderedGroup>
        </ReadingOrder>
        <TextRegion id="tr_1" custom="readingOrder {index:0;}">
            <Coords points="1534,588 3868,588 3868,4386 1534,4386"/>
            <TextLine id="tr_1_tl_1" custom="readingOrder {index:0;}">
                <Coords points="1521,750 1698,808 1840,721 2970,669 3384,756 3697,661 3703,513 2698,530 2402,632 2237,556 1527,545"/>
                <Baseline points="1540,704 1558,704 1647,698 1737,698 1827,698 1916,698 2006,698 2095,692 2185,686 2274,692 2364,686 2453,686 2543,680 2633,680 2722,674 2812,674 2901,668 2991,668 3080,662 3170,662 3259,650 3349,650 3439,644 3528,644 3618,638 3707,638"/>
                <TextEquiv>
                    <Unicode>Dies wird gedeutet, dass man sich</Unicode>
                </TextEquiv>
            </TextLine>
            <TextLine id="tr_1_tl_2" custom="readingOrder {index:1;}">
                <Coords points="1518,936 2388,861 2671,947 2967,832 3607,884 3706,861 3712,672 3547,655 3387,753 2979,658 2758,727 2286,695 1521,823"/>
                <Baseline points="1534,877 1564,877 1653,865 1743,865 1832,865 1922,859 2012,859 2101,859 2191,853 2280,853 2370,847 2459,841 2549,841 2639,835 2728,829 2818,829 2907,823 2997,823 3086,823 3176,817 3265,817 3355,812 3445,812 3534,806 3624,806 3713,806"/>
                <TextEquiv>
                    <Unicode>alles bis auf die letzte Minute lassen</Unicode>
                </TextEquiv>
            </TextLine>
            <TextLine id="tr_1_tl_3" custom="readingOrder {index:2;}">
                <Coords points="1550,1092 2176,1130 3031,1005 3376,1107 3697,1008 3700,895 2631,950 2222,863 1872,965 1556,953"/>
                <Baseline points="1570,1044 1641,1038 1731,1032 1821,1032 1910,1032 2000,1032 2089,1032 2179,1026 2268,1020 2358,1020 2447,1020 2537,1015 2627,1009 2716,1009 2806,1003 2895,1003 2985,997 3074,997 3164,997 3253,991 3343,985 3433,985 3522,979 3612,979 3701,973"/>
                <TextEquiv>
                    <Unicode>könne, daß schon einmal eine Zeit</Unicode>
                </TextEquiv>
            </TextLine>
            <TextLine id="tr_1_tl_4" custom="readingOrder {index:3;}">
                <Coords points="1539,1289 1869,1211 2454,1255 3677,1173 3697,1046 3352,1104 2880,1046 2764,1121 2535,1060 2332,1150 1547,1092"/>
                <Baseline points="1558,1212 1641,1206 1731,1206 1821,1200 1910,1200 2000,1200 2089,1200 2179,1200 2268,1200 2358,1194 2447,1194 2537,1188 2627,1182 2716,1182 2806,1176 2895,1170 2985,1170 3074,1164 3164,1164 3253,1158 3343,1158 3433,1152 3522,1152 3612,1152 3701,1146"/>
                <TextEquiv>
                    <Unicode>kommen werde, in der man der</Unicode>
                </TextEquiv>
            </TextLine>
            <TextLine id="tr_1_tl_5" custom="readingOrder {index:4;}">
                <Coords points="1576,1402 1927,1489 2295,1379 2445,1501 2544,1443 2640,1501 2871,1365 3092,1350 3512,1463 3802,1350 3807,1200 2428,1304 1875,1211 1582,1272"/>
                <Baseline points="1594,1385 1659,1379 1749,1379 1838,1379 1928,1373 2018,1379 2107,1379 2197,1373 2286,1373 2376,1367 2465,1367 2555,1367 2644,1361 2734,1355 2824,1355 2913,1349 3003,1343 3092,1343 3182,1343 3271,1337 3361,1337 3451,1337 3540,1331 3630,1337 3719,1331 3809,1343"/>
                <TextEquiv>
                    <Unicode>betreffenden Gegenstand auszuführen,</Unicode>
                </TextEquiv>
            </TextLine>
            <TextLine id="tr_1_tl_6" custom="readingOrder {index:5;}">
                <Coords points="1565,1568 2237,1550 2309,1620 2469,1544 3190,1521 3393,1634 3564,1623 3787,1541 3793,1388 3210,1475 2825,1408 2637,1501 2312,1423 1933,1498 1568,1440"/>
                <Baseline points="1582,1558 1647,1558 1737,1552 1827,1552 1916,1546 2006,1546 2095,1546 2185,1540 2274,1534 2364,1534 2453,1534 2543,1534 2633,1534 2722,1528 2812,1516 2901,1516 2991,1510 3080,1510 3170,1510 3259,1510 3349,1510 3439,1504 3528,1498 3618,1498 3707,1498 3797,1510"/>
                <TextEquiv>
                    <Unicode>wäre. - Möglich. Aber nur mögliche</Unicode>
                </TextEquiv>
            </TextLine>
            <TextLine id="tr_1_tl_7" custom="readingOrder {index:6;}">
                <Coords points="1608,1773 3034,1689 3289,1805 3494,1683 3813,1715 3816,1579 1611,1620"/>
                <Baseline points="1624,1719 1671,1713 1761,1713 1850,1707 1940,1707 2030,1707 2119,1701 2209,1701 2298,1701 2388,1701 2477,1701 2567,1695 2656,1701 2746,1695 2836,1689 2925,1683 3015,1683 3104,1677 3194,1677 3283,1671 3373,1671 3462,1671 3552,1665 3642,1665 3731,1665 3821,1665"/>
                <TextEquiv>
                    <Unicode>Wie leicht können unberechnenbare</Unicode>
                </TextEquiv>
            </TextLine>
            <TextLine id="tr_1_tl_8" custom="readingOrder {index:7;}">
                <Coords points="1640,2025 1892,2020 2017,1924 2118,2014 2388,1886 3239,1866 3407,1953 3578,1854 3729,1889 3732,1721 3448,1710 3242,1823 3057,1753 2944,1825 2811,1730 2547,1805 2098,1718 1646,1820"/>
                <Baseline points="1659,1904 1677,1898 1767,1892 1856,1892 1946,1886 2035,1886 2125,1880 2215,1874 2304,1874 2394,1874 2483,1874 2573,1874 2662,1868 2752,1862 2842,1862 2931,1856 3021,1856 3110,1856 3200,1856 3289,1850 3379,1850 3468,1844 3558,1844 3648,1844 3737,1856"/>
                <TextEquiv>
                    <Unicode>Zwischenfälle eintreten, die hin¬</Unicode>
                </TextEquiv>
            </TextLine>
            <TextLine id="tr_1_tl_9" custom="readingOrder {index:8;}">
                <Coords points="1623,2135 2022,2092 2167,2191 2359,2066 2782,2138 3257,2040 3726,2089 3729,1947 3436,1991 3138,1886 3008,1967 2608,1999 2376,1933 2109,2014 2017,1924 1892,2020 1625,2028"/>
                <Baseline points="1641,2095 1677,2089 1767,2083 1856,2071 1946,2071 2035,2065 2125,2059 2215,2059 2304,2059 2394,2053 2483,2053 2573,2047 2662,2047 2752,2041 2842,2041 2931,2035 3021,2035 3110,2035 3200,2035 3289,2030 3379,2030 3468,2030 3558,2030 3648,2024 3737,2024"/>
                <TextEquiv>
                    <Unicode>dernd auf die ganze Sache einver¬</Unicode>
                </TextEquiv>
            </TextLine>
            <TextLine id="tr_1_tl_10" custom="readingOrder {index:9;}">
                <Coords points="1556,2321 2756,2228 3008,2306 3124,2219 3355,2330 3529,2231 3746,2234 3749,2135 3219,2118 3109,2046 2779,2141 2596,2069 2063,2228 1776,2112 1562,2156"/>
                <Baseline points="1576,2262 1606,2262 1695,2256 1785,2250 1874,2250 1964,2250 2053,2250 2143,2244 2233,2238 2322,2233 2412,2233 2501,2233 2591,2227 2680,2227 2770,2227 2859,2221 2949,2221 3039,2215 3128,2215 3218,2215 3307,2209 3397,2203 3486,2197 3576,2191 3665,2185 3755,2191"/>
                <TextEquiv>
                    <Unicode>ken! Man darf das Morgen</Unicode>
                </TextEquiv>
            </TextLine>
            <TextLine id="tr_1_tl_11" custom="readingOrder {index:10;}">
                <Coords points="1628,2503 1883,2417 2576,2408 2860,2509 3016,2402 3610,2402 3613,2237 3367,2330 3083,2246 2929,2353 2756,2228 2367,2327 2022,2275 1634,2347"/>
                <Baseline points="1647,2436 1737,2424 1827,2418 1916,2412 2006,2412 2095,2406 2185,2406 2274,2400 2364,2406 2453,2406 2543,2400 2633,2400 2722,2394 2812,2394 2901,2394 2991,2394 3080,2382 3170,2382 3259,2376 3349,2370 3439,2364 3528,2358 3618,2358"/>
                <TextEquiv>
                    <Unicode>nicht dem lieben Herrgott</Unicode>
                </TextEquiv>
            </TextLine>
            <TextLine id="tr_1_tl_12" custom="readingOrder {index:11;}">
                <Coords points="1570,2657 1811,2608 2060,2677 2164,2590 2715,2564 3300,2625 3674,2564 3677,2495 3239,2385 2860,2506 2622,2445 2463,2532 2228,2422 1883,2419 1576,2515"/>
                <Baseline points="1588,2603 1624,2609 1713,2597 1803,2591 1892,2585 1982,2579 2071,2579 2161,2579 2250,2573 2340,2573 2430,2573 2519,2567 2609,2567 2698,2567 2788,2561 2877,2561 2967,2561 3056,2555 3146,2549 3236,2549 3325,2549 3415,2549 3504,2543 3594,2537 3683,2537"/>
                <TextEquiv>
                    <Unicode>überlassen und gedankenlos in</Unicode>
                </TextEquiv>
            </TextLine>
            <TextLine id="tr_1_tl_13" custom="readingOrder {index:12;}">
                <Coords points="1597,2796 3677,2738 3784,2715 3790,2608 3535,2576 3344,2648 3068,2582 2929,2651 2718,2564 2541,2645 2164,2590 1988,2718 1785,2631 1599,2706"/>
                <Baseline points="1612,2776 1641,2764 1731,2758 1821,2752 1910,2752 2000,2752 2089,2746 2179,2740 2268,2740 2358,2734 2447,2740 2537,2734 2627,2728 2716,2728 2806,2722 2895,2722 2985,2722 3074,2716 3164,2716 3253,2710 3343,2710 3433,2704 3522,2704 3612,2698 3701,2692 3791,2698"/>
                <TextEquiv>
                    <Unicode>das Heute hineinleben. Man</Unicode>
                </TextEquiv>
            </TextLine>
            <TextLine id="tr_1_tl_14" custom="readingOrder {index:13;}">
                <Coords points="1536,2964 2556,2926 2840,3042 3037,2906 3723,2906 3729,2721 3442,2819 2929,2750 2593,2822 2431,2767 2306,2842 1860,2770 1536,2915"/>
                <Baseline points="1552,2949 1582,2955 1671,2943 1761,2937 1850,2931 1940,2925 2030,2925 2119,2919 2209,2919 2298,2913 2388,2913 2477,2907 2567,2913 2656,2907 2746,2907 2836,2901 2925,2895 3015,2895 3104,2895 3194,2889 3283,2889 3373,2883 3462,2883 3552,2877 3642,2877 3731,2877"/>
                <TextEquiv>
                    <Unicode>muß bei dem Aufschreben das</Unicode>
                </TextEquiv>
            </TextLine>
            <TextLine id="tr_1_tl_15" custom="readingOrder {index:14;}">
                <Coords points="1605,3184 2167,3106 3573,3121 3729,3089 3732,2958 3315,3039 3039,2903 2787,3039 2304,2932 2031,3011 1759,2964 1608,3048"/>
                <Baseline points="1624,3122 1677,3116 1767,3104 1856,3104 1946,3098 2035,3098 2125,3098 2215,3098 2304,3092 2394,3092 2483,3086 2573,3086 2662,3080 2752,3080 2842,3080 2931,3080 3021,3080 3110,3074 3200,3074 3289,3068 3379,3068 3468,3068 3558,3062 3648,3062 3737,3062"/>
                <TextEquiv>
                    <Unicode>„Bann“ bedenken. Wann wird</Unicode>
                </TextEquiv>
            </TextLine>
            <TextLine id="tr_1_tl_16" custom="readingOrder {index:15;}">
                <Coords points="1559,3315 2712,3274 2889,3384 3124,3283 3691,3271 3694,3155 3147,3190 2857,3121 2622,3202 2283,3118 2118,3187 1562,3184"/>
                <Baseline points="1576,3289 1641,3289 1731,3283 1821,3283 1910,3277 2000,3277 2089,3277 2179,3271 2268,3271 2358,3265 2447,3265 2537,3265 2627,3259 2716,3259 2806,3253 2895,3253 2985,3253 3074,3253 3164,3253 3253,3248 3343,3248 3433,3242 3522,3242 3612,3236 3701,3236"/>
                <TextEquiv>
                    <Unicode>dir die Gelegenheit je wieder</Unicode>
                </TextEquiv>
            </TextLine>
            <TextLine id="tr_1_tl_17" custom="readingOrder {index:16;}">
                <Coords points="1623,3567 1878,3460 2025,3578 2211,3454 2379,3561 2503,3477 2918,3457 3034,3529 3300,3428 3790,3451 3796,3277 3158,3289 2915,3384 2645,3271 1628,3367"/>
                <Baseline points="1641,3486 1647,3480 1737,3468 1827,3456 1916,3456 2006,3451 2095,3451 2185,3445 2274,3445 2364,3445 2453,3439 2543,3433 2633,3433 2722,3439 2812,3433 2901,3427 2991,3427 3080,3421 3170,3421 3259,3421 3349,3415 3439,3415 3528,3409 3618,3409 3707,3403 3797,3403"/>
                <TextEquiv>
                    <Unicode>so günstig sein, wie zu eben der</Unicode>
                </TextEquiv>
            </TextLine>
            <TextLine id="tr_1_tl_18" custom="readingOrder {index:17;}">
                <Coords points="1628,3767 2167,3633 2564,3651 2729,3749 3008,3729 3152,3628 3689,3613 3691,3529 3376,3463 3042,3523 2918,3460 2776,3520 2480,3480 2359,3555 2214,3451 2025,3581 1938,3518 1631,3622"/>
                <Baseline points="1647,3654 1725,3642 1815,3636 1904,3636 1994,3630 2083,3624 2173,3624 2262,3618 2352,3618 2441,3618 2531,3618 2621,3618 2710,3612 2800,3612 2889,3606 2979,3606 3068,3606 3158,3600 3248,3600 3337,3600 3427,3594 3516,3588 3606,3588 3695,3588"/>
                <TextEquiv>
                    <Unicode>Zeit, wo du aufschiebst? Nur</Unicode>
                </TextEquiv>
            </TextLine>
            <TextLine id="tr_1_tl_19" custom="readingOrder {index:18;}">
                <Coords points="1631,3897 1880,3941 2083,3839 2272,3941 2585,3810 3680,3828 3767,3799 3773,3648 2605,3761 2315,3633 1962,3720 1834,3671 1634,3764"/>
                <Baseline points="1647,3851 1713,3839 1803,3833 1892,3821 1982,3815 2071,3809 2161,3809 2250,3803 2340,3803 2430,3797 2519,3797 2609,3797 2698,3797 2788,3797 2877,3797 2967,3791 3056,3785 3146,3785 3236,3785 3325,3779 3415,3779 3504,3779 3594,3773 3683,3767 3773,3767"/>
                <TextEquiv>
                    <Unicode>oberflächliche Leute werden sich</Unicode>
                </TextEquiv>
            </TextLine>
            <TextLine id="tr_1_tl_20" custom="readingOrder {index:19;}">
                <Coords points="1602,4054 2561,4071 2735,3987 2982,4094 3410,3972 3752,3981 3758,3859 3480,3781 3237,3871 3095,3796 2608,3851 2318,3949 2083,3836 1892,3938 1608,3920"/>
                <Baseline points="1618,4030 1701,4012 1791,4006 1880,4006 1970,4006 2059,3994 2149,3994 2238,3988 2328,3988 2418,3982 2507,3982 2597,3982 2686,3976 2776,3976 2865,3976 2955,3970 3045,3970 3134,3970 3224,3964 3313,3964 3403,3958 3492,3952 3582,3952 3671,3940 3761,3952"/>
                <TextEquiv>
                    <Unicode>mit dem obigen Sprichworte</Unicode>
                </TextEquiv>
            </TextLine>
            <TextLine id="tr_1_tl_21" custom="readingOrder {index:20;}">
                <Coords points="1562,4303 2086,4227 2304,4314 2643,4172 3744,4207 3857,4187 3862,4051 3422,4091 3260,3999 2982,4094 2793,4010 1565,4167"/>
                <Baseline points="1582,4209 1629,4209 1719,4197 1809,4197 1898,4191 1988,4185 2077,4179 2167,4179 2256,4173 2346,4173 2436,4167 2525,4161 2615,4161 2704,4161 2794,4161 2883,4161 2973,4155 3062,4155 3152,4161 3242,4155 3331,4155 3421,4149 3510,4149 3600,4149 3689,4149 3779,4149 3868,4161"/>
                <TextEquiv>
                    <Unicode>ganz unverstanden erklären; wenn</Unicode>
                </TextEquiv>
            </TextLine>
            <TextLine id="tr_1_tl_22" custom="readingOrder {index:21;}">
                <Coords points="1611,4396 2489,4381 3103,4477 3231,4398 3402,4494 3830,4401 3836,4172 3497,4248 3318,4164 3161,4245 2472,4210 2304,4314 2141,4236 1912,4306 1617,4262"/>
                <Baseline points="1629,4376 1689,4376 1779,4370 1868,4370 1958,4370 2047,4370 2137,4364 2227,4364 2316,4358 2406,4352 2495,4352 2585,4346 2674,4346 2764,4346 2853,4340 2943,4340 3033,4340 3122,4340 3212,4340 3301,4340 3391,4334 3480,4328 3570,4328 3659,4328 3749,4322 3839,4316"/>
                <TextEquiv>
                    <Unicode>man aber der Sache auf den Grund</Unicode>
                </TextEquiv>
            </TextLine>
        </TextRegion>
        <TextRegion id="tr_2" custom="readingOrder {index:1;}">
            <Coords points="3880,535 6203,535 6203,4326 3880,4326"/>
            <TextLine id="tr_2_tl_1" custom="readingOrder {index:0;}">
                <Coords points="3894,736 4332,629 4717,745 4961,614 5204,678 5972,617 6099,597 6102,495 5294,429 4740,551 3897,519"/>
                <Baseline points="3910,638 3958,632 4048,632 4137,632 4227,626 4316,620 4406,614 4495,614 4585,614 4674,609 4764,614 4854,609 4943,603 5033,603 5122,603 5212,609 5301,609 5391,597 5481,591 5570,591 5660,591 5749,585 5839,585 5928,585 6018,585 6107,591"/>
                <TextEquiv>
                    <Unicode>Zu kommen sucht, so wird man</Unicode>
                </TextEquiv>
            </TextLine>
            <TextLine id="tr_2_tl_2" custom="readingOrder {index:1;}">
                <Coords points="3891,852 4222,797 4587,887 4784,794 5079,898 5444,771 5659,863 6175,777 6177,681 5827,603 4810,753 4271,640 3894,750"/>
                <Baseline points="3910,812 3946,812 4036,800 4125,794 4215,794 4304,788 4394,782 4483,782 4573,782 4663,782 4752,776 4842,776 4931,776 5021,776 5110,770 5200,770 5289,764 5379,764 5469,758 5558,752 5648,752 5737,746 5827,746 5916,746 6006,746 6095,746 6185,746"/>
                <TextEquiv>
                    <Unicode>bald die Unzulänglichkeit desselben</Unicode>
                </TextEquiv>
            </TextLine>
            <TextLine id="tr_2_tl_3" custom="readingOrder {index:2;}">
                <Coords points="3865,1014 4523,962 4842,1049 5262,947 5676,982 5824,1075 6140,947 6146,765 5656,863 5320,791 5079,901 4813,826 4506,907 4311,820 3868,927"/>
                <Baseline points="3880,985 3904,979 3994,973 4083,973 4173,967 4263,967 4352,961 4442,955 4531,955 4621,955 4710,949 4800,949 4889,949 4979,943 5069,943 5158,937 5248,937 5337,937 5427,931 5516,925 5606,925 5695,925 5785,919 5875,919 5964,919 6054,919 6143,925"/>
                <TextEquiv>
                    <Unicode>einsehen, und begrechen, daß "aufge"</Unicode>
                </TextEquiv>
            </TextLine>
            <TextLine id="tr_2_tl_4" custom="readingOrder {index:3;}">
                <Coords points="3868,1252 4120,1147 4879,1260 5311,1124 5650,1110 5815,1191 5925,1110 6131,1139 6134,1011 5233,1049 5091,965 4584,1089 3874,1072"/>
                <Baseline points="3886,1146 3898,1146 3988,1146 4077,1146 4167,1134 4257,1140 4346,1134 4436,1134 4525,1134 4615,1128 4704,1128 4794,1128 4883,1122 4973,1116 5063,1110 5152,1110 5242,1104 5331,1104 5421,1098 5510,1098 5600,1092 5689,1092 5779,1092 5869,1092 5958,1092 6048,1098 6137,1098"/>
                <TextEquiv>
                    <Unicode>schoben in unzäftigen Fällen gleich¬</Unicode>
                </TextEquiv>
            </TextLine>
            <TextLine id="tr_2_tl_5" custom="readingOrder {index:4;}">
                <Coords points="3877,1342 4862,1307 5244,1431 5627,1284 6047,1295 6053,1139 5760,1202 5291,1145 4885,1260 4103,1159 3880,1252"/>
                <Baseline points="3892,1331 3904,1331 3994,1319 4083,1313 4173,1307 4263,1307 4352,1307 4442,1307 4531,1307 4621,1301 4710,1295 4800,1295 4889,1295 4979,1295 5069,1289 5158,1283 5248,1283 5337,1277 5427,1271 5516,1277 5606,1271 5695,1271 5785,1271 5875,1265 5964,1265 6054,1265"/>
                <TextEquiv>
                    <Unicode>bedeutend mit "aufgehoben ist".</Unicode>
                </TextEquiv>
            </TextLine>
            <TextLine id="tr_2_tl_6" custom="readingOrder {index:5;}">
                <Coords points="3868,1518 4100,1605 4225,1504 4816,1469 5042,1524 5641,1455 5789,1521 6076,1484 6082,1310 5815,1272 5311,1423 4989,1342 4477,1440 4146,1321 3871,1417"/>
                <Baseline points="3886,1498 3934,1492 4024,1486 4113,1486 4203,1486 4292,1486 4382,1480 4471,1480 4561,1474 4651,1468 4740,1468 4830,1462 4919,1462 5009,1456 5098,1456 5188,1450 5278,1450 5367,1450 5457,1450 5546,1450 5636,1444 5725,1444 5815,1444 5904,1438 5994,1438 6084,1438"/>
                <TextEquiv>
                    <Unicode>Doch genug mit diesen behauptun¬</Unicode>
                </TextEquiv>
            </TextLine>
            <TextLine id="tr_2_tl_7" custom="readingOrder {index:6;}">
                <Coords points="3891,1750 4138,1654 4494,1712 4850,1652 5146,1744 5337,1652 5876,1652 5943,1481 5795,1539 5595,1457 5476,1536 4821,1466 4387,1605 4219,1507 4100,1605 4030,1539 3897,1570"/>
                <Baseline points="3910,1659 3976,1659 4065,1653 4155,1641 4245,1647 4334,1647 4424,1641 4513,1635 4603,1635 4692,1635 4782,1635 4872,1629 4961,1629 5051,1624 5140,1618 5230,1618 5319,1612 5409,1612 5498,1612 5588,1606 5678,1606 5767,1606 5857,1606 5946,1606"/>
                <TextEquiv>
                    <Unicode>gen. - Facta loquuntur.</Unicode>
                </TextEquiv>
            </TextLine>
            <TextLine id="tr_2_tl_8" custom="readingOrder {index:7;}">
                <Coords points="4103,1936 4117,1936 4187,1869 4225,1880 4251,1907 4280,1909 4280,1710 4219,1710 4158,1759 4126,1747 4103,1750"/>
                <Baseline points="4119,1821 4209,1797 4286,1821"/>
                <TextEquiv>
                    <Unicode>Y</Unicode>
                </TextEquiv>
            </TextLine>
            <TextLine id="tr_2_tl_9" custom="readingOrder {index:8;}">
                <Coords points="3888,2022 4419,2008 4630,2095 4746,1999 5010,1988 5233,2095 5395,1982 5662,2080 5781,1973 6099,1965 6099,1886 5801,1802 5146,1895 3891,1866"/>
                <Baseline points="3904,2000 3958,1994 4048,1994 4137,1994 4227,1994 4316,1994 4406,1994 4495,1994 4585,1994 4674,1988 4764,1988 4854,1988 4943,1982 5033,1976 5122,1976 5212,1970 5301,1970 5391,1970 5481,1964 5570,1964 5660,1958 5749,1958 5839,1952 5928,1952 6018,1946 6107,1952"/>
                <TextEquiv>
                    <Unicode>In der römischen Geschichte scher</Unicode>
                </TextEquiv>
            </TextLine>
            <TextLine id="tr_2_tl_10" custom="readingOrder {index:9;}">
                <Coords points="3888,2240 5963,2196 6105,2173 6108,2034 5801,1970 5662,2083 5450,2008 5314,2115 5114,2025 4656,2115 4335,2020 3891,2135"/>
                <Baseline points="3904,2185 3964,2185 4054,2179 4143,2179 4233,2173 4322,2173 4412,2167 4501,2167 4591,2161 4680,2161 4770,2155 4860,2155 4949,2155 5039,2155 5128,2149 5218,2149 5307,2143 5397,2143 5486,2143 5576,2137 5666,2137 5755,2137 5845,2137 5934,2137 6024,2149 6113,2155"/>
                <TextEquiv>
                    <Unicode>wir den stolzen Vero, der als Kai¬</Unicode>
                </TextEquiv>
            </TextLine>
            <TextLine id="tr_2_tl_11" custom="readingOrder {index:10;}">
                <Coords points="3909,2405 4158,2361 4349,2466 4532,2361 4934,2338 5204,2454 5647,2301 6056,2353 6062,2228 5581,2159 4934,2292 4746,2202 4540,2289 4424,2196 4120,2275 3915,2234"/>
                <Baseline points="3928,2352 4006,2346 4095,2346 4185,2346 4274,2346 4364,2346 4454,2346 4543,2334 4633,2334 4722,2328 4812,2328 4901,2328 4991,2328 5080,2322 5170,2322 5260,2310 5349,2310 5439,2304 5528,2298 5618,2292 5707,2298 5797,2292 5887,2286 5976,2280 6066,2292"/>
                <TextEquiv>
                    <Unicode>ser die größten und schändlichsten</Unicode>
                </TextEquiv>
            </TextLine>
            <TextLine id="tr_2_tl_12" custom="readingOrder {index:11;}">
                <Coords points="3880,2637 4109,2527 4364,2640 4511,2541 4929,2503 5818,2547 6018,2492 6021,2356 5598,2443 5410,2338 5201,2454 4555,2379 4346,2466 4135,2359 3886,2425"/>
                <Baseline points="3898,2525 3964,2519 4054,2513 4143,2513 4233,2513 4322,2513 4412,2507 4501,2507 4591,2507 4680,2501 4770,2501 4860,2495 4949,2495 5039,2489 5128,2489 5218,2489 5307,2483 5397,2483 5486,2483 5576,2477 5666,2471 5755,2471 5845,2465 5934,2459 6024,2465"/>
                <TextEquiv>
                    <Unicode>Geäulthaten verübt. Julius</Unicode>
                </TextEquiv>
            </TextLine>
            <TextLine id="tr_2_tl_13" custom="readingOrder {index:12;}">
                <Coords points="3871,2724 4720,2677 4894,2793 4998,2721 5117,2790 5531,2669 5659,2770 5908,2645 6195,2683 6198,2532 5363,2527 4891,2625 4587,2550 4361,2651 4155,2527 3874,2614"/>
                <Baseline points="3886,2692 3964,2686 4054,2680 4143,2680 4233,2680 4322,2680 4412,2680 4501,2674 4591,2674 4680,2668 4770,2662 4860,2662 4949,2656 5039,2656 5128,2650 5218,2644 5307,2644 5397,2644 5486,2639 5576,2639 5666,2639 5755,2639 5845,2633 5934,2633 6024,2627 6113,2621 6203,2627"/>
                <TextEquiv>
                    <Unicode>Viedex, der kriegerische Statthalter</Unicode>
                </TextEquiv>
            </TextLine>
            <TextLine id="tr_2_tl_14" custom="readingOrder {index:13;}">
                <Coords points="3941,2984 4317,2863 4529,2970 4688,2860 5601,2880 5986,2828 5989,2756 5807,2700 5644,2770 5526,2669 5305,2686 5158,2790 4737,2715 4430,2776 4335,2715 3946,2805"/>
                <Baseline points="3958,2889 4024,2871 4113,2865 4203,2859 4292,2853 4382,2853 4471,2853 4561,2847 4651,2842 4740,2842 4830,2836 4919,2836 5009,2830 5098,2830 5188,2824 5278,2818 5367,2812 5457,2812 5546,2812 5636,2818 5725,2812 5815,2806 5904,2800 5994,2794"/>
                <TextEquiv>
                    <Unicode>Galliens, forderte Galba, den</Unicode>
                </TextEquiv>
            </TextLine>
            <TextLine id="tr_2_tl_15" custom="readingOrder {index:14;}">
                <Coords points="3943,3054 4816,3028 5007,3152 5169,3039 5549,3011 5847,3152 6079,3037 6085,2886 5723,2860 5421,2955 5236,2840 5108,2912 5016,2848 4824,2958 4671,2906 4549,2976 4439,2880 4213,2871 3943,2990"/>
                <Baseline points="3958,3045 4030,3039 4119,3039 4209,3033 4298,3033 4388,3027 4477,3027 4567,3027 4657,3027 4746,3021 4836,3021 4925,3021 5015,3015 5104,3009 5194,3003 5283,3003 5373,2997 5463,3003 5552,2997 5642,2997 5731,3003 5821,2991 5910,2991 6000,2985 6090,2979"/>
                <TextEquiv>
                    <Unicode>Feldherrn in Hispanien auf, sich</Unicode>
                </TextEquiv>
            </TextLine>
            <TextLine id="tr_2_tl_16" custom="readingOrder {index:15;}">
                <Coords points="3909,3332 4233,3341 4430,3228 4787,3306 5265,3190 5456,3326 5583,3219 6186,3184 6189,3054 6018,3034 5856,3141 5430,3011 4989,3155 4291,3051 3915,3135"/>
                <Baseline points="3928,3236 3952,3230 4042,3218 4131,3212 4221,3212 4310,3206 4400,3200 4489,3200 4579,3200 4669,3200 4758,3194 4848,3194 4937,3188 5027,3188 5116,3182 5206,3176 5295,3176 5385,3170 5475,3170 5564,3170 5654,3170 5743,3164 5833,3164 5922,3158 6012,3152 6101,3146 6191,3158"/>
                <TextEquiv>
                    <Unicode>des Thiones zu bemächtigen. Als</Unicode>
                </TextEquiv>
            </TextLine>
            <TextLine id="tr_2_tl_17" custom="readingOrder {index:16;}">
                <Coords points="3909,3422 5433,3352 5662,3361 5786,3471 5922,3373 6134,3370 6140,3248 5754,3208 5459,3323 4955,3323 4430,3231 4230,3344 3912,3355"/>
                <Baseline points="3928,3403 3994,3397 4083,3391 4173,3385 4263,3385 4352,3379 4442,3379 4531,3379 4621,3373 4710,3367 4800,3367 4889,3361 4979,3361 5069,3361 5158,3355 5248,3349 5337,3349 5427,3349 5516,3343 5606,3343 5695,3337 5785,3337 5875,3331 5964,3331 6054,3331 6143,3331"/>
                <TextEquiv>
                    <Unicode>man Nro davon benachrichtigte,</Unicode>
                </TextEquiv>
            </TextLine>
            <TextLine id="tr_2_tl_18" custom="readingOrder {index:17;}">
                <Coords points="3891,3590 5221,3544 5656,3633 5812,3532 6189,3558 6192,3419 6015,3474 5902,3393 5786,3468 5668,3358 5421,3350 5155,3445 4735,3390 4393,3489 4120,3416 3894,3477"/>
                <Baseline points="3910,3570 3958,3576 4048,3570 4137,3564 4227,3564 4316,3558 4406,3558 4495,3558 4585,3552 4674,3546 4764,3546 4854,3534 4943,3540 5033,3534 5122,3534 5212,3528 5301,3528 5391,3522 5481,3522 5570,3516 5660,3516 5749,3516 5839,3516 5928,3516 6018,3516 6107,3516 6197,3516"/>
                <TextEquiv>
                    <Unicode>war er anfangs nicht bestürzt, und</Unicode>
                </TextEquiv>
            </TextLine>
            <TextLine id="tr_2_tl_19" custom="readingOrder {index:18;}">
                <Coords points="3909,3848 5253,3715 5598,3825 5688,3746 6117,3752 6160,3657 5809,3529 5656,3636 5273,3680 4761,3555 3915,3665"/>
                <Baseline points="3928,3767 4018,3755 4107,3755 4197,3749 4286,3749 4376,3743 4466,3743 4555,3737 4645,3731 4734,3731 4824,3725 4913,3719 5003,3719 5092,3719 5182,3713 5272,3713 5361,3707 5451,3707 5540,3701 5630,3707 5719,3701 5809,3701 5898,3701 5988,3695 6078,3695 6167,3695"/>
                <TextEquiv>
                    <Unicode>ließ sich dadurch nicht in seinen</Unicode>
                </TextEquiv>
            </TextLine>
            <TextLine id="tr_2_tl_20" custom="readingOrder {index:19;}">
                <Coords points="3903,4045 4141,3955 4845,3923 5108,4036 5589,3900 5870,4013 6067,3970 6073,3767 5943,3732 5778,3842 5395,3764 4992,3854 4396,3764 3906,3917"/>
                <Baseline points="3922,3946 3928,3946 4018,3940 4107,3934 4197,3928 4286,3928 4376,3928 4466,3922 4555,3922 4645,3916 4734,3916 4824,3910 4913,3910 5003,3910 5092,3904 5182,3898 5272,3898 5361,3892 5451,3892 5540,3886 5630,3886 5719,3880 5809,3880 5898,3880 5988,3868 6078,3874"/>
                <TextEquiv>
                    <Unicode>Grausamkeiter behindern. Er</Unicode>
                </TextEquiv>
            </TextLine>
            <TextLine id="tr_2_tl_21" custom="readingOrder {index:20;}">
                <Coords points="3926,4230 4323,4152 4781,4256 5050,4109 5233,4164 5479,4080 6030,4100 6033,3996 5789,4033 5624,3900 5094,4045 4952,3972 4401,4013 4314,3946 3932,4077"/>
                <Baseline points="3946,4149 3976,4143 4065,4131 4155,4125 4245,4113 4334,4113 4424,4119 4513,4113 4603,4113 4692,4107 4782,4107 4872,4101 4961,4101 5051,4095 5140,4095 5230,4089 5319,4083 5409,4077 5498,4071 5588,4071 5678,4065 5767,4071 5857,4065 5946,4065 6036,4065"/>
                <TextEquiv>
                    <Unicode>schob es auf, gegen die Emporer</Unicode>
                </TextEquiv>
            </TextLine>
            <TextLine id="tr_2_tl_22" custom="readingOrder {index:21;}">
                <Coords points="3909,4393 5262,4291 5841,4459 5975,4346 6085,4361 6091,4158 5882,4103 5688,4181 5583,4103 5357,4190 5053,4112 4778,4259 4314,4149 3915,4230"/>
                <Baseline points="3928,4316 3946,4310 4036,4304 4125,4292 4215,4292 4304,4292 4394,4292 4483,4286 4573,4286 4663,4286 4752,4280 4842,4274 4931,4274 5021,4274 5110,4268 5200,4268 5289,4263 5379,4257 5469,4257 5558,4251 5648,4251 5737,4251 5827,4251 5916,4245 6006,4245 6095,4245"/>
                <TextEquiv>
                    <Unicode>anzuschreiten. Aber als endlich</Unicode>
                </TextEquiv>
            </TextLine>
        </TextRegion>
    </Page>
</PcGts>
