7256 5016
1000 583 3444 936 Das Interesse, das wir an tragischen
1018 785 3534 1083 Conflecten nehmen, beruht aber nicht allein
979 961 3523 1249 auf wenn wir sie auf des Bühne dar,
1033 1123 3444 1447 gestellt sehen, beruht aber nicht allein
1889 1314 2159 1457 G.H.
1047 1292 3523 1616 auf Am Mi xxx das wir der leidende
1004 1468 3440 1774 Person entgegenbringen, und auf der
1026 1609 3530 1911 Kunst, die wir für uns selbst sind empfin¬
957 1832 3527 2109 den; für uns selbst, die es tritt auch ein
950 1976 3505 2278 äßhetisches Wohlgefallen hinzu, welches
1036 2134 3527 2411 das Intresse um ein bedeutende erhöht.
1011 2325 3548 2523 Nicht allein die Personen interessiren uns,
982 2472 3520 2767 und die Kämpfe und Mühsalen, in denen
964 2641 3523 2919 wir sie erblicken, nem. auch die Artund
997 2839 3545 3120 Weise, wie sich sich diese Personen sprechen,
1047 2976 3577 3296 welche Gedanken ihren Geist bewegen,
1090 3160 3491 3466 wie sich für sich gegenüber denen, mit
1065 3336 3512 3599 denen sie in freundschaftlichem und wir
1065 3523 3545 3793 sich sich feindlichem Verhältnis stehen,
1080 3656 3577 3948 benehmen, wie ihr Charakter Er erscheint,
1054 3854 3404 4139 wenn er noch nicht im Widerstreite zweier
1018 3987 3592 4315 mächtigen Gefühle schwankt (was na Oefan
1080 4175 3566 4498 der Exposition von dem Dichter klar gemacht
1098 4351 3602 4671 wird, u. Ew. - und noch manches andre.
3696 500 6359 885 Hier könnte wohl der Eimauf erhoben werden,
3624 749 6381 1044 daß diese Dinge, im engsten Sinn genommen,
3628 903 6409 1213 nicht zum eigentlichen Wesen des tragischen
3660 1108 6042 1360 Confliches gehören - aber ich erwidre
3624 1263 6312 1486 darauf. Wie mancher tragische Conflict
3624 1400 6377 1699 lässt uns kalt, wenn wir nicht zugleich durch
3628 1562 6161 1868 eine schöne Sprache, kühne Gedanken,
3653 1731 6215 2044 lebensvolle Episoden interessirt wei¬
3649 1911 6546 2228 Der Möchte man Antigone nicht schon durch auf
3649 2112 5161 2400 des erhabenes Wort hin!
3678 2220 6049 2548 Nicht nützuhassen, mitzulieben bin ich da
3656 2386 6186 2699 liebgewinnen und hochverehren lernen?
3660 2591 6273 2843 Wurde uns, um ein Beispiel aus
3674 2721 6287 3034 einem deutschen Classiker anzuführen,
3678 2886 6298 3206 des Conflict, in welchem sich Don Carlos
3660 3077 6165 3336 befündet, so sehr interessiren, wenn
3682 3242 6111 3574 nicht Marquis Posa dabei stünde.
3664 3397 6305 3728 mit seinen erhabenen Ideen, seiner
3692 3570 6280 3905 großartigen Hoffnungen? ergreifend
3692 3739 6204 4041 schönen Menschenliebe? Würde u wir
3692 3933 6341 4257 von Göthes Götz so ergriffen und begeistert
3696 4056 6489 4376 sein, wenn wir nicht so inniges Gefallen
3685 4225 6168 4617 an den prächtigen Episodenfiguren
