6977 5189
881 668 2049 1021 ist zu viel geschehe!
821 829 3270 1097 Freue dich, Vaterland! Sie ist vorüber, diese
3754 833 5415 1233 Disposition und
805 1045 3298 1365 entsetzliche Zeit, wo die Willkür herrschte,
809 1189 3282 1549 und der Despotismus befahl - sie wird
3902 1189 5684 1609 Gedankengang
821 1433 3314 1685 nie wiederkehren in den Grauen, wo die
4395 1529 5011 1765 zur Siedigt
776 1589 3290 1877 deutsche Sprache ertönt. Frei ist das Bür¬
3626 1669 5736 1933 des Bruders Berthold von Regensburg.
772 1805 3326 2129 gertum, und sei wird es bleiben, solang
3866 1853 5728 2165 Sælic sint die reines herzens sint,
2522 1973 2682 2105 es
869 1989 1213 2125 selber
12 1981 3222 2305 (das Bürgerläne) es die Freiheit liebt. Und sie wird sie
3918 2045 5439 2337 die werdent got sehende.
44 2185 3254 2562 die Freiseit lieben bis zu den Feresten, allesfernsten
821 2402 1401 2710 tagen..
3638 2582 5916 2810 Einleitung. 8 Tugenden sind es, die denen, welche
3666 2822 5832 3014 ausüben, die Seligkeit des Himmels gewähren. Doch
3614 2970 5936 3214 Er einmal in zehn Sedigten brachte mansfertig über
3630 3138 6028 3426 te acht zu reden. Der Sprecher wählt deshalb nur eine dieser
4367 3310 5215 3606 Thema. u. zw.
3618 3354 4255 3582 Eigenden zum
1369 3222 1753 3630 1e
3734 3502 5876 3742 Selig sind, die reinen Herzens sind; denn sie wer¬
4115 3686 5271 3942 den Gott sehen.
3490 3830 5924 4143 A. die Wone, die im Anblick Gottes besteht, wird geschil¬
2013 3790 2558 4159 abé
3490 4019 5151 4315 dert. Zur Bekräftigung Gleichniße.
3602 4235 5872 4491 Wenn eine Mutter ihr Kind drei Tage unverwandt an¬
3610 4399 5896 4687 sollte, es wäre ihr unmöglich; ein Mensch aber, der
