7512 4680
1318 355 3528 729 dam zufolge haben wir hier ein allge¬
1282 573 3597 921 mein bejahendes kategorisches Urtheil
1439 1022 3411 1465 Der Fortschritt der:
456 1230 1077 1494 Erklärung.
368 1413 1146 1686 des Satzes:
1322 1458 3281 1794 Wissenschaft besteht darin
1237 1696 3584 2057 spethetische Urtheile in analogtischeuungu¬
2132 1904 2777 2135 wandeln:
1230 2265 3594 2588 Die Aufgabe der Wissenschaft ist es, Gesetze
1214 2438 3694 2763 richtig ausinander zu reisen. Ein Gesetz wird
1240 2643 3509 2959 aus dem Individuellen als allgemein
1204 2842 3629 3141 giltig abgelärtet; u. da allgemein im vollen
1247 3027 3672 3294 Sie des Wortes nur inne Markmale genannt
1204 3200 3506 3519 werden können, so wird ein Gesetzum so
1113 3362 3613 3730 Gräquatiter u. genauer sein, je mehr die in
1116 3580 3642 3883 in ihm noch vorhandenen äußere Merkmale
1068 3766 3688 4111 durch ihre Wesentlichkeit eine gleiche (oder größere)
1081 3948 3701 4212 Bedeutung gewin an als die innere, u. dadurch
1110 4140 3584 4489 endlich als für dem betreffenden Begriff analytisch
3747 319 6321 618 erscheinen. Da nun die einzelnen Gefatze
3766 492 6279 837 durch ihre größre Genauigkeit die betreffend
3707 713 6217 1012 Wissenschaft selbst zu einer genaueren und
3740 921 6116 1195 umfassenden gestalten, Gesetze aber
3720 1077 6100 1419 nichts andres sind als allgemein bejahende ka¬
3707 1328 6028 1572 tegarische Urtheile, so hat der oben
3743 1478 6074 1807 ausgesprochene Sotz seine Richtigkeit
4866 1712 5156 1920 §32.
3873 2031 6217 2337 Da ein synthetisch - kategorisches Urtheil
3880 2220 6061 2526 ein solches ist, dessen Prädicat ein
3857 2428 6152 2718 Beziehungsmerkmal ist, in einem
3899 2594 6077 2926 hypothetischen Urtheil aber eine Be¬
3860 2770 6158 3131 ziehung, u. zw. die der Causalitat
3880 3017 5976 3222 an Sgedrückt ist, so kann jedes
4739 3144 5215 3301 hypothek
3831 3167 5996 3437 synthetisch kategorische Urtheil in
4274 3330 5234 3538 synthat. Kofegord
3831 3349 5999 3639 u. hypothek. Verwandelt werden
4775 3532 5208 3698 die Welt
3903 3558 6018 3805 Gott lenkt. - Wenn Gott ist,
3789 3704 5394 4023 lenkt er die Welt.
