7624 4936
1239 593 3730 930 übermutig wird der Mensch auf seine Macht, er dünkt
1248 816 3677 1134 sich selbstständig genug, um keinen Herrscher
1332 967 3572 1285 zu brauchen; sein Gedanke, sein Stuf
1270 1122 3547 1446 wird „Freiheit, Freiheit“. Selbst
1279 1319 3581 1653 die leichtesten Fesseln will er von sich
1289 1458 3603 1848 werfen - jetzt ist die Zeit für
1357 1656 3699 1990 Lüge und Belrug gekommen, die Zeit, wo
1319 1817 3720 2185 Einfachheit, Wahrheit seorschte, ist vorüber¬
1323 2002 3717 2336 wilder Aufruhr ansteht, und die Stadt
1273 2203 3705 2469 selbst geht unter in diesen Wirren
1301 2413 2438 2639 und kämpfen.
1378 2521 3739 2898 Und plötzlich findet sich der Dichter
1307 2732 3757 2994 in einer wilden, großartigen Gegend¬
1424 2886 3693 3211 ganz allein fern von dem Gewühl
1357 3062 3745 3387 der Radt steht er da und sieht, daß
1381 3217 3816 3547 ihm ein böser Traum jene Bilder vor
1350 3405 3662 3761 Aug u gezaubert, um die freie
1381 3597 3782 3937 Kolur ists, die ihn in diesem Augen¬
1372 3770 3776 4076 blick umgibt, die sich nie verändert
1357 3927 3767 4227 wenn auch alles in ewigem Wechsel
1378 4134 3807 4453 ensteht und vergeht; ewig ists derselbe Himmel
1696 4280 3801 4604 und die Sonn Homers, siehe! Sie lärselt auch
448 4375 1483 4678 der sich über uns wohlb
3371 4443 3714 4613 nes.
776 4530 1486 4796 recht bey
