<?xml version="1.0" encoding="UTF-8" standalone="yes"?>
<PcGts xmlns="http://schema.primaresearch.org/PAGE/gts/pagecontent/2013-07-15" xmlns:xsi="http://www.w3.org/2001/XMLSchema-instance" xsi:schemaLocation="http://schema.primaresearch.org/PAGE/gts/pagecontent/2013-07-15 http://schema.primaresearch.org/PAGE/gts/pagecontent/2013-07-15/pagecontent.xsd">
    <Metadata>
        <Creator>prov=READ-COOP:name=TrHtr:version=2.1.0:model_id=51170:date=28_07_2023_05:40</Creator>
        <Created>2023-05-10T11:14:52.127+02:00</Created>
        <LastChange>2023-07-28T05:40:59.740+02:00</LastChange>
        <TranskribusMetadata docId="1428137" pageId="55384749" pageNr="29" tsid="131319882" status="IN_PROGRESS" userId="64420" imgUrl="https://files.transkribus.eu/Get?id=XDOLIKHQTOUEYZULROPLRMBN&amp;fileType=view" xmlUrl="https://files.transkribus.eu/Get?id=MCKGUTSUXVTDAQIXNCJDYBTV" imageId="44659648"/>
    </Metadata>
    <Page imageFilename="1428137_0029.jpg" imageWidth="7512" imageHeight="4696">
        <ReadingOrder>
            <OrderedGroup id="ro_1711824000314" caption="Regions reading order">
                <RegionRefIndexed index="0" regionRef="tr_2"/>
                <RegionRefIndexed index="1" regionRef="tr_1"/>
            </OrderedGroup>
        </ReadingOrder>
        <TextRegion id="tr_2" custom="readingOrder {index:0;}">
            <Coords points="1248,595 3692,595 3692,4359 1248,4359"/>
            <TextLine id="tr_2_tl_1" custom="readingOrder {index:0;}">
                <Coords points="1239,820 2149,710 3187,767 3538,673 3542,549 2467,639 2250,569 1245,582"/>
                <Baseline points="1260,722 1308,722 1398,728 1487,722 1577,722 1666,722 1756,716 1846,710 1935,710 2025,704 2114,699 2204,699 2294,699 2383,693 2473,693 2563,687 2652,687 2742,681 2831,675 2921,675 3011,669 3100,669 3190,663 3280,663 3369,657 3459,657 3548,645"/>
                <TextEquiv>
                    <Unicode>Wenn dies aber noch geschehe, so</Unicode>
                </TextEquiv>
            </TextLine>
            <TextLine id="tr_2_tl_2" custom="readingOrder {index:1;}">
                <Coords points="1225,984 2467,907 2999,991 3505,854 3512,676 3204,777 2119,730 1821,813 1630,730 1232,820"/>
                <Baseline points="1248,902 1272,902 1362,902 1451,902 1541,896 1631,896 1720,890 1810,890 1899,884 1989,884 2079,878 2168,872 2258,866 2348,866 2437,860 2527,860 2616,860 2706,854 2796,854 2885,848 2975,842 3064,836 3154,830 3244,830 3333,830 3423,830 3513,830"/>
                <TextEquiv>
                    <Unicode>müße er noch hundert Jahre</Unicode>
                </TextEquiv>
            </TextLine>
            <TextLine id="tr_2_tl_3" custom="readingOrder {index:2;}">
                <Coords points="1249,1105 1516,1068 1650,1168 1781,1095 2196,1165 2360,1041 2638,1058 2641,934 2410,907 2347,961 2266,931 1948,1018 1684,934 1560,988 1252,971"/>
                <Baseline points="1266,1063 1302,1069 1392,1069 1481,1063 1571,1057 1660,1051 1750,1051 1840,1051 1929,1051 2019,1045 2109,1039 2198,1033 2288,1033 2377,1033 2467,1021 2557,1021 2646,1021"/>
                <TextEquiv>
                    <Unicode>verborgen schlafen.</Unicode>
                </TextEquiv>
            </TextLine>
            <TextLine id="tr_2_tl_4" custom="readingOrder {index:3;}">
                <Coords points="1249,1269 2507,1215 2752,1282 2963,1198 3147,1272 3495,1185 3501,1028 2216,1162 1255,1108"/>
                <Baseline points="1266,1236 1356,1230 1445,1224 1535,1224 1625,1224 1714,1218 1804,1218 1893,1212 1983,1212 2073,1206 2162,1206 2252,1200 2342,1200 2431,1194 2521,1188 2610,1182 2700,1182 2790,1182 2879,1182 2969,1182 3058,1176 3148,1171 3238,1165 3327,1159 3417,1159 3507,1153"/>
                <TextEquiv>
                    <Unicode>Aber wer erinnert sich nicht</Unicode>
                </TextEquiv>
            </TextLine>
            <TextLine id="tr_2_tl_5" custom="readingOrder {index:4;}">
                <Coords points="1235,1416 2233,1383 2417,1470 2671,1372 2939,1426 3582,1352 3582,1272 3301,1232 2932,1322 2661,1215 2367,1326 1239,1289"/>
                <Baseline points="1254,1409 1260,1409 1350,1404 1439,1404 1529,1404 1619,1398 1708,1392 1798,1392 1887,1386 1977,1386 2067,1380 2156,1380 2246,1380 2336,1374 2425,1368 2515,1362 2604,1362 2694,1362 2784,1362 2873,1356 2963,1350 3052,1350 3142,1350 3232,1338 3321,1332 3411,1332 3501,1332 3590,1332"/>
                <TextEquiv>
                    <Unicode>an die vielen Sagen, zu denen</Unicode>
                </TextEquiv>
            </TextLine>
            <TextLine id="tr_2_tl_6" custom="readingOrder {index:5;}">
                <Coords points="1225,1637 1670,1677 2333,1550 2537,1634 2745,1547 2973,1640 3304,1520 3568,1537 3575,1352 2075,1513 1232,1433"/>
                <Baseline points="1248,1577 1338,1577 1427,1577 1517,1571 1607,1571 1696,1571 1786,1571 1876,1565 1965,1559 2055,1559 2144,1553 2234,1553 2324,1547 2413,1541 2503,1535 2592,1535 2682,1535 2772,1535 2861,1535 2951,1529 3041,1523 3130,1523 3220,1517 3309,1511 3399,1511 3489,1511 3578,1499"/>
                <TextEquiv>
                    <Unicode>Karl’s glorreiche Regierung Veran¬</Unicode>
                </TextEquiv>
            </TextLine>
            <TextLine id="tr_2_tl_7" custom="readingOrder {index:6;}">
                <Coords points="1262,1814 1811,1727 2089,1824 2417,1711 3542,1741 3548,1567 2862,1647 1972,1597 1664,1677 1269,1624"/>
                <Baseline points="1284,1738 1314,1738 1404,1738 1493,1732 1583,1732 1672,1726 1762,1720 1852,1726 1941,1726 2031,1720 2120,1714 2210,1714 2300,1714 2389,1708 2479,1702 2569,1702 2658,1702 2748,1702 2837,1696 2927,1690 3017,1684 3106,1684 3196,1672 3286,1672 3375,1672 3465,1672 3554,1672"/>
                <TextEquiv>
                    <Unicode>lassung gab, z. B. die vom „eisernen</Unicode>
                </TextEquiv>
            </TextLine>
            <TextLine id="tr_2_tl_8" custom="readingOrder {index:7;}">
                <Coords points="1239,1968 3461,1885 3542,1868 3548,1717 2286,1844 1660,1737 1242,1851"/>
                <Baseline points="1260,1893 1314,1893 1404,1899 1493,1905 1583,1905 1672,1899 1762,1893 1852,1893 1941,1893 2031,1893 2120,1887 2210,1887 2300,1881 2389,1881 2479,1881 2569,1876 2658,1870 2748,1870 2837,1870 2927,1870 3017,1864 3106,1858 3196,1852 3286,1846 3375,1846 3465,1834 3554,1834"/>
                <TextEquiv>
                    <Unicode>Karl“ dann an die von Ro¬</Unicode>
                </TextEquiv>
            </TextLine>
            <TextLine id="tr_2_tl_9" custom="readingOrder {index:8;}">
                <Coords points="1239,2116 2886,2109 3117,2035 3418,2106 3424,1918 3113,1992 2286,1895 1875,2032 1744,1942 1245,1965"/>
                <Baseline points="1260,2079 1278,2079 1368,2085 1457,2085 1547,2079 1637,2079 1726,2073 1816,2073 1905,2073 1995,2073 2085,2061 2174,2055 2264,2055 2353,2055 2443,2049 2533,2049 2622,2049 2712,2043 2802,2043 2891,2043 2981,2037 3070,2031 3160,2031 3250,2025 3339,2025 3429,2007"/>
                <TextEquiv>
                    <Unicode>land, den Urland in einem</Unicode>
                </TextEquiv>
            </TextLine>
            <TextLine id="tr_2_tl_10" custom="readingOrder {index:9;}">
                <Coords points="1239,2323 1443,2380 1600,2266 1901,2256 2360,2367 3026,2216 3498,2283 3542,2129 1245,2152"/>
                <Baseline points="1260,2252 1308,2252 1398,2252 1487,2252 1577,2252 1666,2246 1756,2246 1846,2246 1935,2246 2025,2240 2114,2240 2204,2234 2294,2228 2383,2228 2473,2222 2563,2222 2652,2216 2742,2216 2831,2216 2921,2210 3011,2210 3100,2204 3190,2204 3280,2204 3369,2198 3459,2204 3548,2204"/>
                <TextEquiv>
                    <Unicode>prachtvollen Gedichte so meisteri¬</Unicode>
                </TextEquiv>
            </TextLine>
            <TextLine id="tr_2_tl_11" custom="readingOrder {index:10;}">
                <Coords points="1249,2534 1496,2440 1577,2497 1717,2467 1885,2524 1948,2477 2323,2440 2327,2357 2213,2373 2109,2327 1998,2357 1858,2303 1640,2340 1590,2293 1446,2387 1255,2353"/>
                <Baseline points="1272,2425 1350,2431 1439,2425 1529,2425 1619,2419 1708,2419 1798,2419 1887,2413 1977,2413 2067,2407 2156,2401 2246,2401 2336,2395"/>
                <TextEquiv>
                    <Unicode>haft besungen.</Unicode>
                </TextEquiv>
            </TextLine>
            <TextLine id="tr_2_tl_12" custom="readingOrder {index:11;}">
                <Coords points="1279,2661 2474,2574 2621,2698 2829,2568 3324,2551 3582,2631 3642,2447 3498,2377 3019,2517 2859,2434 2229,2544 1285,2504"/>
                <Baseline points="1302,2592 1320,2586 1409,2592 1499,2592 1589,2592 1678,2592 1768,2586 1858,2586 1947,2586 2037,2581 2126,2581 2216,2581 2306,2575 2395,2575 2485,2575 2575,2569 2664,2563 2754,2563 2843,2557 2933,2557 3023,2551 3112,2545 3202,2545 3291,2539 3381,2539 3471,2545 3560,2545 3650,2551"/>
                <TextEquiv>
                    <Unicode>Wer gedenkt nicht des Schwe¬</Unicode>
                </TextEquiv>
            </TextLine>
            <TextLine id="tr_2_tl_13" custom="readingOrder {index:12;}">
                <Coords points="1279,2809 1654,2785 1871,2865 2055,2778 2648,2822 2799,2748 3237,2839 3528,2782 3532,2614 3324,2551 2604,2705 2457,2621 2353,2691 1282,2661"/>
                <Baseline points="1296,2784 1386,2784 1475,2778 1565,2778 1654,2778 1744,2772 1834,2772 1923,2766 2013,2766 2103,2760 2192,2754 2282,2754 2371,2748 2461,2748 2551,2748 2640,2748 2730,2742 2819,2742 2909,2736 2999,2736 3088,2730 3178,2730 3268,2724 3357,2724 3447,2724 3536,2718"/>
                <TextEquiv>
                    <Unicode>tes, das Boland, in der Absicht,</Unicode>
                </TextEquiv>
            </TextLine>
            <TextLine id="tr_2_tl_14" custom="readingOrder {index:13;}">
                <Coords points="1249,2979 1858,3040 2303,2942 2792,3026 3220,2922 3619,2949 3652,2859 3207,2876 3019,2782 2782,2862 1252,2876"/>
                <Baseline points="1272,2963 1326,2963 1415,2963 1505,2957 1595,2951 1684,2945 1774,2939 1864,2939 1953,2939 2043,2939 2132,2939 2222,2933 2312,2927 2401,2921 2491,2915 2581,2909 2670,2909 2760,2909 2849,2909 2939,2909 3029,2909 3118,2909 3208,2909 3297,2909 3387,2909 3477,2909 3566,2915 3656,2921"/>
                <TextEquiv>
                    <Unicode>es zu zerschmettern gegen einen</Unicode>
                </TextEquiv>
            </TextLine>
            <TextLine id="tr_2_tl_15" custom="readingOrder {index:14;}">
                <Coords points="1319,3163 1908,3220 2370,3140 2474,3217 2671,3137 2926,3204 3237,3096 3575,3130 3662,3093 3669,2929 3424,3019 1975,3003 1654,3086 1322,3016"/>
                <Baseline points="1338,3124 1344,3118 1433,3124 1523,3130 1613,3130 1702,3124 1792,3118 1881,3118 1971,3112 2061,3118 2150,3112 2240,3112 2330,3106 2419,3100 2509,3094 2598,3094 2688,3094 2778,3100 2867,3094 2957,3100 3047,3094 3136,3088 3226,3088 3315,3088 3405,3088 3495,3082 3584,3082 3674,3076"/>
                <TextEquiv>
                    <Unicode>Marmorstein schwang; weil</Unicode>
                </TextEquiv>
            </TextLine>
            <TextLine id="tr_2_tl_16" custom="readingOrder {index:15;}">
                <Coords points="1255,3361 1603,3317 1814,3404 2065,3307 2313,3394 2839,3291 3337,3368 3605,3311 3609,3153 2936,3234 2544,3170 2306,3247 1650,3150 1259,3260"/>
                <Baseline points="1278,3321 1284,3315 1374,3321 1463,3321 1553,3315 1643,3309 1732,3303 1822,3303 1911,3297 2001,3297 2091,3291 2180,3291 2270,3291 2359,3291 2449,3286 2539,3286 2628,3280 2718,3280 2808,3280 2897,3274 2987,3280 3076,3274 3166,3268 3256,3268 3345,3262 3435,3262 3524,3256 3614,3256"/>
                <TextEquiv>
                    <Unicode>er dasselbe nicht den verfol¬</Unicode>
                </TextEquiv>
            </TextLine>
            <TextLine id="tr_2_tl_17" custom="readingOrder {index:16;}">
                <Coords points="1269,3609 1721,3498 2253,3471 2457,3558 2912,3461 3210,3491 3468,3455 3471,3384 3234,3321 2457,3424 2059,3341 1818,3408 1279,3364"/>
                <Baseline points="1290,3501 1326,3495 1415,3501 1505,3495 1595,3489 1684,3489 1774,3483 1864,3483 1953,3477 2043,3471 2132,3471 2222,3465 2312,3459 2401,3459 2491,3459 2581,3453 2670,3453 2760,3453 2849,3447 2939,3447 3029,3447 3118,3447 3208,3441 3297,3441 3387,3435 3477,3435"/>
                <TextEquiv>
                    <Unicode>genden Mauren preis geben</Unicode>
                </TextEquiv>
            </TextLine>
            <TextLine id="tr_2_tl_18" custom="readingOrder {index:17;}">
                <Coords points="1326,3676 2507,3635 2708,3699 3040,3629 3287,3726 3435,3639 3629,3676 3686,3525 3498,3445 3110,3522 2932,3455 2434,3568 2239,3471 2052,3592 1831,3495 1326,3605"/>
                <Baseline points="1344,3656 1362,3650 1451,3656 1541,3656 1631,3656 1720,3650 1810,3644 1899,3644 1989,3638 2079,3632 2168,3626 2258,3626 2348,3626 2437,3620 2527,3626 2616,3620 2706,3620 2796,3620 2885,3614 2975,3614 3064,3614 3154,3614 3244,3614 3333,3614 3423,3608 3513,3608 3602,3614 3692,3620"/>
                <TextEquiv>
                    <Unicode>wollte. Aber nicht das schwere</Unicode>
                </TextEquiv>
            </TextLine>
            <TextLine id="tr_2_tl_19" custom="readingOrder {index:18;}">
                <Coords points="1342,3933 1553,3846 1650,3910 2711,3816 3247,3886 3622,3819 3625,3669 3076,3753 2621,3655 2454,3766 2189,3682 1985,3753 1346,3732"/>
                <Baseline points="1362,3835 1392,3835 1481,3841 1571,3841 1660,3835 1750,3829 1840,3829 1929,3823 2019,3817 2109,3817 2198,3811 2288,3811 2377,3805 2467,3805 2557,3805 2646,3799 2736,3799 2825,3793 2915,3799 3005,3799 3094,3793 3184,3787 3274,3781 3363,3781 3453,3781 3542,3775 3632,3775"/>
                <TextEquiv>
                    <Unicode>sondern der Marmor soll</Unicode>
                </TextEquiv>
            </TextLine>
            <TextLine id="tr_2_tl_20" custom="readingOrder {index:19;}">
                <Coords points="1306,4117 1426,4091 1537,4138 1704,4020 1942,3997 2651,4024 2658,3883 2504,3913 2363,3836 2273,3903 1948,3933 1865,3880 1687,3917 1573,3860 1312,3933"/>
                <Baseline points="1326,4014 1409,4020 1499,4014 1589,4014 1678,4008 1768,4002 1858,3996 1947,3996 2037,3991 2126,3991 2216,3985 2306,3979 2395,3979 2485,3979 2575,3973 2664,3967"/>
                <TextEquiv>
                    <Unicode>zersprungen sein.</Unicode>
                </TextEquiv>
            </TextLine>
            <TextLine id="tr_2_tl_21" custom="readingOrder {index:20;}">
                <Coords points="1302,4231 3582,4188 3619,4034 3354,3990 3019,4071 2588,3994 2450,4074 1938,4000 1701,4017 1540,4134 1306,4114"/>
                <Baseline points="1320,4182 1386,4182 1475,4176 1565,4176 1654,4170 1744,4164 1834,4164 1923,4158 2013,4158 2103,4152 2192,4146 2282,4146 2371,4146 2461,4140 2551,4140 2640,4140 2730,4140 2819,4140 2909,4134 2999,4134 3088,4134 3178,4134 3268,4128 3357,4128 3447,4122 3536,4122 3626,4116"/>
                <TextEquiv>
                    <Unicode>Friederich Barbarossa wurde</Unicode>
                </TextEquiv>
            </TextLine>
            <TextLine id="tr_2_tl_22" custom="readingOrder {index:21;}">
                <Coords points="1322,4395 1717,4452 2052,4348 2554,4482 2675,4405 3404,4445 3612,4399 3619,4174 1326,4225"/>
                <Baseline points="1344,4349 1380,4349 1469,4349 1559,4343 1648,4343 1738,4343 1828,4337 1917,4331 2007,4331 2097,4325 2186,4325 2276,4319 2365,4319 2455,4319 2545,4313 2634,4313 2724,4313 2814,4313 2903,4313 2993,4313 3082,4301 3172,4301 3262,4301 3351,4301 3441,4295 3530,4301 3620,4295"/>
                <TextEquiv>
                    <Unicode>bei Legnano geschlagen, - geschahe</Unicode>
                </TextEquiv>
            </TextLine>
        </TextRegion>
        <TextRegion id="tr_1" custom="readingOrder {index:1;}">
            <Coords points="4002,631 6739,631 6739,4353 4002,4353"/>
            <TextLine id="tr_1_tl_1" custom="readingOrder {index:0;}">
                <Coords points="3984,740 6481,767 6548,519 3987,589"/>
                <Baseline points="4002,699 4044,699 4134,699 4224,699 4313,704 4403,704 4492,699 4582,699 4672,699 4761,704 4851,699 4940,699 5030,699 5120,699 5209,699 5299,699 5389,699 5478,693 5568,693 5657,693 5747,687 5837,687 5926,687 6016,687 6105,687 6195,687 6285,687 6374,687 6464,681 6554,687"/>
                <TextEquiv>
                    <Unicode>dies aber je dem mächtigen Karl?</Unicode>
                </TextEquiv>
            </TextLine>
            <TextLine id="tr_1_tl_2" custom="readingOrder {index:1;}">
                <Coords points="3997,897 4275,977 4516,890 5771,874 6106,957 6454,884 6454,757 3997,780"/>
                <Baseline points="4014,866 4038,866 4128,866 4218,872 4307,866 4397,872 4486,872 4576,872 4666,872 4755,872 4845,866 4934,866 5024,866 5114,866 5203,866 5293,866 5383,866 5472,866 5562,866 5651,866 5741,866 5831,866 5920,860 6010,860 6100,866 6189,860 6279,860 6368,866 6458,860"/>
                <TextEquiv>
                    <Unicode>So behält also Karl immer das</Unicode>
                </TextEquiv>
            </TextLine>
            <TextLine id="tr_1_tl_3" custom="readingOrder {index:2;}">
                <Coords points="4030,1071 4382,1165 4944,1054 6270,1054 6246,887 5614,957 5463,880 4951,977 4496,894 4261,984 4030,887"/>
                <Baseline points="4050,1033 4128,1033 4218,1033 4307,1033 4397,1033 4486,1039 4576,1033 4666,1033 4755,1033 4845,1033 4934,1033 5024,1033 5114,1033 5203,1027 5293,1027 5383,1027 5472,1027 5562,1027 5651,1027 5741,1027 5831,1027 5920,1021 6010,1021 6100,1021 6189,1015 6279,1015"/>
                <TextEquiv>
                    <Unicode>Uebergewicht über Friederich I</Unicode>
                </TextEquiv>
            </TextLine>
            <TextLine id="tr_1_tl_4" custom="readingOrder {index:3;}">
                <Coords points="4020,1229 4576,1272 4683,1205 4854,1306 5714,1208 6069,1306 6437,1218 6437,1101 6250,1051 5942,1148 5363,1058 4676,1152 4546,1091 4348,1178 4020,1068"/>
                <Baseline points="4038,1200 4116,1200 4206,1200 4295,1200 4385,1200 4474,1200 4564,1200 4654,1200 4743,1200 4833,1200 4923,1200 5012,1200 5102,1200 5191,1200 5281,1194 5371,1194 5460,1200 5550,1200 5639,1200 5729,1200 5819,1194 5908,1188 5998,1188 6088,1188 6177,1188 6267,1194 6356,1188 6446,1188"/>
                <TextEquiv>
                    <Unicode>und es gebührt ihm der Ruhm</Unicode>
                </TextEquiv>
            </TextLine>
            <TextLine id="tr_1_tl_5" custom="readingOrder {index:4;}">
                <Coords points="4047,1419 5848,1369 6153,1439 6595,1399 6598,1322 4050,1285"/>
                <Baseline points="4068,1368 4098,1368 4188,1374 4277,1374 4367,1374 4457,1380 4546,1374 4636,1374 4725,1380 4815,1380 4905,1380 4994,1380 5084,1374 5173,1374 5263,1374 5353,1380 5442,1380 5532,1380 5622,1374 5711,1368 5801,1368 5890,1368 5980,1368 6070,1368 6159,1368 6249,1368 6339,1368 6428,1374 6518,1368 6607,1362"/>
                <TextEquiv>
                    <Unicode>vor allen andern wichtigen</Unicode>
                </TextEquiv>
            </TextLine>
            <TextLine id="tr_1_tl_6" custom="readingOrder {index:5;}">
                <Coords points="4074,1607 4472,1590 4583,1680 5266,1563 5590,1657 6370,1580 6370,1433 6012,1510 5848,1369 5319,1506 4074,1399"/>
                <Baseline points="4092,1547 4182,1547 4271,1547 4361,1553 4451,1553 4540,1553 4630,1553 4719,1553 4809,1553 4899,1553 4988,1553 5078,1553 5167,1553 5257,1553 5347,1553 5436,1553 5526,1547 5616,1541 5705,1535 5795,1541 5884,1541 5974,1547 6064,1547 6153,1541 6243,1547 6333,1553 6380,1547"/>
                <TextEquiv>
                    <Unicode>Versänlichkeiten des Mittel¬</Unicode>
                </TextEquiv>
            </TextLine>
            <TextLine id="tr_1_tl_7" custom="readingOrder {index:6;}">
                <Coords points="4014,1727 4138,1724 4181,1747 4305,1731 4348,1774 4442,1741 4553,1761 4633,1734 4636,1577 4559,1610 4385,1593 4308,1630 4228,1603 4077,1684 4014,1687"/>
                <Baseline points="4032,1720 4104,1714 4194,1708 4283,1708 4373,1714 4462,1714 4552,1708 4642,1708"/>
                <TextEquiv>
                    <Unicode>alters.</Unicode>
                </TextEquiv>
            </TextLine>
            <TextLine id="tr_1_tl_8" custom="readingOrder {index:7;}">
                <Coords points="4044,1905 4740,2008 4991,1925 5336,1985 5657,1905 6260,1921 6260,1828 6159,1798 4044,1754"/>
                <Baseline points="4062,1881 4152,1893 4241,1887 4331,1887 4421,1887 4510,1893 4600,1887 4690,1887 4779,1887 4869,1887 4958,1887 5048,1887 5138,1887 5227,1887 5317,1887 5406,1887 5496,1887 5586,1887 5675,1881 5765,1881 5855,1887 5944,1881 6034,1881 6123,1881 6213,1881 6267,1881"/>
                <TextEquiv>
                    <Unicode>Kail der Große regierte von</Unicode>
                </TextEquiv>
            </TextLine>
            <TextLine id="tr_1_tl_9" custom="readingOrder {index:8;}">
                <Coords points="4027,2102 5041,2193 5326,2069 5845,2186 6437,2112 6390,1925 4968,1928 4740,2008 4522,1925 4027,1945"/>
                <Baseline points="4044,2061 4116,2061 4206,2061 4295,2055 4385,2061 4474,2061 4564,2061 4654,2061 4743,2061 4833,2061 4923,2055 5012,2061 5102,2055 5191,2055 5281,2055 5371,2055 5460,2055 5550,2055 5639,2055 5729,2049 5819,2055 5908,2055 5998,2055 6088,2055 6177,2055 6267,2055 6356,2055 6446,2055"/>
                <TextEquiv>
                    <Unicode>868 - 814. Er führte langwierige</Unicode>
                </TextEquiv>
            </TextLine>
            <TextLine id="tr_1_tl_10" custom="readingOrder {index:9;}">
                <Coords points="4000,2250 4683,2353 5031,2246 5510,2306 6313,2246 6270,2149 5841,2183 5577,2089 5051,2193 4506,2169 4372,2085 4000,2156"/>
                <Baseline points="4020,2222 4110,2228 4200,2228 4289,2234 4379,2234 4468,2234 4558,2234 4648,2234 4737,2234 4827,2234 4917,2228 5006,2234 5096,2228 5185,2228 5275,2228 5365,2228 5454,2228 5544,2228 5634,2228 5723,2228 5813,2228 5902,2228 5992,2234 6082,2234 6171,2228 6261,2228 6321,2222"/>
                <TextEquiv>
                    <Unicode>Kriege gegen die Sachsen, die</Unicode>
                </TextEquiv>
            </TextLine>
            <TextLine id="tr_1_tl_11" custom="readingOrder {index:10;}">
                <Coords points="4007,2454 4730,2417 5363,2541 5831,2427 6066,2514 6618,2470 6621,2337 6330,2263 5550,2347 5035,2250 4740,2360 4010,2350"/>
                <Baseline points="4026,2407 4032,2407 4122,2401 4212,2401 4301,2407 4391,2401 4480,2407 4570,2407 4660,2407 4749,2407 4839,2407 4929,2407 5018,2401 5108,2401 5197,2401 5287,2407 5377,2401 5466,2401 5556,2407 5645,2401 5735,2401 5825,2401 5914,2401 6004,2401 6094,2401 6183,2401 6273,2395 6362,2395 6452,2395 6542,2401 6631,2389"/>
                <TextEquiv>
                    <Unicode>unter der Führung ihres tapfern</Unicode>
                </TextEquiv>
            </TextLine>
            <TextLine id="tr_1_tl_12" custom="readingOrder {index:11;}">
                <Coords points="4040,2658 4358,2708 4606,2588 6317,2631 6350,2494 5845,2534 5701,2457 5363,2537 4235,2417 4044,2511"/>
                <Baseline points="4062,2575 4152,2581 4241,2581 4331,2581 4421,2581 4510,2581 4600,2581 4690,2575 4779,2575 4869,2575 4958,2575 5048,2575 5138,2575 5227,2575 5317,2575 5406,2569 5496,2569 5586,2569 5675,2569 5765,2569 5855,2575 5944,2569 6034,2569 6123,2575 6213,2575 6303,2575 6356,2575"/>
                <TextEquiv>
                    <Unicode>Herzog's Witekind sich wacker</Unicode>
                </TextEquiv>
            </TextLine>
            <TextLine id="tr_1_tl_13" custom="readingOrder {index:12;}">
                <Coords points="4081,2785 4911,2832 5115,2768 5279,2855 5590,2775 5691,2879 5979,2778 6223,2802 6260,2648 5841,2695 5694,2618 5262,2715 4526,2618 4425,2718 4081,2701"/>
                <Baseline points="4098,2766 4116,2766 4206,2766 4295,2760 4385,2760 4474,2760 4564,2766 4654,2760 4743,2754 4833,2754 4923,2754 5012,2754 5102,2754 5191,2754 5281,2754 5371,2754 5460,2754 5550,2754 5639,2754 5729,2748 5819,2748 5908,2748 5998,2754 6088,2754 6177,2760 6267,2754"/>
                <TextEquiv>
                    <Unicode>von 772-735 vertheidigten.</Unicode>
                </TextEquiv>
            </TextLine>
            <TextLine id="tr_1_tl_14" custom="readingOrder {index:13;}">
                <Coords points="4067,2963 4482,3040 4700,2952 5252,3050 5513,2942 6146,2993 6293,2942 6293,2778 5734,2886 5523,2799 4067,2842"/>
                <Baseline points="4086,2939 4152,2933 4241,2933 4331,2939 4421,2939 4510,2933 4600,2933 4690,2933 4779,2933 4869,2933 4958,2933 5048,2927 5138,2927 5227,2927 5317,2927 5406,2927 5496,2927 5586,2927 5675,2921 5765,2921 5855,2921 5944,2921 6034,2921 6123,2921 6213,2921 6303,2921"/>
                <TextEquiv>
                    <Unicode>aber 735 ließ sich Wittekind</Unicode>
                </TextEquiv>
            </TextLine>
            <TextLine id="tr_1_tl_15" custom="readingOrder {index:14;}">
                <Coords points="4027,3160 5641,3120 6092,3224 6400,3133 6400,3009 5246,3053 4834,2976 4027,3066"/>
                <Baseline points="4044,3118 4074,3112 4164,3118 4253,3118 4343,3118 4433,3112 4522,3112 4612,3112 4701,3112 4791,3112 4881,3112 4970,3112 5060,3112 5150,3112 5239,3112 5329,3112 5418,3112 5508,3112 5598,3112 5687,3106 5777,3106 5867,3106 5956,3106 6046,3106 6135,3112 6225,3112 6315,3112 6404,3112"/>
                <TextEquiv>
                    <Unicode>mit vielen andern Sachsen</Unicode>
                </TextEquiv>
            </TextLine>
            <TextLine id="tr_1_tl_16" custom="readingOrder {index:15;}">
                <Coords points="4020,3378 4589,3334 4814,3421 4964,3331 5138,3401 5554,3304 5657,3401 5915,3404 6511,3307 6511,3200 6173,3163 5932,3250 5513,3143 4767,3237 4020,3160"/>
                <Baseline points="4038,3303 4098,3303 4188,3303 4277,3303 4367,3303 4457,3303 4546,3303 4636,3303 4725,3303 4815,3297 4905,3297 4994,3297 5084,3297 5173,3291 5263,3291 5353,3291 5442,3286 5532,3286 5622,3286 5711,3291 5801,3291 5890,3291 5980,3291 6070,3291 6159,3291 6249,3291 6339,3291 6428,3297 6518,3297"/>
                <TextEquiv>
                    <Unicode>taufen. Doch die Kriege hörten</Unicode>
                </TextEquiv>
            </TextLine>
            <TextLine id="tr_1_tl_17" custom="readingOrder {index:16;}">
                <Coords points="4030,3515 4134,3585 4365,3488 5011,3555 5667,3478 5992,3575 6611,3518 6611,3408 4445,3351 4030,3455"/>
                <Baseline points="4050,3483 4110,3483 4200,3483 4289,3477 4379,3477 4468,3477 4558,3477 4648,3477 4737,3477 4827,3471 4917,3477 5006,3471 5096,3471 5185,3465 5275,3471 5365,3471 5454,3471 5544,3471 5634,3477 5723,3471 5813,3471 5902,3471 5992,3471 6082,3471 6171,3471 6261,3471 6350,3471 6440,3471 6530,3471 6619,3471"/>
                <TextEquiv>
                    <Unicode>noch immer nicht auf. Die Priester</Unicode>
                </TextEquiv>
            </TextLine>
            <TextLine id="tr_1_tl_18" custom="readingOrder {index:17;}">
                <Coords points="4044,3672 4295,3649 4432,3746 4686,3652 5400,3779 5677,3645 6735,3682 6735,3582 6431,3505 4044,3522"/>
                <Baseline points="4062,3644 4152,3644 4241,3644 4331,3650 4421,3644 4510,3644 4600,3650 4690,3650 4779,3644 4869,3644 4958,3644 5048,3644 5138,3638 5227,3638 5317,3638 5406,3638 5496,3638 5586,3644 5675,3638 5765,3638 5855,3638 5944,3638 6034,3638 6123,3632 6213,3638 6303,3638 6392,3638 6482,3638 6572,3644 6661,3644 6739,3650"/>
                <TextEquiv>
                    <Unicode>verfuhren nicht ganz in der rechten</Unicode>
                </TextEquiv>
            </TextLine>
            <TextLine id="tr_1_tl_19" custom="readingOrder {index:18;}">
                <Coords points="4044,3840 4596,3950 4991,3826 6223,3930 6558,3840 6558,3702 6337,3749 6066,3652 5902,3756 5517,3706 5406,3796 4790,3666 4566,3753 4044,3719"/>
                <Baseline points="4062,3817 4152,3823 4241,3823 4331,3823 4421,3823 4510,3823 4600,3823 4690,3829 4779,3823 4869,3829 4958,3823 5048,3823 5138,3817 5227,3817 5317,3817 5406,3817 5496,3817 5586,3817 5675,3817 5765,3817 5855,3817 5944,3817 6034,3817 6123,3817 6213,3817 6303,3817 6392,3817 6482,3817 6566,3817"/>
                <TextEquiv>
                    <Unicode>Weise. Einer der Fürsten fragte</Unicode>
                </TextEquiv>
            </TextLine>
            <TextLine id="tr_1_tl_20" custom="readingOrder {index:19;}">
                <Coords points="4030,4017 4375,4094 5192,4007 6414,4067 6414,3903 6323,3876 5443,3833 4302,3953 4030,3866"/>
                <Baseline points="4050,4008 4140,4008 4229,4002 4319,4002 4409,3996 4498,4002 4588,4002 4678,4002 4767,3996 4857,3996 4946,3996 5036,3996 5126,3996 5215,3996 5305,3991 5395,3991 5484,3996 5574,3996 5663,3996 5753,3996 5843,3996 5932,3996 6022,3996 6111,3996 6201,3996 6291,3996 6380,4002 6422,4008"/>
                <TextEquiv>
                    <Unicode>nämlich während der Bause, wo ei¬</Unicode>
                </TextEquiv>
            </TextLine>
            <TextLine id="tr_1_tl_21" custom="readingOrder {index:20;}">
                <Coords points="4037,4281 4697,4191 5112,4281 5554,4168 5942,4181 6086,4268 6370,4204 6370,4097 5838,4027 5738,4107 5269,4034 5148,4101 4502,4040 4037,4107"/>
                <Baseline points="4056,4176 4140,4176 4229,4176 4319,4176 4409,4170 4498,4164 4588,4164 4678,4170 4767,4170 4857,4170 4946,4164 5036,4164 5126,4164 5215,4164 5305,4164 5395,4164 5484,4164 5574,4164 5663,4158 5753,4158 5843,4158 5932,4164 6022,4158 6111,4164 6201,4164 6291,4164 6380,4170"/>
                <TextEquiv>
                    <Unicode>gentlich seine Eltern als unge¬</Unicode>
                </TextEquiv>
            </TextLine>
            <TextLine id="tr_1_tl_22" custom="readingOrder {index:21;}">
                <Coords points="4057,4362 4492,4469 4988,4352 6176,4362 6196,4248 5550,4171 5148,4265 4700,4194 4057,4278"/>
                <Baseline points="4074,4343 4140,4343 4229,4343 4319,4343 4409,4343 4498,4343 4588,4343 4678,4343 4767,4343 4857,4343 4946,4343 5036,4343 5126,4343 5215,4343 5305,4343 5395,4343 5484,4343 5574,4343 5663,4337 5753,4337 5843,4337 5932,4337 6022,4337 6111,4337 6201,4337"/>
                <TextEquiv>
                    <Unicode>taufte stingekommen wären.</Unicode>
                </TextEquiv>
            </TextLine>
        </TextRegion>
    </Page>
</PcGts>
