7448 5000
1078 486 3502 752 des Christeetungs eine Verbindung eingehen
1081 630 3593 973 und das Ergebnis dieser Verbindung ist die
1074 759 3614 1137 Oder der Romantik im Nibelungenliede¬
1064 987 3569 1242 Betrachten wir nun jene andre Erscheinung, in
1081 1130 3558 1438 welcher wir xx Idee Klar zu Tage treten
105 1263 854 1469 den Gedanken des
1106 1256 3558 1567 sehen, nämlich jene politisch hochbedeutende Er¬
101 1427 665 1690 Romantischen
1071 1469 3621 1770 scheinung der Kreuzzüge. Das eine Element, das
1130 1602 3628 1942 der Kampfesfreudigkeit ist von jeher dagewesen;
1085 1809 3698 2110 so lange die Menschheit existirt, lebte auch Feindschafft
1109 1966 3632 2292 und Haß auf Erdene denn wohl dürfte dieses
1109 2162 3628 2372 wenig edle Gefühl, und nicht das des persönlichen
1109 2278 3653 2579 Mutes und Ehrgeizes die erste Ursache zum Ent¬
1106 2435 3632 2750 stehen der Kampfeslust und des Krieges gewesen
1067 2659 3639 2960 sein. Der andre Idee, die des Christentuans konte
1092 2809 3646 3082 natürlich erst später entstehen. Ich sage mit Ab¬
1106 2956 3737 3268 sicht. Nes Christeutums, nicht die der Christlichkeit¬
1148 3145 3754 3429 denn die der Christlichkeit wäre die Idee der Liebe¬
1134 3313 3681 3597 und, diese steht doch in einem nicht wegzuläug¬
1127 3467 3691 3772 nenden Widerspruch mit der der Kampfeblust
1141 3660 3775 3940 Unter dem Gedanken des Christeutums müssen
920 3817 3705 4083 wir hier der der Intoleranzverstehen, den der
1193 3999 3775 4300 Bekämpfung der Ungläubigen, freilich nur zu
1158 4132 3796 4440 dem Zwecke, um das heilige Grab aus ihren
3919 350 6462 651 Händen zu retten; zum mindesten war dieses
3922 535 6364 822 das Ziel, welches zumeist den fanatischen
3905 738 6396 983 Kreuzfahrern vorschwebte; ob es aber nur
3884 871 6333 1155 Die Religiosität war, welche rings in der
3838 1071 6361 1298 fristlichen Welt einen solchen Fanatismus auf¬
3891 1193 6420 1438 flammen liess, das ist eine Frage, die wohl
3880 1340 6350 1571 kaum zu bejahen sein dürfte. Es ist nicht
3905 1525 6431 1805 zu bezweifeln, daß Abenteuerlust die Streiter
3884 1686 6529 1924 antrieb, ihre Heimat zu verlassen, fremde Länder
3859 1837 6417 2075 und Leute kennen zu lernen; und sowohl
3856 2019 6676 2278 bei ihnen als insbesondre bei den Anführern mögen
3859 2166 6473 2435 wohl Habsucht und Hausmus nicht die kleinste
3957 2334 6413 2631 Rolle gespielt haben. Doch müssen wir hier
3922 2537 6529 2726 von den Zwecken absehen, die die einzelnen
3989 2691 6403 2893 verfolgten, und wenn wir uns auf den
4020 2855 6508 3051 allgemeinen Überblick beschränken, der sich
4027 2995 6469 3250 uns darbietet, so sehen wir in den Krug¬
3961 3177 6403 3446 zügen jedenfalls diejenige Erscheinung, in
3933 3355 6420 3586 welcher die Idee der Romantik auf die groß¬
3989 3520 6263 3772 artigste Weise zur That geworden ist.
4080 3663 6410 3926 dem wir auf solche Weise den Begriff des
4087 3838 6490 4094 mantischen genügend er klärt und abgelnte
4087 4048 6434 4310 nantischen entwickelt und erklärt haben,
