7544 4728
2194 412 2812 724 Aufgab.
2085 798 2616 1075 Gesetz.
418 830 1271 1152 den 10. October 1877.
1474 991 2819 1252 Ein Gesetz ist z. B.
1451 1116 3578 1429 „ Jeder Mensch mußsterben;
1409 1306 3716 1641 Denn es erfüllt alle Bedingungen,
1422 1522 3694 1799 die wir an ein solches stellen.
1416 1696 3629 2043 Ein Gesetz ist der Ausdruck
1409 1873 3719 2178 dafür, daß wir aus vielen Fällen,
1400 2050 3588 2410 deren Vorstellungen in uns zu¬
1361 2275 3690 2568 sammentreffen, etwas gemein¬
1441 2452 3752 2738 sames herausheben kann, und dies
1406 2635 3652 2976 geschieht auch in dem eben ange¬
1400 2825 2619 3156 gebenen Falle.
1451 3008 3755 3333 Wenn ich sage: „Jeder Mensch kann
1441 3221 3681 3497 stärten so weiß ich, daß sich
1338 3375 3771 3697 Die Richtigkeit dieses Ausspruchs
1348 3604 3781 3874 schon saund so oft gesehen habe,
1377 3755 3777 4093 daß sie nicht im geringsten mehr
1396 3974 3671 4250 bezuzweifeln ist, folglich ist
1367 4122 3710 4498 dieser Ausspruch u. Gesetz
4556 228 5663 656 Wissenschaft
3871 676 6197 1001 Eine Wissenschaft ist g. B. die der
3845 859 6432 1207 Markin, u. zw. weil sie aus xxx
3877 1046 6271 1432 systematisch an einander gereihten
3819 1264 6162 1596 Gesetzen besteht, was wir ja
3810 1348 6396 1731 von einer Wissenschaft fordere.
3890 1586 6367 1950 Bei diesen Gesetzen darf keines
3890 1837 6380 2111 einen unrichtigen Platz einnehmen;
3790 1953 6313 2313 sonst ist die Reihenfolge eine Falsche,
3871 2191 6229 2481 u. die Bedingungen, die wir an
3890 2339 6187 2712 eine Wissenschaft stellen, blie¬
3954 2526 6236 2857 ben unerfüllt. Aber da dies
4981 2754 5370 2870 Fall ye
3877 2745 6248 3015 mist der unerfüllt, und ein
3851 2925 6126 3269 Gesetz nach dem andern in
3961 3150 6168 3398 der Medicin folgt, ohne eine
3961 3288 6322 3581 Lücke zwischen denselben, so ist
3912 3485 6261 3790 Die Medecin eine Wissenschaft.
