7640 4872
3937 394 6371 794 Er konnte das Wesen der Dudophöfe jener
1404 426 3576 794 Schillers „Kabale & Liebe“
3832 643 6391 978 Heil zur Gemüge; die Figuren des Dramas
1142 695 3641 1024 als Quelle für die zeitgenössische Sittenge¬
3858 846 6318 1161 hatte er selbst keinen und zum großen Theil
1220 932 1726 1234 schichte.
3806 1037 6332 1345 verachten gelernt. Beamte und Wurdenträ¬
3806 1234 6443 1542 ger, die zu ihrer hofen Stellung aufkommen und mehr
1056 1129 3655 1608 Es nachte das Ende des vorigen Jahrhunderts. Reichsum
1096 1470 6378 1732 durchs weite Land wehte eine Lühl des Sturms und als zweideutigen Wegen gelegt waren, Dienst¬
3799 1627 6502 1909 fertige Schurken, die jenen für eine „angemessen
1076 1634 3707 1962 drangs. Eine glühende Sehnsucht nach dem unbestimmten
3838 1798 6469 2093 Bezahlung gern behilflich waren, das angestelte
1017 1844 3707 2165 Jdrat der Freiheit hatte sich in den leidenschaft¬
3825 1968 6351 2231 Ziel zu erreichen, waren Schiller wohl bekannt.
1037 2021 3674 2349 lichen Herzen der Jugend entzündet, und Gedanken,
3845 2172 6240 2513 Eben so ist auch der Hofmarschall von Kalb
1096 2218 3655 2526 noch unreif zur That gährten ungeduldig in den
3825 2382 6122 2638 vollständig nach der Natur gezeichnet.
1102 2388 3694 2716 erhitzten Gemütern. Es war die Zeit des en aßlosen Dorni¬
3838 2592 6168 2887 Freilich dürfen wir nicht vergessen, daß
1050 2605 3687 2926 gens in eine ungewisse Zukunft, die Gegenwart
3878 2749 6345 3038 Individuen von dieser Sorte auch in unserm
1135 2808 3694 3110 war den kraftgenialischen Geistere zu eng: Kerker,
3878 2946 6351 3222 Jahrhundert vorzukommen pflegen, und daß
1148 2966 3615 3320 luft lastete dumpfig auf der sehnsüchtigen Brust
3878 3156 6417 3432 Charaktere in allen Sphören der Erde und in aller
1174 3163 3602 3477 und mit verzehrender Ungeduld harrte das
3845 3208 7132 3661 Zeiten sich gleichbleiben Nun für die Lade Milford! Freilich
1174 3366 3655 3681 gedrückte Volk einer neuern, schönere Zeit entge¬
3884 3510 6338 3819 hat längst die Stunde geschlagen. Es sei fern
1181 3628 1509 3871 gen.
3871 3701 6397 4002 von mir, über die Lady Milford, wie sie uns
1188 3733 3733 4029 In jenen Tagen nun war es, wo Schiller mit seinem
3845 3865 6325 4199 Sihiller gezeichnet, geringschützend zu reden.
1174 3917 3550 4225 Dranna Kabbale & Leibe hervortrat. Diesste Idee
3871 4061 6332 4389 aber diese Milford ist nicht das Spiegelbild
1155 4107 3674 4449 hatte er im Gefängnis zu Stuttgart gefasst;
3865 4252 6391 4527 aller jener Favoritinen, in deren Umarmun¬
1201 4317 3720 4613 Die Gestaltung der der lag ihm nicht allzufrau¬
