7496 4696
2298 326 2928 685 Aufgabe
443 599 1309 871 Wien, d. 8. October 1877
1454 595 3594 1039 Wenn ich am Buch auf einem Tische lie¬
1436 906 3675 1253 gend sehe, so wird in mir nicht nur
1439 1095 3517 1445 Die Vorstellung dieser beiden Gegen¬
1405 1293 3628 1634 stände an u. für sich erweckt wer¬
1321 1510 3424 1771 den, sondern auch die Vorstellung
1374 1625 3647 1941 von dem zwischen ihnen bestehen Fe¬
1374 1855 3647 2143 eben erwähnten Verhältnis. Dieses
1396 2096 3551 2338 Verhältnis ist ein objeckives, ein
1417 2227 3579 2552 reales, weil es eben die Wirklich¬
1358 2413 3607 2729 keit selbst vor meine Augen ge¬
1386 2621 3573 2940 Cracht. Wenn sich dagegen etwa
1399 2807 3731 3104 das Buch in meiner Hand befindet
1340 2996 3681 3272 und ich es mir nur an Zuern vorstelle,
1346 3182 3625 3418 daß das selbe auf dem Tische liege,
2562 3356 3033 3508 Geschältnis
1389 3365 3591 3650 so ist dieses Vorstellung eine sulche
2720 3480 3759 3756 es ge Vorstellig an ihm
1405 3532 3445 3892 twas, willkührliches; sie ist nur
1327 3749 3656 4029 vog meinem Hof ausgegangen. Eben
1392 3932 3653 4239 so ist sie eine subjectivwillkür¬
1361 4115 3560 4453 liches, wenn ich nur den Tisch sehe
4593 140 5362 391 oben erwähnte.
3811 248 6051 648 und mir die Beziehung zwischen dem¬
3864 481 6066 800 selben und dem Buch vorstelle
3796 651 6261 964 und nicht minder, wenn weder buch,
3777 868 6187 1228 nach Tisch vor meinen „kugen“ vor,
3923 1061 6330 1374 handen sind, und wenn ich mir sowohl
3808 1234 6296 1554 Auch zu Tisch, als auch die Beziehung zwi¬
3805 1427 6292 1771 schen ihnen nur vorstelle, ohne daß
3787 1610 6283 1929 diese Vorstellung ein äußres Obpect
3824 1827 4931 2158 gehabt hätte.
