7560 4680
1137 281 3574 587 fröhlich machen könte; — wenn ers nur selber will.
1187 440 3587 751 Ist einer aber p an seiner Freud verzagt, daß
1942 642 2366 797 weilung
818 650 3587 902 nach er keiner Büße mehr sich sehn?, so daß ich ihn
818 839 2819 1141 freilich unbekümmert im erweiterklagen.
1007 1011 3566 1351 Doch hört, was ich zur Heilung thun und daß ich nicht
1032 1179 3473 1535 mit Zauberei verfahren Worte wohl liebessehn,
1128 1414 3583 1707 sucht nehme ich sein dazu, hühreste Gunst bring
956 1556 1523 1733 streich ich der
235 1598 3599 1930 mich ich das Weg. verhältig hiebei sein Tangen und Siegen nicht ich soben.
2907 1745 3599 1938 hoffnungsfraudigkeit,
2290 1795 2576 1938 gar
1128 1800 3583 2123 das fünfte letzte ist, worinige Groß¬ S kann
1137 2014 3146 2282 ich einem arme Liebes kranke haben.
