7656 4808
1374 406 3711 732 wir es beneiden? Vielleicht sehnt es sich nach
1356 648 3720 946 Der Ruhe, dir wir hier in unserer Abgeschieden
1346 831 3602 1142 heit genießen und langweilt sich unter
1328 1011 3599 1353 der geputzten Menge. Vielleicht jetzt
1371 1204 3739 1499 im selben Augenblick, wo der Diener den
1353 1421 3664 1654 beiden Einwande gebietet und sich unter¬
1303 1595 3649 1911 würfig verbeugt, spricht der Cavalier
1356 1765 3689 2045 in schönen Phrasen von den Freuden der
1337 1964 3627 2224 Armut, und die Darne sehnt sich in wohl¬
1356 2228 3766 2463 gesetzten, zierlichen Worten nach unserm
1378 2352 3770 2628 bescheidenem, aber tief immerstem Glück."
1415 2550 3766 2814 Du dürfteß dich doch irren versetzt Ewald
1368 2712 3717 3028 mit bitterm Spott; „denn ich sehe, wie das
1353 2935 3645 3239 Paar sich eben wieder unter die Stechen
1378 3121 3602 3372 der Tanzenden gemischt hat, woraus
1412 3301 3729 3608 ich schließe, daß der Herr die dame nur
1409 3462 3785 3785 zum Tanze aufgefordertet, und die Blicke
1396 3680 3773 3956 der beiden nur zufällig, gedenkenlos an
1424 3850 3816 4176 unserm Finster hafteten. Sie dreken an
1362 4055 3794 4350 uns! Was geht die Reichen unser Elendau!
3928 372 6171 729 In diesem Augenblick klopfte es an die
3869 558 6366 878 Thüre, und ein junger Mann trat in das Zimmer.
3912 782 6267 1080 Er war sehr blaß und sein scheues Aug traf
3894 968 6233 1210 die er staunten Blicke der beid an Freunde
3872 1154 6255 1452 Als sie kurze Zeit auf ihn gesehen hatten,
3912 1368 6379 1675 ging Adalbert plötzlich mit schnellen Schritten
3915 1526 6357 1877 auf den Jüegling zu, nahm seine beiden Hände¬
3875 1756 5007 2017 und rief. Richard!
3928 1889 6345 2228 der Ankömmting sah auf: „Ich bin’s – wenngleich
3881 2097 6261 2429 ich mich auch sehr verändert habe, seit wir uns
3909 2318 5392 2587 das letzte Mal gesehen.
3922 2432 6180 2771 Da s ist schon längfer sagte Adalbert, und
3922 2708 6317 2969 Ewald, der unterdessen auch hinzugetreten
3900 2848 6295 3199 war, sprach: „Du bist seitdem sehr bleich ge¬
3900 3062 4812 3335 worden, Richard.
3959 3223 6332 3543 Ja, es ist langher erwiderte Richard, und ich
3931 3428 6329 3695 bin ein andrer geworden seitdem. Erinnert ihr
3922 3596 6227 3925 auch noch an jenen sonnenhellen Nachmittag
3943 3788 6283 4102 wich in meiner Karosse durch die Straße
3974 4012 4362 4325 Fuhr
3953 4151 6298 4483 „Ja“ unterbrach ihn Ewald.“ Wir wunderten
