<?xml version="1.0" encoding="UTF-8" standalone="yes"?>
<PcGts xmlns="http://schema.primaresearch.org/PAGE/gts/pagecontent/2013-07-15" xmlns:xsi="http://www.w3.org/2001/XMLSchema-instance" xsi:schemaLocation="http://schema.primaresearch.org/PAGE/gts/pagecontent/2013-07-15 http://schema.primaresearch.org/PAGE/gts/pagecontent/2013-07-15/pagecontent.xsd">
    <Metadata>
        <Creator>prov=READ-COOP:name=TrHtr:version=2.1.0:model_id=51170:date=28_07_2023_05:41</Creator>
        <Created>2023-05-10T11:15:01.430+02:00</Created>
        <LastChange>2023-07-28T05:41:22.072+02:00</LastChange>
        <TranskribusMetadata docId="1428137" pageId="55385011" pageNr="95" tsid="131319948" status="IN_PROGRESS" userId="64420" imgUrl="https://files.transkribus.eu/Get?id=OBMFVOSJTWIVHUCGUZZXSSCV&amp;fileType=view" xmlUrl="https://files.transkribus.eu/Get?id=ANXRVHJQRAIZBDPFADBQMRSN" imageId="44659910"/>
    </Metadata>
    <Page imageFilename="1428137_0095.jpg" imageWidth="7656" imageHeight="4760">
        <ReadingOrder>
            <OrderedGroup id="ro_1711824153348" caption="Regions reading order">
                <RegionRefIndexed index="0" regionRef="tr_1"/>
            </OrderedGroup>
        </ReadingOrder>
        <TextRegion id="tr_1" custom="readingOrder {index:0;}">
            <Coords points="3942,474 7211,474 7211,4304 3942,4304"/>
            <TextLine id="tr_1_tl_1" custom="readingOrder {index:0;}">
                <Coords points="4677,609 4949,542 5051,545 5154,600 5199,579 5280,609 5352,573 5563,594 5560,416 5313,328 5169,389 5033,286 4921,274 4674,356"/>
                <Baseline points="4694,524 4783,530 4873,524 4962,530 5052,530 5141,530 5231,530 5320,530 5410,530 5499,530 5571,548"/>
                <TextEquiv>
                    <Unicode>Dorothea</Unicode>
                </TextEquiv>
            </TextLine>
            <TextLine id="tr_1_tl_2" custom="readingOrder {index:1;}">
                <Coords points="6088,735 6166,759 6193,735 6537,741 6603,769 6751,747 6739,527 6675,530 6591,479 6468,482 6419,437 6389,452 6305,401 6193,395 6160,422 6115,392 6073,416"/>
                <Baseline points="6102,638 6191,644 6281,644 6370,644 6460,662 6549,662 6638,662 6728,668 6752,662"/>
                <TextEquiv>
                    <Unicode>VILCl.</Unicode>
                </TextEquiv>
            </TextLine>
            <TextLine id="tr_1_tl_3" custom="readingOrder {index:2;}">
                <Coords points="4319,919 4695,1016 5039,919 5639,970 5904,928 5901,775 5398,744 5283,811 5144,738 4825,765 4316,633"/>
                <Baseline points="4336,894 4425,900 4515,900 4604,900 4694,900 4783,906 4873,906 4962,906 5052,906 5141,900 5231,900 5320,900 5410,906 5499,906 5589,906 5678,906 5768,906 5857,912 5911,906"/>
                <TextEquiv>
                    <Unicode>Ein Charakterbild aus</Unicode>
                </TextEquiv>
            </TextLine>
            <TextLine id="tr_1_tl_4" custom="readingOrder {index:3;}">
                <Coords points="4789,1254 5307,1136 6202,1242 7203,1193 7203,1016 6422,925 6202,1028 5334,922 5223,995 5039,919 4786,1028"/>
                <Baseline points="4801,1091 4891,1091 4980,1091 5070,1091 5159,1097 5249,1097 5338,1091 5428,1091 5517,1091 5607,1091 5696,1097 5785,1097 5875,1097 5964,1097 6054,1097 6143,1097 6233,1097 6322,1097 6412,1097 6501,1097 6591,1097 6680,1097 6770,1097 6859,1097 6949,1103 7038,1109 7128,1109 7211,1121"/>
                <TextEquiv>
                    <Unicode>Göthes Hermann und Dorothea.</Unicode>
                </TextEquiv>
            </TextLine>
            <TextLine id="tr_1_tl_5" custom="readingOrder {index:4;}">
                <Coords points="6223,1377 6332,1419 6458,1344 6645,1429 6730,1356 6766,1389 6802,1365 7079,1410 7076,1230 6932,1215 6850,1248 6760,1196 6537,1199 6495,1169 6296,1245 6220,1236"/>
                <Baseline points="6239,1324 6328,1330 6418,1342 6507,1348 6597,1348 6686,1354 6776,1354 6865,1348 6955,1342 7044,1342 7086,1348"/>
                <TextEquiv>
                    <Unicode>Votre février</Unicode>
                </TextEquiv>
            </TextLine>
            <TextLine id="tr_1_tl_6" custom="readingOrder {index:5;}">
                <Coords points="6353,1636 6522,1552 6609,1597 6781,1582 6908,1630 7073,1612 7067,1429 7031,1438 6941,1383 6862,1377 6784,1416 6697,1383 6651,1429 6486,1383 6428,1435 6347,1441"/>
                <Baseline points="6364,1503 6454,1503 6543,1509 6632,1509 6722,1509 6811,1509 6901,1515 6990,1521 7074,1521"/>
                <TextEquiv>
                    <Unicode>qu'il a la</Unicode>
                </TextEquiv>
            </TextLine>
            <TextLine id="tr_1_tl_7" custom="readingOrder {index:6;}">
                <Coords points="3978,1652 5898,1781 6347,1676 6347,1501 4596,1618 4286,1410 3975,1540"/>
                <Baseline points="3996,1634 4085,1646 4175,1646 4264,1652 4354,1652 4443,1640 4533,1652 4622,1652 4712,1652 4801,1658 4891,1658 4980,1664 5070,1658 5159,1658 5249,1658 5338,1664 5428,1658 5517,1658 5607,1658 5696,1658 5785,1658 5875,1658 5964,1658 6054,1664 6143,1658 6233,1658 6322,1658 6358,1658"/>
                <TextEquiv>
                    <Unicode>B. Jann wir die ersten Gesänge</Unicode>
                </TextEquiv>
            </TextLine>
            <TextLine id="tr_1_tl_8" custom="readingOrder {index:7;}">
                <Coords points="4087,1847 4542,1935 5114,1917 5274,1992 5780,1850 6284,1866 6284,1733 5994,1808 5313,1700 4463,1718 4385,1655 4087,1787"/>
                <Baseline points="4103,1825 4193,1825 4282,1831 4372,1825 4461,1831 4551,1831 4640,1837 4730,1837 4819,1843 4909,1843 4998,1843 5088,1843 5177,1849 5267,1849 5356,1843 5445,1843 5535,1843 5624,1843 5714,1843 5803,1837 5893,1843 5982,1843 6072,1843 6161,1843 6251,1843 6292,1849"/>
                <TextEquiv>
                    <Unicode>des Göthe'schen Epos "Hermann und</Unicode>
                </TextEquiv>
            </TextLine>
            <TextLine id="tr_1_tl_9" custom="readingOrder {index:8;}">
                <Coords points="4038,2025 4695,2128 5015,2034 5413,2040 5699,2143 6208,2064 6172,1914 5497,1923 5325,2004 5111,1920 4038,1893"/>
                <Baseline points="4056,2010 4145,2016 4235,2016 4324,2016 4414,2016 4503,2022 4592,2028 4682,2028 4771,2034 4861,2028 4950,2034 5040,2034 5129,2034 5219,2028 5308,2028 5398,2034 5487,2028 5577,2028 5666,2028 5756,2028 5845,2028 5935,2028 6024,2028 6114,2034 6203,2034 6215,2028"/>
                <TextEquiv>
                    <Unicode>Dorothea“ lesen, so wird in uns un¬</Unicode>
                </TextEquiv>
            </TextLine>
            <TextLine id="tr_1_tl_10" custom="readingOrder {index:9;}">
                <Coords points="3966,2230 4744,2224 4891,2360 5108,2269 5253,2363 5404,2239 5624,2339 5750,2230 6284,2269 6284,2092 5407,2104 5205,2185 4273,2083 3966,2176"/>
                <Baseline points="3984,2207 4074,2207 4163,2207 4252,2207 4342,2201 4431,2207 4521,2207 4610,2212 4700,2212 4789,2218 4879,2218 4968,2212 5058,2218 5147,2218 5237,2212 5326,2218 5416,2218 5505,2218 5595,2218 5684,2218 5774,2218 5863,2218 5952,2218 6042,2218 6131,2212 6221,2212 6292,2218"/>
                <TextEquiv>
                    <Unicode>willkürlich die Erinnerung an jene Stelle</Unicode>
                </TextEquiv>
            </TextLine>
            <TextLine id="tr_1_tl_11" custom="readingOrder {index:10;}">
                <Coords points="3954,2408 4255,2516 4484,2411 4870,2507 4976,2438 5190,2556 5578,2417 6094,2516 6320,2468 6320,2290 6142,2254 5795,2260 5642,2351 5413,2236 5253,2360 5033,2278 4906,2369 4635,2272 4524,2333 4415,2242 4252,2336 3954,2327"/>
                <Baseline points="3972,2391 4062,2391 4151,2391 4241,2391 4330,2391 4420,2391 4509,2391 4598,2397 4688,2397 4777,2403 4867,2403 4956,2403 5046,2397 5135,2403 5225,2397 5314,2397 5404,2397 5493,2403 5583,2403 5672,2403 5762,2409 5851,2409 5941,2409 6030,2409 6120,2409 6209,2409 6298,2409 6328,2409"/>
                <TextEquiv>
                    <Unicode>der Jias wach, wo Hamer die Schönheit</Unicode>
                </TextEquiv>
            </TextLine>
            <TextLine id="tr_1_tl_12" custom="readingOrder {index:11;}">
                <Coords points="3945,2616 4283,2676 4629,2619 4816,2709 5298,2604 5735,2709 6199,2664 6260,2471 5826,2519 5660,2426 5482,2538 5374,2462 5172,2553 5054,2465 4714,2516 4484,2411 4252,2516 3942,2513"/>
                <Baseline points="3960,2582 4050,2582 4139,2582 4229,2582 4318,2582 4408,2582 4497,2588 4587,2588 4676,2588 4765,2588 4855,2588 4944,2594 5034,2594 5123,2594 5213,2588 5302,2588 5392,2594 5481,2594 5571,2594 5660,2594 5750,2594 5839,2600 5929,2594 6018,2594 6108,2600 6197,2600 6269,2594"/>
                <TextEquiv>
                    <Unicode>der Helena schildert. Beinahe zehn</Unicode>
                </TextEquiv>
            </TextLine>
            <TextLine id="tr_1_tl_13" custom="readingOrder {index:12;}">
                <Coords points="3987,2914 4454,2791 6199,2857 6196,2655 5973,2749 5789,2676 5331,2736 4979,2616 4768,2718 4536,2625 3984,2640"/>
                <Baseline points="4002,2761 4091,2767 4181,2773 4270,2767 4360,2773 4449,2773 4539,2773 4628,2773 4718,2773 4807,2779 4897,2779 4986,2779 5076,2779 5165,2773 5255,2773 5344,2779 5434,2773 5523,2779 5612,2779 5702,2779 5791,2779 5881,2779 5970,2779 6060,2779 6149,2785 6203,2785"/>
                <TextEquiv>
                    <Unicode>Jahre lang hat der männer tödtende,</Unicode>
                </TextEquiv>
            </TextLine>
            <TextLine id="tr_1_tl_14" custom="readingOrder {index:13;}">
                <Coords points="3978,3011 4578,3074 4834,2975 5015,3104 5470,2981 6184,3029 6284,2972 6284,2848 6127,2920 5503,2839 5328,2920 5150,2833 4454,2791 3978,2917"/>
                <Baseline points="3996,2958 4085,2958 4175,2958 4264,2958 4354,2958 4443,2964 4533,2958 4622,2964 4712,2964 4801,2970 4891,2964 4980,2964 5070,2970 5159,2970 5249,2964 5338,2964 5428,2964 5517,2970 5607,2964 5696,2970 5785,2970 5875,2964 5964,2970 6054,2970 6143,2964 6233,2964 6292,2964"/>
                <TextEquiv>
                    <Unicode>verderbliche Krieg gewählt, als eines</Unicode>
                </TextEquiv>
            </TextLine>
            <TextLine id="tr_1_tl_15" custom="readingOrder {index:14;}">
                <Coords points="3987,3243 4509,3155 4903,3255 5220,3164 5425,3276 5518,3183 5823,3167 6079,3300 6235,3276 6232,3005 5072,3128 4798,3020 4542,3113 4316,2999 3984,3011"/>
                <Baseline points="4002,3131 4091,3137 4181,3143 4270,3143 4360,3137 4449,3143 4539,3143 4628,3143 4718,3149 4807,3149 4897,3149 4986,3155 5076,3155 5165,3155 5255,3155 5344,3161 5434,3155 5523,3155 5612,3155 5702,3155 5791,3155 5881,3155 5970,3155 6060,3155 6149,3161 6239,3155"/>
                <TextEquiv>
                    <Unicode>Tages die Greise auf der Mauer sich</Unicode>
                </TextEquiv>
            </TextLine>
            <TextLine id="tr_1_tl_16" custom="readingOrder {index:15;}">
                <Coords points="3990,3387 4542,3472 4756,3360 6217,3357 6217,3279 5898,3294 5678,3180 5178,3300 4961,3222 4777,3306 4463,3164 3990,3240"/>
                <Baseline points="4008,3328 4097,3334 4187,3334 4276,3334 4366,3334 4455,3334 4545,3334 4634,3334 4724,3334 4813,3334 4903,3340 4992,3340 5082,3340 5171,3340 5261,3340 5350,3340 5440,3346 5529,3346 5618,3346 5708,3346 5797,3346 5887,3346 5976,3346 6066,3346 6155,3340 6221,3340"/>
                <TextEquiv>
                    <Unicode>beratschlagen, und eben Helena an</Unicode>
                </TextEquiv>
            </TextLine>
            <TextLine id="tr_1_tl_17" custom="readingOrder {index:16;}">
                <Coords points="3933,3598 4723,3538 4885,3629 5509,3547 5907,3683 6220,3550 5829,3363 5030,3457 4846,3378 4400,3505 4162,3372 3930,3475"/>
                <Baseline points="3948,3525 4038,3531 4127,3525 4217,3525 4306,3525 4396,3525 4485,3525 4575,3525 4664,3525 4754,3525 4843,3525 4932,3525 5022,3525 5111,3531 5201,3537 5290,3531 5380,3531 5469,3531 5559,3537 5648,3537 5738,3537 5827,3543 5917,3537 6006,3537 6096,3537 6185,3537 6227,3537"/>
                <TextEquiv>
                    <Unicode>ihren vorüberwandelt. Die Augen</Unicode>
                </TextEquiv>
            </TextLine>
            <TextLine id="tr_1_tl_18" custom="readingOrder {index:17;}">
                <Coords points="3945,3755 5144,3719 5319,3833 5488,3731 5925,3758 6079,3864 6193,3812 6190,3629 5895,3686 5464,3565 5126,3547 4891,3635 4726,3538 4629,3610 4111,3571 3942,3671"/>
                <Baseline points="3960,3704 4050,3710 4139,3704 4229,3704 4318,3704 4408,3704 4497,3704 4587,3704 4676,3704 4765,3710 4855,3710 4944,3710 5034,3716 5123,3716 5213,3716 5302,3716 5392,3716 5481,3716 5571,3716 5660,3722 5750,3722 5839,3722 5929,3728 6018,3728 6108,3722 6197,3716"/>
                <TextEquiv>
                    <Unicode>der alten Männer ruhen staunend auf</Unicode>
                </TextEquiv>
            </TextLine>
            <TextLine id="tr_1_tl_19" custom="readingOrder {index:18;}">
                <Coords points="3942,4005 5163,3915 5334,4050 5476,3936 5618,4032 6190,3942 6190,3815 6088,3876 5928,3761 5554,3743 5346,3833 5144,3722 3942,3776"/>
                <Baseline points="3960,3901 4050,3895 4139,3895 4229,3895 4318,3895 4408,3895 4497,3895 4587,3895 4676,3901 4765,3895 4855,3901 4944,3901 5034,3901 5123,3901 5213,3907 5302,3907 5392,3907 5481,3907 5571,3907 5660,3907 5750,3912 5839,3912 5929,3912 6018,3912 6108,3912 6197,3907"/>
                <TextEquiv>
                    <Unicode>ihr, und jetzt begreifen sie's mit</Unicode>
                </TextEquiv>
            </TextLine>
            <TextLine id="tr_1_tl_20" custom="readingOrder {index:19;}">
                <Coords points="3927,4108 4855,4117 4961,4201 5455,4105 6217,4153 6175,4017 6021,4066 5524,3960 5364,4069 5163,3915 3927,4041"/>
                <Baseline points="3942,4091 4032,4085 4121,4085 4211,4085 4300,4085 4390,4085 4479,4085 4569,4085 4658,4085 4748,4085 4837,4085 4927,4085 5016,4085 5105,4091 5195,4091 5284,4091 5374,4091 5463,4097 5553,4097 5642,4091 5732,4097 5821,4097 5911,4097 6000,4097 6090,4097 6179,4097 6221,4097"/>
                <TextEquiv>
                    <Unicode>einem Mal, daß die Griechen um</Unicode>
                </TextEquiv>
            </TextLine>
            <TextLine id="tr_1_tl_21" custom="readingOrder {index:20;}">
                <Coords points="3954,4316 5069,4295 5714,4439 6350,4421 6347,4216 6187,4162 5958,4240 5762,4141 5331,4252 5163,4129 4976,4213 4834,4114 3954,4210"/>
                <Baseline points="3972,4282 4062,4276 4151,4276 4241,4276 4330,4276 4420,4276 4509,4276 4598,4276 4688,4276 4777,4276 4867,4276 4956,4276 5046,4276 5135,4276 5225,4276 5314,4282 5404,4288 5493,4282 5583,4288 5672,4288 5762,4288 5851,4288 5941,4294 6030,4294 6120,4294 6209,4294 6298,4294 6352,4294"/>
                <TextEquiv>
                    <Unicode>eines Weibes willen so lange schon</Unicode>
                </TextEquiv>
            </TextLine>
        </TextRegion>
    </Page>
</PcGts>
