7144 4776
3668 243 5868 694 dich schützen. Hans gab sich zum
1292 440 3369 807 und dachte: „Morgen ist auch
3673 576 5750 875 Schütze den Rangen auf der Kopf.
1264 671 3419 965 noch ein Tag, und heute Nach¬
1270 824 5800 1066 mittag ist sogar noch derselbe.“ Abends kam er in die Residenz.
3622 920 5834 1219 Es regnete noch immer fort. Der
1349 987 3470 1320 Warum soll ich mich dem schon
3611 1078 5879 1399 gute Hans hatte noch immer
1326 1207 3448 1467 jetzt auf die Läme machen?
3589 1247 5936 1563 den Kanzen auf dem Kopf. den
1320 1354 3543 1642 Blieb darum noch da und sah
3622 1411 5936 1727 Leuten in der Residenz war das
1377 1535 3386 1823 sich die Gegend an. Er sah
3611 1591 5964 1918 etwas sehr ungewohntes, und
1365 1698 3538 1986 Hügel. weite Felder streckten
3651 1777 5919 2105 sie zeigten mit Fiegern auf den
1365 1851 3521 2178 sich vor ihm aus Nachmittags
3662 1941 5964 2240 Bauernjungen. Wohin sollte er
1337 2031 3431 2359 machte er sich auf den Weg.
3611 2144 5958 2421 setzt geh'n? Er wollte fragen; jedoch
1360 2218 3431 2550 Er war eine Stunde vorwärts¬
3611 2280 5834 2573 als Freund des Aufschubs sah
1354 2381 3481 2708 geschritten, als sich Wolken
3639 2432 5936 2765 er sich zuerst die erleuchteten
1264 2573 3453 2872 am Himmel zeigten, die sich
3685 2629 5964 2934 Häuser an und wandelt in den
1247 2725 3510 3041 immer mehr und mehr zusammen¬
3673 2799 5851 3115 Straßen umher. Es wurde auf
1196 2895 3476 3205 ballten, bis plötzlichem Platz¬
3651 2974 5896 3278 den Straßen immer leerer
1281 3081 3459 3397 regen herabfiel, der bekanntlich
3651 3160 6037 3436 und leerer. Da dachte er endlich
1303 3256 3487 3560 die unangenehme Eigerschaft
3673 3301 5857 3622 daran, eine Herberge aufzu¬
1275 3481 3510 3775 hat, naß zu machen. Armer
3668 3504 5772 3837 suchen. Es hatte aufgehört
1326 3611 3532 3955 Haus! Höttest du es nicht auf¬
3685 3673 5823 4006 zu regnen und er hatte sich
1354 3792 3510 4130 geschoben, schon in der Frühe
3690 3814 5846 4209 endlich entschlossen, den Rau¬
1365 3978 3549 4317 Hortzugehen, so wärst du schon
3656 4046 5964 4435 zen vom Kopf herunterzunehmen.
1264 4175 3498 4508 in der Residenz und könntest
