7464 4968
1087 473 3555 861 Dreizehntes. Rüdiger wird von Gernot
1100 763 1709 980 gelödtet.
1100 848 3576 1185 Vierzehntes Gunthers Leichnam liegt
2413 1006 2945 1147 Griemsitz
102 989 3542 1458 im Gefängnis in Kiemhilds Gemach, sie selbst hebt
1014 1185 3606 1517 das Schwert und blickt mit entsetzlich
1049 1317 3623 1722 strengen Augen auf Hagen, der gebun¬
1057 1534 2937 1846 den vor ihr am Boden liegt.
1087 1650 3627 2067 Fünfzehntes. Hildebrand trschlägt Kriemhild
1117 1991 3670 2310 So wie das Nibelungenlied schließt, so endet:
1057 2136 3640 2489 auch die Reihe der Gemälie. Wir verlassen
1130 2323 3640 2651 den Paal, und wie wir nun mit einem
1095 2464 3653 2805 letzten Blick von den Nibelungenfelden
1113 2698 3679 3031 Abschied nehmen wollen, - da weilen unsre
1104 2843 3602 3210 Augen unwillkürlich von neuem auf je¬
1142 3018 3568 3303 nem Wort "Freude bringt Leid" – und es
2724 3171 3137 3278 inniger
1125 3154 3312 3555 ergreift unser Herz mit Wehmut.
2067 3534 2783 3832 Wefr
3892 601 6402 1010 Der Begriff des Pomantischen in der ältern
4437 874 5827 1164 Deutschen Dichtung.
3951 1164 6389 1454 Es war im Anfang unsres Jahrsunderts,
3913 1343 6330 1671 als in Deutschland eine Reihe von Dichtern
3866 1530 6245 1803 auftrat, die man mit dem Namen der
3930 1696 6372 1965 Romantiker zu bezeichnen pflegt. Nach dem
3887 1850 6436 2161 heutigen Begriff des Wortes, romantisch wer¬
3883 1999 6458 2297 den wir aus jener Thatsache den Schluss ziehen,
3858 2182 6377 2421 Dass die Romantiker in ihren Werken selt¬
3904 2357 6424 2651 same Dinge und abinteuerliche Begebnisse behan¬
3866 2536 6377 2758 delten; da man sich noch gerade daran gewöhnt
3887 2673 6347 2971 hat, für alles seltsame und abenteuerliche den
3887 2830 6556 3120 Ausdruck "romantisch" zu gebrauchen. Die Wandlung,
3904 3022 6632 3278 die mit diesem Begriff vor sich gegangen ist, dürfte
3930 3184 6343 3457 leicht zu erklären sein: er hat einfach eine
6181 3329 6385 3444 war
3909 3325 6526 3632 allgemeinere Bedeutung gewonnen, als die, welche
3934 3521 6526 3794 ihm früher zukam. Die Verschmetzung der hin¬
3892 3657 6628 3913 nisch-germanischen Idee mit der romanisch-chriß¬
3926 3849 6436 4130 lichen, schon an und für sich eine seltsame
3904 4015 6419 4343 schienung mußte die Neuzeit, welcher die
