7400 4952
1189 645 3644 884 der gelehrt war gleichihnen, sie schrieben
1169 762 3648 1091 für die, von denen sie verstanden wurden
1185 931 3613 1181 und das war der kleinste Theil der
1173 1103 3640 1415 nation. Es würde uns zu weit führen
1173 1255 3656 1560 wollten wir hier alle Phasen an verschie¬
536 1470 3679 1756 alle jene denen Thäsen besprochen, welche diese
1196 1587 3675 1889 Art der Poesie die Pörsie an des Hand
1220 1791 3652 2111 der Gelehrsamkeit welche diese Art
895 1963 3664 2244 diese der Poesie in ihrer fernern Entwick¬
1196 2150 3625 2448 lung durchgemacht hat; nur in kur¬
1243 2276 3679 2612 zen Zügen sei hier der Weg gezeichnet,
1243 2514 1838 2737 den sie i
1302 2631 3628 2874 So sei denn hier nur in kurzen
1318 2788 3648 3081 Zügen der Weg gezeichnet, den
1314 2972 3664 3257 diese Sörsie bis auf unsre Zeit ge¬
1259 3120 3675 3406 gangen ist. Opitz aus der zu An¬
297 3202 974 3480 novemâre :
1365 3284 3695 3593 fang des 17. Jahrhunderts der
626 3413 1005 3656 leur
1310 3453 3734 3742 Sornenverwilderung ein Ende machte
1290 3632 3601 3871 und der Begründer der ersten
1337 3785 3695 4125 schlesischen Schule war. Die Talente
1345 3976 3711 4227 der zweiten schles. Schule zeichnen
1357 4137 3625 4410 sich vorzugsweise durch ihren
1361 4309 3691 4645 bombastischen, gekünstelten Stil
3726 547 6268 817 aus. Um diese Zeit drang der französische
3738 712 6295 1024 Einfluß nach Deutschland, dessen Folgen
3742 876 6104 1185 durch Gottsche gefördert, durch
3758 1040 6135 1302 Bodmer und Breitinger bekämpft
3758 1224 6174 1427 wurden. Diese letztern waren die
3746 1353 6315 1634 Vorläufer eines Klopstock, Wieland,
3746 1533 6178 1806 lessing, der ersten Klassikertrias
3734 1689 6377 1986 denen die zweite Trias der Klassiker.
3777 1861 6100 2123 Schiller, Göthe, Herder folgte. Die
3758 1986 6721 2307 Sturm und drangperiode ist es, die von welche
3773 2158 6248 2420 ihnen die Atmosphäre läuterte und
3746 2346 6526 2620 die Atmosphäre läuterte, der aus
3789 2498 6741 2803 diese Sonnenleuchtet dieses Dreigestirn herab¬
3804 2624 6354 2968 leuchtete. Mit ihnen brach eine zweite
3804 2827 6201 3163 klassische Periode Deutschlands
3804 2987 6283 3351 herein; und je herrlichem Rennen
3804 3163 6319 3480 und Gedeihe blüchte die national¬
3851 3343 5701 3703 Sönsie von neuem auf.
3844 3851 6041 4348 der Schluß fällt bedeulend ab
4293 4164 4888 4547 Sonst
5185 4262 5834 4571 Vorz.
