7368 4872
1668 385 2816 798 Schillers
1414 723 3590 1195 Rabale und Liebe
1322 1191 3618 1596 als Quelle für die zeitgenössische
2049 1453 3177 1767 Sittengeschichte.
1056 1819 3650 2129 Es nachte das Ende des vorigen Jahrhunderts.-
1148 2033 3701 2375 Kingsum durchs weite Land wehte eine Luft
1183 2228 3713 2514 des Sturms und Drangs. Eine glühende
1243 2395 3658 2736 Sehnsucht nach dem unbestimmten Idal
1251 2597 3614 2903 der „reiheit" hatte sich in den leiden,
1223 2780 3713 3117 schaftlicher Herzen der Jugendentzün¬
1211 2959 3646 3296 dik, und Gedanken, noch unreif zur
1239 3149 3717 3491 That gährten ungeduldig in Den erhitzten
1235 3344 3622 3705 Gemütern. Es war die Zeit des
1263 3538 3713 3840 mastlosen Drängers in eine ungewisse
1239 3737 3658 4035 Zukunft, die die Jugend herbeischete,
1239 3912 3729 4265 weil die Gegenwart den kraftgemein
1243 4126 3558 4452 lischen Geistere zu eng war und
1247 4301 3725 4662 ihnen ein Gefängnis dünkte, aus
3812 425 6406 778 dem sie so schnell als möglich entfliehen
3785 655 6175 981 müßten. Aber wahrlich! diese Zeit war
3804 834 6227 1156 nicht für Jünglinge, geschaffen; - ja,
3816 1033 6306 1267 nur Sklavenseelen, konnten die Fesseln
3789 1211 6140 1549 ohne Murren ertragen, in denen eine
3789 1394 6974 1716 despotische Willkür in jenen Jahrzehnten das Volk
3856 1596 6068 1878 gefangen hielt. Edler gesinnte
3824 1783 6290 2113 müßten sich zu befreien suchen aus
3793 1974 6144 2327 den schimpflichen Banden und einer
3800 2141 6354 2478 schönern Zeit mit vergehrender Ungeduld
3800 2347 4976 2693 entgegenharren.
3836 2442 6414 2847 In seinen Tagen nun wär es, wo Schiller
3804 2736 6354 3014 mit seinem Drama "Kabale und Siebe
3824 2911 6195 3217 hervortrat, mit jener Richtung, aus
5492 3022 6334 3260 entgegen weht.
3836 3117 6382 3415 der uns der ganze Pesthaucht, der damals
3836 3264 6124 3650 die höhern Schichten der Gesellschaft
3852 3475 6255 3840 durchzog.- Die erste Idee zu seinem
3872 3650 6263 3975 Stücke hatte Schiller- im Gefänge is
3848 3848 6290 4194 zu Stuttgart gefasst, - die Gestaltung
3836 4031 6147 4337 der Idee lag ihm nicht ferne.
3872 4202 6203 4591 Er konnte das Wesen der durch
