7544 4984
3785 307 6420 722 und ihre Hütten bauen auf der Vorfahren
1288 445 3622 830 Zeiten Andenken stets und stets
3723 536 6286 847 Gräber. Und jetzt scheidet der Wan¬
1853 690 2125 820 Gahre
1327 670 3628 1007 umschreibe, daß er an einem
3772 781 6243 1007 Dersmann mit dem Wunsch bei seiner
3220 791 3619 951 schwebr.
1736 840 2684 1075 über um heilige
1229 876 3661 1183 Orte wunderbarer Erinnerungen voll,
3805 905 6106 1278 Heimkehr auch ein solches Weib
1288 994 3684 1415 geboren sei; er wünscht ihm, daß
3795 1095 6315 1477 zu finden, das ihm mit dem Knaben
1327 1187 3694 1527 er wie Menschen eines verflossenen
3821 1327 5825 1664 auf dem Arm entgegenkomme.
1330 1442 3579 1814 Zeitalters Ruhe finde im grohen
1343 1618 3517 1997 Genießen jedes Tages, daß er er
1324 1752 3589 2177 glücklich werde, wie im Vorfahren die
1337 1981 3723 2367 hier gelebt und ihre Tage verbracht,¬
1324 2148 3687 2556 und edel werde wie sie. Nun erzählt
1376 2350 3700 2664 das Wandver den Weib, hier hätte
1324 2569 3635 2948 ihr Vater die Hütte erbaut, und
1716 2782 1987 2961 selb
1412 2716 3746 3135 sie seinem Mann gegeben. in dessen
1272 2978 3730 3233 Armen und in ihren Armen sei
1304 3131 3566 3458 der Vater gestorben. Da ruft
1383 3275 3707 3625 der Wandrer aus, wie weihe die
1350 3494 3707 3824 Natur sei, daß sie jedem Men¬
1415 3703 3756 4047 schon denen keine zum Genießen
1383 3909 3674 4187 in 6 die Bruß gelegt, daß über
1422 4060 3684 4387 den Trümmern der Vergangenheit
1442 4256 3788 4625 eine eine Zeit froh hervorsprieße
