7432 4968
3699 350 6151 682 lungenliedes bewährte, als eben diesem
3742 584 6170 848 Schreiten wir denn über die Schwelle.
1204 541 3503 928 Wie kann man sich das Anden¬
3662 744 6477 1045 Zu beiden Seiten der Thüre sehen wir je eine
1211 836 3478 1075 ken der Helden des Nibelungen,
3675 891 6139 1217 zwei Bildsäute stehen, die Brunhild und
1149 1008 3533 1272 liedes monumental verewigt
3675 1069 6206 1346 Kriemfild darstellen sollen; Bumhild sieht
1831 1174 2599 1432 denken.
3681 1247 6249 1524 stolz vor sich hin, ein unbesiegbares, wildes
3687 1389 6120 1690 Weib; das reiche Lockenhaar fällt unge¬
1770 1475 3312 1714 einem „Nibelungensaal.
1333 1536 1794 1788 Idee zu
1776 1641 3269 1794 benann
3705 1573 6139 1819 bändigt über Nacken und Brußt; — zieh¬
3681 1702 6145 2016 tigen Blicks steht Kriemhild da, ein Bild
1272 1727 3367 2138 Mit leide was verendet desküneges höhzit
3699 1874 6256 2169 unentweihter, zarter Jungfräulichkeit.
1229 2003 3417 2249 als ie die liebe leide zu allerjungiste gît.
3736 2052 6041 2335 Wir schreiten weiter: Halbkreis Cormig
1131 2126 3626 2421 In diesen Versen liegt der Grundgedanke des
3755 2181 6237 2550 schließt sich die Wand uns Gemach. Rechts,
1211 2347 3619 2636 Nibelungenliedes. „Freude bringt Leid - dies
3724 2378 6145 2636 links und in der Mitte erblicken wir
1186 2501 3558 2778 traurig wahre Wort stellt in unserm rasch
3748 2538 6170 2864 je ein hohes Bogenfenster, in jeder der
1204 2630 3644 2980 fortschreitendem Epos das Unvergängliche, Stats¬
3767 2716 6084 3054 Nischen steht eine Statue. Die Wand
1204 2814 3607 3085 allgemeine dar; es ist der letzte Rück¬
3773 2876 6120 3220 selbst wird durch eine lange Reihe
1217 2986 3650 3269 blick auf all die Geschichte und Thaten, die
3767 3042 6213 3380 von Gemälden geschmückt. Wir treten
1211 3159 3650 3460 in der Diesung besungen worden; es ist die
3736 3232 6237 3521 näher. Je fünfzehn Bilder zieren die rechte
1217 3349 3675 3662 unsäglich trübe Wahrheit, die uns am Schluß¬
1247 3380 6194 3773 verkündigt wird. Es hat nicht anders kom- und linke Seite, die durch das mittlere
3742 3533 6256 3890 Bogenfenster von einander geschieden sind.
1241 3656 3687 3939 men können, denn Freude bringt leid.
3785 3589 6852 3988 In der Nische des rechten Fensters steht die Bildsäule
1260 3834 3662 4154 Keinem Worte zweite es mehr, am Ein¬
3828 3896 6206 4222 Hagens, links an der entsprechenden
1284 4007 3687 4345 gangenes Saales zu stehn, der uns
3822 4105 6041 4431 Stelle die Gunthers. Hagen - eine
1315 4166 3718 4517 Erinnerungen an die Helden des Nite¬
