7384 4760
4545 189 4783 462 uns
3663 304 6091 645 Wir müssen also den grünen Stengel mit
1254 377 3602 730 unsrer ersten Vorstellung vorausgesetzt) weiter
3633 450 6085 821 den gleich farbigen Blättchen aus dem Codboden
1254 615 3572 955 so muß uns jetzt die Blüthe der Rose vor Au¬
3633 663 6024 1010 gerade hervorstehend, auf der Spitze die
1247 773 3505 1120 gen schweben, in der halbkugligen Gestalt,
1223 913 6115 1254 mit den einzelnen diese aneinandergereihten solche Blüche mit den dichten sanft gegen
3681 1059 6128 1387 die Mitte der Blüthe selbst geneigten
1241 1120 3621 1454 Blüthen- und Kelchblättern, wenn wir die Gestalt
3694 1223 6109 1552 Blättern tragend vorstellen, um
1247 1351 3614 1661 der Blüthe so annähmen, als wären ihres Blick¬
4308 1412 6286 1789 verstellung von der Rose¬
2489 1503 3608 1698 vom Mittelpunkt der Blüthe we¬
3651 1491 4345 1759 eine nicht
4162 1643 4345 1783 be
1254 1564 3523 1880 gegen den Hodboden zu geneigt, so wäre
3657 1582 6365 1947 selbst wie sie in der Wirklichkeit besteht;
1272 1734 3012 2057 mehre Anschauung fehlerhaft.
3694 1807 5452 2215 dann haben wir richtig gedacht.
1284 1905 3566 2245 Gesetzt aber schon, daß wir uns Stiegel an
5982 1892 7028 2258 den 26. September 1877
4515 2032 5379 2391 2. Aufgabe
1308 2081 3608 2428 und für sich, sowie blüthe an und für schrichtig
1290 2276 3548 2586 vorgestellt hätten, so bleibt es noch immer
3712 2251 6115 2763 Ein Beispiel zu geben über die Vorstellung von
1266 2471 3627 2793 notwendig, daß wir diese Theile nicht etwa in
3712 2556 6146 2884 den Thatsachen innerer Erfahrung.
1290 2641 3535 2963 eine Verbindung bringen, als befände sich die
1302 2836 3572 3176 Bluche auf dem Erdboden, u. als stünde der
3767 2872 6219 3316 Es existirt absolut kein außeres Ohekt, durch
1345 3036 3639 3341 Stengel in ihrer Mitte gegen oben gewen
3761 3085 6255 3420 dessen Anblick in uns direct der Bergriff
1327 3219 3639 3505 det; sondern wir müssen nicht allein
3748 3298 6371 3669 Erfahrung hervorgerufen wird, wie sich
1308 3402 3578 3730 die einzelnen Obporte ohne Rücksicht auf
3761 3462 6122 3803 uns etwa unwillkürlich der Begriff
1290 3584 3596 3907 ihre gegenseitige Beziehung zu einer
3754 3657 6231 4034 eines Hauses aufdrängt, wenn wir ein
1247 3785 3608 4107 klaren Anschauung gebracht haben, wir
3767 3876 6146 4253 solches vor unsern leiblichen Augen
1278 3967 3590 4302 müssen sie auch in eine richtige gegen¬
3748 4028 6182 4491 sehm. Selbstverständlich wird sich die
1320 4150 3128 4509 seitige Beziehung bringen.
