7464 4984
1105 453 3641 823 Anschauungen des Mittelalters ziemlich ferne lagen,
1071 668 3624 981 umso fremdartiger und eigentümlicher berühren,
1041 856 3611 1149 und wenn man früher eben nur jene Verschmel¬
1082 974 3601 1273 gung romantisch nannte, so bezeichnet man jetzt
1075 1152 3560 1434 alles, was ungewöhnlich und abenteuerlich zu sein
1061 1340 2616 1642 scheint, mit diesem Namen.
1115 1525 3641 1753 die Idee der Romantik findet ihren gewaltig¬
1045 1639 3557 1948 sten Ausdruck in einer poetischen und in
1068 1820 3664 2093 einer welthikorischen That, im Uibelungenlied
1061 1975 3617 2287 und in den Kreuzzügen. Und eben daraus
1118 2116 3654 2445 werden wir jene Idee zu entwickeln suchen.
1296 2324 3591 2616 Wenn wir die Sieghriedhage, wie sie uns
1132 2462 3601 2731 einerseits in der Bda, anderseits im Vitelun¬
1118 2633 3641 2979 genlied erhalten ist, vergleichen, so drängt
1118 2818 3664 3130 sich uns die Frage auf, welche Einflüsse es
1108 2986 3523 3308 waren, diesene Mythe der Edler zu der
1105 3154 3654 3443 unserm Fühlen und Denken weit näher
1112 3335 3631 3668 gerückten Erzählung des Nibelungenbedes
1129 3483 3537 3795 gestalteten. Der jugendkräftige Held
1182 3688 3742 3963 Siegfried ist das Protothx des echten Menschen¬
1132 3842 3718 4141 tums der alten Zeit./. Bemahr unter allen
1226 4158 3718 4501 In diesem Sinne läßt er sich wohl mit Faust
3903 339 6408 628 Völkern finden wir seine Gestalt, wenn
3886 514 6506 783 auch unter den verschiedensten Namen, und
3852 678 6435 954 überall ist er derselbe, wenn auch der Hinter¬
3866 856 6506 1129 grund, von dem sich sein gewaltiges Bild
3842 1004 6439 1270 abhebt, ein verschiedener ist. In der Edda
3859 1186 6563 1391 umgibt ihr die nordische Götterwelt; immitten
3849 1320 6372 1555 überirdischer Wesen erblüht der stolze Held
3849 1498 6351 1763 Siegfried und geht dort unter. Die deutsche Sage
3893 1666 6583 1948 hat jene überirdischen Wesen zu Menschen gemacht.
3886 1824 6442 2045 Aus dem Nibelungenlied weht es uns gleichsam
3896 1992 6318 2223 traulicher, hei matlicher an als aus der Eda
3876 2133 6311 2408 In den Grenzen, die die deutsche Sage
3910 2318 6382 2633 um uns zieht, fühlen wir uns wohler als
3869 2502 6325 2741 in dem Fremden, unbekannten Nord an. Das
3879 2657 6405 2929 heidnisch germanische Element der Kampfesfreu¬
3896 2852 6398 3053 digkeit mußte sich mit einer Idee, welche un¬
3893 3006 6573 3305 serm deutschen Empfinden näher stand, mit der
3980 3372 6466 3587 vergleichen, der das Protothy des Menschen¬
3940 3483 6519 3708 tums der neuen Zeit bildet. Denn wir in den
4014 3648 6543 3950 seltesten Jahrhunderten die höchste körperliche
3950 3819 6435 4064 Kraft der Menschheit als bedeutendßes Ziel vor¬
3913 3980 6486 4266 schwebte, so ist die höchste geistige Vollendung
3923 4202 5609 4413 das Ideal der neuen Zeit.
