7572 4984
1448 355 3729 756 lüstigen Kanze, heute findelst du
1444 582 3745 895 im Schloß den vornehmen Herren
1480 740 3645 1040 vor; morgen ziehst du müde,
1457 918 3768 1238 trübselig daher auf der weiten
1519 1070 3774 1335 Straße und weißt nicht, wohn¬
1677 1231 3709 1538 tigé. Wie gehts daoben lustig
1448 1396 3742 1700 zu b. Wie schallt fröhlich es Lachen
1506 1567 3719 1916 durch die weiten gehalten Wäle!
1486 1732 3622 1968 und durch die Menge der
1519 1903 3697 2233 Gäste, immer geschäftig drängt
1503 2081 3784 2394 sich der Festgeber, in reicher
1606 2236 3793 2530 Verschwender, tald einen kommen
1506 2391 3713 2714 die Hand reichend - und wie
1528 2543 3784 2834 viel "Treunde" strecken ihre in
1541 2717 3793 3018 erheuchelter "Aufrichtigkeit, beide
1583 2876 3810 3212 Hände entgegen - bald immer
1590 3057 3842 3306 Dame galente Artigkeiten sagend
1577 3209 3761 3496 die sie läch etwas hinnimmt. Hie
1512 3386 3742 3684 und her wegen die gepätzten
1483 3548 3732 3835 Gäste, die Damm eingeßigt in
1570 3713 3819 3945 Die Arme der Herren imleisch¬
1564 3874 3803 4168 dunkeln Fensternischen stehten
1561 4023 3816 4343 Paare in zärtliche Gespräche ver¬
1577 4184 3813 4527 nicht nur selten, daß einer oder
3861 326 6110 656 der andre allein und nicht wie
3842 536 6191 843 die andern ein nichtssagendes
3890 675 6091 937 tächeln auf den Lippen, an die
3874 860 6156 1166 Wandgelehnt daßeht, mit gedan¬
4821 1028 5209 1150 Alsicke
3865 1034 6230 1305 kenvollem das prängende
3848 1160 6052 1506 Nichts beträchtend, das sich
3923 1338 6336 1648 seinem Auge darbietet. Denkt
3923 1496 6343 1826 er wohl in diesem Augenblick
3932 1661 6265 1942 an die unmöglich mehr ferne
3920 1842 6252 2129 Zeit, wo der Verschwender
3974 1990 6143 2320 nicht trüben Sinns in die Ver¬
4020 2158 6175 2475 Gangenheit zurückdenken, wo
3981 2326 6249 2608 er seine unselige Sucht, das
3965 2482 6569 2818 Geld wegzuwerfen, be Klagen wird –
3958 2679 6042 2931 aber vergebens? jetzt nach
3997 2811 6291 3138 Ihm selbst, dem frühen Ver¬
3965 2966 6304 3322 schwender kommt wohl kein
4033 3128 6385 3396 Gedanke an die zukünftigen
3965 3296 6336 3622 Rage. Er sitzt beim Mahle
3965 3477 6185 3777 unter den Genossen, er
3939 3648 6256 3897 erhebt den vollend Pokal
3991 3826 6437 4110 mit dem schäumenden Weine
3991 3955 6320 4233 und spricht einen stolzen
4052 4058 6569 4488 Trinkspruch auf Reichthum, Glück,
