7656 4792
3900 309 6170 680 und in Freudenheben; gleichmöcht ich dir
1419 401 3778 772 Denn hellstrahlenden Fenstern die Tausenden
2923 613 3110 702 en
3885 561 6173 852 Lebewohl sagen, du kleines Zimmerchen, ob¬
1373 637 3729 980 Paare vorüberfliehen, und durch die weiten,
3888 744 6180 1057 wohl du dem Himmel so nahe bist; in einer
1443 827 3664 1152 prächtigen Sähmelegante Cavaliere mit
3900 913 6222 1268 neuen, prachtvollen Wohnung möcht ich dich
1419 1011 3673 1351 Den reichgeschmückten Damen am Arm
3894 1140 6253 1440 bald vergessen haben, und mit der distrau¬
1415 1262 2384 1544 umherwandeln
3912 1290 6149 1615 rigen, bittern Tage meiner Jugend. In
1412 1354 3830 1722 „Ich muß dir wohlrecht geben. Ewald, erwiderte
3903 1507 6198 1841 meinem traulichen Studierzimmer würde ich
1397 1544 3762 1896 der andre, und mit der behaupte ich, daß
3909 1716 6183 2031 den Tag bereind oder lesend verbringen, in
1394 1783 3787 2126 die, die gegen den Mommon am meisten
3940 1903 6370 2175 heitern, sonnigen Stunden meine Zeit im Grünen,
1394 1952 3836 2243 eifern, die beiden der Armut am wenigsten
3909 2062 6253 2399 im luftigen Freien verstrichen lassen, und
1415 2175 3765 2420 kennen gelernt haben. O wußten sie, was es
4917 2255 5162 2414 mir
5699 2286 5879 2390 Der
3949 2218 6302 2479 des Abends würde ich ein Theater Deinen Fall
1391 2328 3784 2669 heißt, mit schwerer Mühe sein Geld zuvor,
3958 2491 6317 2770 eine angenehme Erheiterung gewähren
1419 2491 3851 2834 dienen um dann noch zu Hungern und zu Frinsau.“
4167 2641 6226 2917 Aber wohin komme ich!“ Er sah sich mit
1474 2702 3790 3021 Ich glaube, lieber Adalbert, kein er von uns
3992 2797 6409 3146 einem schmerzlichen Blicke in dem ärmlichen
1406 2895 3796 3220 wäre einer jener Mönche geworden, die im
4010 3002 6281 3312 Stübchen um, bis sich seine Augen wieder zu
1443 3076 3790 3398 Mittelalter all ihr Hab und Gut der Kirche
3946 3205 6275 3560 dem gegenüberliegenden Hause wandten, wo
1428 3290 3805 3572 überließen und ins Kloster gingen, um dort
3934 3373 6284 3652 ebenem Herr und eine dame am Fenster
1403 3490 3836 3805 ihre Tage in Aanut und Einsamkeit zuver¬
3958 3557 6112 3879 standen und zu den beiden Freunden
1369 3646 3811 4023 bringen. Ich zum wenigsten würde, wenn ich
4001 3793 4743 4105 heraufsahen.
1495 3854 3796 4194 schon mich wäre, keine besondere kust
4029 3931 6348 4228 „Werweiß“, sagte Adalbert, ob dieses Paar
1449 4053 3860 4369 verspüren, meinen Reichtum da hin zu geben
4014 4112 6412 4467 am Rußer nicht uns ebenso beneidet, wie
1422 4225 3885 4596 und ins Kloster zu gehen. O wie möchs ich herrlich
