7288 4680
776 517 3490 887 2) Weder wenn wir schlafen, noch weniger schwer
3689 535 6184 940 Sowohl wenn Büdiger über Pflichten der
901 702 3431 964 krank, noch wenn wir sehr ermattet sind
3721 842 6090 1135 Gastfreundschaft verletzt, als auch wenn
905 877 3399 1223 sind mir fähig zusammenhängend zu
3700 1013 6233 1300 er die Eid gegen die Königinbricht, hat
3036 1083 3434 1223 G.C.H.F.P
2446 1142 2690 1317 G.C.H.F.P
964 1111 1708 1345 denken.
2805 1132 3162 1324 schriele
3647 1184 6184 1411 er eine ehrlose Handlung begangen; nun
1003 1202 3487 1488 dieser hier ist schwer krank; ago ist
5164 1324 5817 1481 kolast der
3623 1321 6184 1600 kann er nur entweder die Gastfreundschaft
2750 1380 3452 1607 G.C.H.F.P.S. M r. S.
975 1404 2128 1674 errufähig lte.
3668 1534 6313 1722 oder den Eid verletzten; ago ist er jedenfalls
1020 1593 3494 1768 Modus tollens
5985 1653 6194 1845 G.C.P.
3668 1674 5908 1929 eine cholose Handlg begangen.
681 1698 3420 2023 1) Wie im Schlußfalsch ist, so ist entweder
3808 1834 4210 1950 Weder
3682 1824 6236 2082 Sow l wenn Sträger den Pflichten der Gast¬
978 1880 3452 2107 der Obersatz, der Untersatz oder es
3654 1988 6118 2212 Freundschaft treu bleibt, als auch wie
1010 2023 2959 2299 sind beide Prämissen falsch.
3682 2166 6184 2358 er dem jed gegen die Königin treu bleibt,
1038 2208 3249 2463 Hier ist weder der Obersatz noch etc,
4318 2309 5821 2453 wie ehrlöse xxx begange
3724 2320 6299 2578 haftter ehrlich gehandelt; nun kann nun
1020 2344 3127 2641 ergo ist der Schluß nicht falsch.
3682 2453 6460 2690 entweder die Pflichten der Gastfr., oder
797 2505 3480 2781 2) Wenn ein histor. Factum als erwiesen dastehn
3693 2648 6505 2910 dem Eid treu bleiben, ergoßt er jedenfalls
1038 2676 3473 2970 soll, so dürfen weder die darauf besagt.
3693 2805 5038 3085 theilich gehandelt. —
1055 2823 3546 3068 mündl. Überlieferungen, noch die schriftliche
4070 3019 4248 3242 2e
1038 2994 3571 3256 Giellen Falsch sein, noch der Herde Vorscher
1080 3176 2886 3466 oberflächlich untersuchen;
1024 3333 3543 3616 hier ist der Forscher oberflächt. zu Werke
3745 3305 3948 3511 G.C.P.
1087 3494 3574 3780 gegangen, nasse ist das Facture nicht erwiesen
