7192 4920
1541 139 2052 340 b
1271 156 1464 309 h
3612 372 5859 638 konnt' es heiter sein? In Eurer Hand,
1410 431 3405 749 Nicht darüber Trauert nicht
3612 525 5874 840 Alsener, liegt es, das Bild für uns
1356 624 3425 846 darüber, daß er in einer solch
3641 695 5780 970 heitrer zu gestalten. xxx
1388 783 3530 1056 wilden, kriegerischen, unglücklichen
3623 863 5771 1144 ist das Schmert, Ist doch die ganze
1456 970 3493 1226 Zeit gestorben, daß ihn im Gott
3629 1013 5871 1325 Weltgeschichte im Gemälde, in dessen
1405 1107 3499 1342 uns entrissen, als er uns der
3660 1175 5737 1419 Hintergrund die Schotten großer
1422 1291 3524 1549 einzge Schütz, die einzige Rettung
3658 1314 5652 1629 Männer verdüstered stehen¬
1422 1402 3561 1754 schien; eine Todesverachtung schöpft
3658 1512 5854 1799 Rafft Euch auf! Eure Thränen
1405 1626 3524 1893 aus diesem Anblick, derkt, wenn
3672 1640 5771 1921 wecken ihr Prriktes nicht
1433 1771 3416 1972 ein solcher Monsieur dem Zod
3675 1839 5916 2103 auf! x und er ist glücklich; denn
1444 1907 3564 2205 zum Opfer fiel, sind wir wert
3737 1966 5763 2270 Sie vigantischer Geist ist
1424 2066 3493 2392 zu leben? Sollen wir den Tod
3680 2111 5871 2423 entschwunden, entseelt liegt
3243 2222 3555 2324 weit
1424 2281 3507 2520 schauen, die wir so unendlich
3672 2321 5814 2616 sein Körper dar entflosen
1436 2426 3553 2673 unter ihm stehen? Nein, Atsener
3689 2452 5973 2738 seine große Seele # füßt Ihr keinen
1436 2591 3538 2880 Fasst Mut, noch ist nicht alles
3737 2647 5255 2891 Fürcken davon in Euch?
1476 2750 3584 3002 verloren. Ist denn Syarta gegen
3797 2835 5908 3067 dessen verdanklichen alles, Abheuer,
1476 2928 3578 3187 das Unglück gefeit? Soll Sporta
3799 2931 5919 3221 aber habt ihr mit seinem Tode
1382 3070 3570 3379 über Athen jubeln, soll es ver¬
3780 3147 5289 3365 alles verloren. Nun
1478 3246 3555 3516 heerend stürmen in Ätheres
3768 3283 6050 3609 Wohlan denn, trübt Euer Auge
1456 3396 3589 3686 Gefilde, und hoselachendrufen,
3728 3433 5967 3743 nicht durch Thränen, scharfen
1510 3544 3547 3862 Perikles ist todt! Athen ist
3757 3635 5964 3836 Augen bedarf das Vaterland,
3711 3797 5803 4075 bedürfen wir, um die Feinde
1441 3765 2074 3978 unser
1510 3893 3629 4126 Wahrlich, ich malte auch ein dußres
3802 3938 5840 4225 ihre Kisten, ihre Pläne
1444 4046 3553 4310 bild. Der Schatten des großen
3797 4109 5967 4415 zu durchschauen, nicht in weich¬
1490 4231 3419 4497 Todten fiel darauf, - wie
