7320 4696
4424 512 5246 799 I. Aufgabe.
5995 635 6737 853 Den 22. September
3691 667 5726 999 Ein Beispiel zu dem Satz zu geben:
3688 863 5960 1176 Wir denkereichtig, wenn wir die ihren
3675 1049 5887 1397 objecten entsprechenden Vorstellung in
3738 1226 6115 1580 so miteinander verbinden oder sie so von
3672 1425 5976 1757 einander trennen, wie es ihr Inhalt
3672 1665 4373 1966 erfordert.
3773 1763 6013 2101 Stellen wir uns z. B. irgend eine Pflange,
3722 1994 6064 2272 etwa eine Rose vor, u. suchen wir uns
3688 2187 6130 2519 alle ihre Bestandtheile zu vergegenwärtigen,
3707 2402 6105 2683 ohne sie aber vor unsern leiblichen Augen
3722 2585 6124 2888 zu sehen. Wir müssen vor allem an den
3697 2708 6118 3037 Stingel mit seinen grünen Blättchen Droßen,
3675 2917 6200 3230 u. uns seine grüne Farbe, seine längliche, Sund¬
3697 3116 6241 3441 liche Gestalt vorstellen. Wenn wir etwa statt
3751 3299 6263 3599 seiner grünen Farbe eine blaue annähmen,
3719 3498 6194 3833 so würde sich schon ein Fehler in die Reihen¬
3741 3662 6260 4007 Folge mehrer Vorstellungen eingeschlichen
3748 3855 6273 4187 haben, u. zw. eine einzelne der letztern
3738 4026 6219 4367 betreffend. Denke wir aber, (die Richtigkeit
4835 4241 5239 4490 um
