7560 4648
1180 490 3573 846 machen, allen übrigen voran¬
1252 746 3434 1060 gestellt und vorgezogen zu
1245 947 3359 1154 werden, - die es verdienen,
1248 1106 3593 1385 daß ihr ruhmvolter Name in
1268 1284 3495 1566 Sage und Lied bis zum heu¬
1284 1440 3453 1712 tigen Tage im Munde des
1252 1599 3482 1900 deutschen Volkes fortiebt und
1245 1764 3544 2085 bis in die jetzigen Zeiten
1232 2001 3560 2263 Gepriesen wird, die mit Recht
1245 2108 3544 2367 nie vergessen werden, deren An¬
1245 2305 3495 2552 Gedenken in den Herzen der
1245 2461 3609 2756 Deutschen mit dem Griffel
1245 2636 3593 2892 der Liebe und der Verehrung
1209 2789 3564 3067 unauslöschbar eingeschrieben
1242 2954 3622 3226 ist, und die unserem Gedächtniße
1187 3135 3567 3372 niemals entschwinden und er
1239 3324 3628 3593 sterben werden. Die künftigen
1268 3495 3499 3755 Geschlechter werden sie ver¬
1261 3625 3473 3923 ehren; - denn diese beiden
1388 3784 3369 4066 Männer sind Karl der
1336 3959 3615 4274 Große und Friederich Barba¬
1303 4228 1738 4442 rossa.
4001 373 6605 632 Welcher von ihnen verdient wohl
4017 567 6313 879 den Vorzug? Karl der Große
4030 762 6550 1044 hat sich viele Reiche unterthan
4047 908 6573 1190 gemacht, viele Länder mit star¬
4063 1112 6290 1388 ker Hand unterjacht, mit
4076 1255 6514 1547 größer Kraft gewaltige Siege
4073 1430 6501 1628 erfachten und das kostbarste
4056 1615 6491 1874 Gut, die Liebe seiner Unter¬
4063 1780 6501 2033 thanen erworben. Von den feind¬
4040 1939 6511 2202 lichen Fürsten wurde er sehr
4040 2130 6511 2403 gefürchtet. Aber an Friedrichs Tod
4105 2273 6673 2519 wollte das deutsche Volk gar nicht
4069 2461 6540 2769 glauben, es ließ ihn in der Sa¬
4076 2636 6436 2928 ge fortleben und versetzte ihn
4069 2821 6436 3116 in den Ryffhäuser. Dort soll er
4076 2996 6427 3288 verzauber schlafen. Sein Bart
4034 3174 6440 3460 „von Feuersglut“ ist schon durch
4073 3343 6346 3599 den marmelsteinernen Tisch
4082 3551 6436 3816 gewachsen; zeitweilig winkt er
4079 3709 6550 3972 einem Knaben und läßt den¬
4092 3907 6657 4154 selben nachsehen, ob noch die alten
4089 4056 6394 4355 Raben das Schloss umkrächzen.
