7512 4760
1660 371 3765 734 langen, geisterhaften Schatten
1657 601 3658 909 sieht, so kann er sich kaum
1605 756 3713 1070 zurückhalten, und er lauft
1665 936 3623 1245 schnell in ein belauchtetes
1643 1089 3666 1436 Zimmer zurück. Das
1646 1291 3669 1567 Licht nimmt er selten, mit
1679 1471 3683 1766 es dünkt ihm noch geister
1687 1633 3571 1938 häfter zu lein, wenn er so
1679 1807 3726 2064 durch die lange, dunkle Zimmer
1690 1979 3658 2269 reihe langsamen Schrittes
1709 2170 3669 2419 mit hin und herflackendem
1720 2351 2828 2594 Lichte schreitet.
1739 2487 3609 2763 Aber in der Nacht, da ist
1714 2678 3642 2935 ihm schrecklich zu Muthr. oft
1638 2842 3688 3142 wacht er um die Gebsterstunde
1695 3025 3702 3306 auf. Er schläft gerade einem
1725 3205 3636 3508 Ringel gegenüber. Er erhebt
1712 3377 3522 3686 sich: Gott, was ist das
1709 3500 3664 3770 da im Spiegel eine hohe
1643 3707 3636 3986 weiße Gestalt. Er schickt
1679 3901 3120 4201 angstbleich zurück und
1769 4087 2978 4371 sich auf die andre
4013 243 6020 612 aber er hält es nicht aus und
4013 497 6118 797 kehrt sich wieder um. Ein rother
4002 661 6093 991 Lichtschein fällt durch eine Kitze
3969 879 6164 1177 in den Neußerläden und blindet
3991 1029 6009 1338 die Augen Aysanders. Große.
4013 1171 6055 1474 Ueberwindung und viele Schweiß
4038 1395 6028 1682 tropfen kostet es ihm bis
4002 1542 6077 1876 er sich endlich entschließt, nach
4021 1764 6118 2080 der rätselhaften Ursache des
4032 1897 6011 2252 rothen Nichtes zu forschen.
4084 2069 6156 2361 Es ist - ein Wagen, der unten
4049 2266 6077 2558 steht, dessen Lichter diesen
4081 2422 5990 2667 kein verursacht haben.
4100 2580 5998 2894 Eysander alswee erleichtert auf.
4163 2757 6072 3104 Er wendet sich zum Rück
4109 2932 6080 3268 zuge, Krachtgeht's plötzlich,
4100 3101 6249 3459 so daß Eysander in Holemangst
4084 3295 6142 3604 in sein Bett hineinstöspert und sich
4163 3475 6093 3803 bis über die ihren in seine
4122 3631 6145 3942 Derkeinhellt. Am nächsten
4136 3819 6317 4087 Morgen siehler die Ursacheseiders
4125 3994 6104 4393 großen Schreckens. Ein
