7512 4984
3946 244 6241 665 Es gibt noch wahr Kundschaft auf
1614 334 3806 731 doch die Mehrgast, wird auch einen
3917 512 6100 797 sorden. - Kommen wir die wieder¬
1630 598 3773 854 Warren neuen. Freilich gibt es
3888 673 6113 999 auf den Vortheil zurück, den es ge¬
1643 747 3810 1073 auch Menschenfeinde, die ein tiefer,
3929 834 6385 1156 wahrt, den Nachbarn zum Freund
1626 916 3826 1197 ein innerer Anlaß zu dem gemacht
3954 1011 6336 1313 gewonnen zu haben. Man wäre hier
1663 1065 3748 1374 hat, was sie sind. Und diese
3954 1131 7277 1474 leicht geneigt, dieser Verbindung G Freundschaft
1676 1259 3810 1560 sind wir es, die wir aus vollen
3971 1317 6212 1618 eine geistisch zu neuen, wenn ich die
1655 1403 3826 1734 Herzen beklagen und bedauern
3983 1461 6307 1742 Worte, Freund und „Vortheil“ in so
3063 1556 3612 1688 nicht im
1659 1589 3880 1874 müssen. Wie oft ist der verrate¬
3942 1606 6596 1940 nahe Verbindung tring. Und ich gestehe
1655 1746 3830 2051 eines Menschen, der sie einstens
4004 1804 6484 2117 es läge Egers mus drin, wenn ich
1717 1915 3744 2196 Frumd genannt, der sie aber
4008 1961 6253 2270 die festen Vorsatz hätte. „ Ich
1721 2068 3756 2377 schändlich hintergangen, der
4024 2122 6327 2431 will denn Nachbarn zum Freunde
1742 2241 3855 2547 Grund ihres fürsteren Charakters
3983 2283 6117 2571 weil er eben mein nachbar ist.
1709 2415 3715 2720 zu suchen? Aber müssen wir
4053 2481 6266 2757 Anders ist es dagegen, wenn ich
1725 2538 3830 2836 wegen eines einzelnen aufalle
4066 2596 6468 2939 ohne jeden Hintergedanken sein
1701 2737 3851 3001 den Stein werfen? Müssen wir
4024 2749 6369 3063 treuer Genosse werde, wenn es
1705 2893 3818 3199 im Klagelied ankommen über
4024 2922 6233 3261 der allgewällige Zufall war,
1701 3050 3876 3310 die Hinterlist und Verräterei
4037 3079 6575 3352 der mich ihm in die Arme geführt.
1729 3232 3789 3484 der Welt? Müssen wir uns
4078 3265 6237 3591 Wenn ich mir daher die Frage
1911 3397 2175 3537 unth
1721 3397 3847 3645 doch das Leispiel eines unzi¬
4070 3323 7215 3768 Aufwarte, auf welche Weise ich den Nachbar¬
1709 3504 3913 3880 gen Unglücklichen vor einem Freund
4020 3583 6406 3925 ihn zum Genossen gewinnen kann,
4119 3756 6732 4082 so liegt in dieser Frage ein gewisser
1680 3723 3752 4037 des bunde abschrecken lassen?
4140 3900 7054 4239 Egoismus, der in sofern nicht fassenswert ist,
1709 3880 3781 4189 Gottlob sieht es auf der Welt
1721 4053 3872 4326 nicht so hiester aus, als viele
4115 4061 6501 4449 als ich einen guten zweck damit
1738 4210 3925 4532 sich bestrebt haben, sie zu schildern.
