7320 4744
1515 445 3710 838 sein einstiger Schulmeister, sehr
1503 698 3689 994 verwundert, seinen einstigen
1433 863 3561 1180 Zöbling hier zu treffen, der
1466 1043 3652 1354 ihm allsogleich seine Erlebniße
1460 1213 2594 1530 erzählen musste
1463 1375 3665 1707 „ Mich haben hieher wichtige Geschäfte
1546 1530 3677 1835 geführt, sagte der Schülermeister¬
1521 1735 3662 2021 „Ich muß mich auch jetzt wie¬
1509 1890 3622 2165 der von dir trennen. Jedoch
1485 2070 3640 2387 heute Nachmittags Uhr komme
1460 2247 3604 2518 zur Post; - wir fahren heute
1451 2415 3640 2704 wieder in unser Heimats¬
1421 2598 3704 2844 dorf zurück. Aber sei günktlich
1442 2729 3640 3073 für Stelle! Schiebe es nicht
1396 2963 2473 3226 wieder auf!
1393 3107 3713 3402 Damit verließ ihn der Schulmeister.
1387 3277 3677 3582 Nachmittags machte er sich auf um
1436 3451 3591 3759 zur Post zu kommen, mit
1418 3634 3521 3979 dem festesten Entschluß, der Ein¬
1442 3814 3710 4146 mahnung des Schulmeisters nicht
1436 4024 3658 4335 zu vergessen. Aber leicht be¬
1390 4204 3674 4527 greiflicher Weise blieb er dennoch
3811 430 5979 732 bei jedem schönen Hause stehn
3799 631 5979 921 und betrachtete sich alles, was
3750 805 5963 1079 ihm neu und merkwürdig er¬
3744 970 5823 1244 schien. Endlich kam er zur
3762 1131 6021 1442 Post. Da erschallte das Posthorn,
3771 1302 5878 1537 und weg war der Wagen,-
3759 1460 6155 1762 und weg war der Schulmeister
3780 1622 6040 1957 Hans verwünschte sich und seine
3750 1848 5969 2125 üble Gewohnheit tausendmal,
3756 2003 5893 2293 aber was half ihm das? Er
3793 2162 6030 2466 müsste doch zu Fuße nach Hause
3829 2335 5942 2622 wandern. Er schritt einige
3814 2488 6155 2808 Zeit auf der Herrstraße vorwärts,
3756 2646 6012 2973 als ihn plötzlich die Lust erfasste
3796 2851 6073 3131 sich in dem nahen Wäldchen aus zu¬
3823 3012 6101 3296 ruhen. Er rücke sich aus, - blie
3796 3192 6085 3469 aber auch dann noch, seiner Ge¬
3793 3360 5979 3692 wohnheit treu bleibend, liegen,
3796 3561 6061 3848 und schlief ein. Als er aufwachte,
3799 3774 6247 4076 war es ganz hieher um ihn. Zugleich
3811 3936 5997 4229 erfasste in der stärkste Hunger.
3844 4116 6155 4412 Er wollte nach seinem Konzengrei¬
