7448 4856
1681 462 3773 788 sie scheint aus adelen Geschlecht zu
1675 672 2173 928 sein.
1699 823 3840 1132 Was sch ich rief der Häugtling, daß
1670 1009 3714 1280 ist die Tochter des Fürsten!
1675 1164 3746 1475 lenkt der Lauf des Schiffes
1681 1382 3738 1652 gegen Aegypten, wir wollen
1658 1521 3746 1798 sie als Sklaven verkaufen.
1684 1696 3764 1992 „Diese Perlenschnur aber, sagte
1614 1865 3682 2179 ein Seeräuber, gehöre mich.
1655 2068 3764 2347 Häuptling, und ihr Nutzen
1687 2228 3700 2534 sei auch allein bestimmt.
1629 2411 3842 2667 „Nein, - nur diese große Perle
1635 2571 3837 2856 hier behalte ich mir. Die andern
1646 2763 2717 3066 gehören euch!
1678 3069 3764 3368 In Indien war große Trauer¬
1431 3252 3671 3575 Man schickte Boten nach allen
1667 3459 3723 3714 Ländern, Schiffe wurden ausge¬
1687 3601 3886 3927 sandt; aber es fruchtete nichts¬
1737 3808 3613 4104 von Kalliste hörte man
1690 3988 3781 4192 nichts.- sie war und blieb
1757 4162 3709 4474 verschollen. Das dachte nie¬
3909 430 6114 748 mand, daß die Tochter des Fürsten
3921 634 6079 910 von Indien jetzt als Sklavin
3909 794 6248 1091 in Aegypten lebte; - die Prinzessin
3872 974 6001 1245 Obeliska hätte sin als Sklav in
3892 1172 4573 1440 gekauft.
3938 1460 6059 1725 Viele Boten waren schon aus¬
3918 1664 6009 1952 geschickt worden, um Kalliste
3970 1833 5983 2100 zu suchen. Da kam einmal
3976 1992 6175 2310 ein Süngling zum Fürsten von
3953 2208 6123 2455 Jeden - es war derselbe, der
3956 2362 6169 2635 einst die Perle aus den Meere
3930 2522 5977 2813 geholt - und bat ihn, daß
3941 2688 5893 2984 er auch ihm erlauben sollte,
3962 2865 6196 3176 aus zu ziehen. um die Prinzessin
4002 3013 6056 3328 zu suchen. Der König ließ
3985 3194 5608 3511 ih u mit Freuden ziehn
4002 3386 6233 3677 Nachdem er einige Wochen immer¬
4020 3581 5983 3866 fort weitergegangen war
4005 3755 6196 4026 befand er sich plötzlich an
3956 3898 6225 4229 der Küste des Maares Hinter
4014 4101 6219 4433 ihm war ein dichter Wold.
