7432 4792
3861 417 6204 755 kommel; und so drehen wir uns immerwithrende Mitternachts
1143 495 3568 846 Gott sähe, konnte den Blick nicht abwenden, selbst wenn
2170 742 2360 829 und
3890 664 6216 928 ist die Somm unter uns; konnten wir durch die Erde
1097 738 3589 1031 sein Kinder dadurch an Ehre Gut viel gewonnen. Lieber
3939 883 6233 1106 tochgraben, so sähen wir sie auch um diese Zeit.
1106 940 2516 1209 ließ' er sie betteln gehn.
3902 1035 6138 1291 bei der höhern Saue ist die Gier nach Gewinn, was
1126 1110 3482 1390 2.) die Engel, die Gott 600 Jahre lang sehen, sind noch
3358 1242 3605 1349 konnen
3836 1192 6241 1481 bei der niedern (die Erde) die Erde ist. Ammeisten von
1126 1332 3548 1576 immer frisch und jugendlich; werden Mensch 100
3795 1411 6621 1666 dieser Sachs lassen sich beeinflußen. Diebe, Weihrer, borger,
1143 1485 3424 1766 Jahre alt, so ist er schon gebrechlich und hinfällig.
3812 1580 6262 1848 Stimmig prediger; die letzten sind die ärgsten, sie verbrei¬
1130 1683 3568 1943 3.) Die Lebenden wissen so wenig von der Worne, die im
3783 1749 6245 2034 ten den Glauben, das Gold könne versöhnen. Alle die
1130 1815 3572 2166 Ansehn Gottes besteht, wie ein neugebornes Kind
3807 1930 6282 2215 Verfallen dem Teufel. Selbst in den Klöstern sondern Arar¬
1130 2030 2838 2294 von der Herrlichkeit der Welt.
3807 2149 6328 2355 lige Sünden Eingang; die „Sacrilegie" u. Symonie
1101 2207 3543 2504 4.) So wie alle Sterne von der Saun ihr ticht erhalten, ist die
3836 2298 6320 2570 Die solche Sünden begehen, - die mögen nie Stufe findenen
1110 2397 3556 2694 simmtische Herrlichkeit nur ein Abglanz der göttlichen
3902 2479 6262 2685 Tode; im Leben komme keine hand eines Getauften auf
1093 2570 2636 2850 Aus dem allenfolgt der Schluß.
3906 2661 4368 2912 hr Haupt.
1089 2751 3494 3040 Die junge Welt soll nicht nach verganglichem
3919 2834 6889 3052 a) bei der niedere Sonne entziehen uns deren Anblick Nebel und Wolken.
1134 2974 3572 3189 streben und reinen Herzenssein; denn dann erwartet
3902 3015 6311 3255 3) bei der höheren hoffart, übermut. Am ehesten ent¬
1101 3114 3370 3395 sie jene höchste Wone des Anblicks Gottes.
3795 3156 6282 3465 kehr poffert doch daraus mit den Kleidern, die uns
1114 3288 3535 3531 B. (Vondernegativen Seitebetrachtet) Viel kann uns
3927 3395 6324 3638 doch Gott nur für Festtage gegeben, dankbar sein zu derken.
1138 3482 3494 3795 seres Glück entziehen; so wie den Anblick der
3878 3580 6295 3828 Im Sutz leisten die Trauen großes; aber sie wollen
1106 3737 3609 3964 niedern, auch den der höhere Sonne; vor allem aber 3 darge.
3915 3770 6241 4030 ben nur das Lob ihrer schönen beider hören. Trotz
1106 3869 3556 4084 I. a) bei der niedern Sonne die Erde selbst. diese ist im Fall;
3902 3915 6315 4203 Am ist keine Frau so sehre, als die heilige Maria,
223 4022 3531 4381 das ganze Wetterleinst; der Himmel ist die Schale, die Luft das Ewers, die
3898 4146 6307 4410 Hl. Margarethte u. a. Am Hoffart und Übermut regt
1093 4220 3552 4554 Erde der Dotter. Von Osten nach Westen andell der
