7624 5128
1788 518 2752 784 an tiellichen Ufern
3921 486 6342 867 aus, wo sich die Interessen scheiden; doch
1421 583 3777 986 Feld stöömt. Das Feld ist hir und
3921 727 6414 1022 wor sie sich treffen, entstehen Verbindun¬
1327 824 3781 1173 Dort abgegangt; das Gesetz ist es,
3918 914 6440 1216 gen zu der Verbündeten gemeinsamen
1432 1011 3741 1356 unter dessen Herrschaftes steht,
3928 1068 6386 1407 Wohl. In der Stadt strömt alles zu¬
1392 1151 3795 1497 denn das Gesetz ist jetzt der abge¬
3928 1223 6245 1543 sommers, was draußen auf dem Land¬
1407 1327 3806 1673 meine Herrscher und nur dieses allein
3946 1392 6447 1698 vollendet ward: Onhl, Wein, Brod-alles,
1464 1497 3759 1813 kann Frieden stiften und erhalten,
3910 1561 6476 1935 womit sich der fleißige Landmann gemüht.
1443 1720 3763 2015 seit die Liebe geschwunden. Die ganze
3921 1763 6544 2076 und in Sche geschichttich. Erinnerungen knüpfen sich
1518 1831 3842 2245 Landschaft bietet ein liebliches Mitdrüße
3946 1892 6335 2270 an die Stadt. Königte wurden hier geliefert, die
1504 2051 3799 2396 die den Strom befahren, Dörfer un
3964 2097 6303 2450 Helden stürzten Todesmütig aus den Theren,
1486 2223 3853 2504 und einzelne rebmumrankt. Höin her,
3950 2274 6573 2626 die Frauen sahen ihres nach und betoten zu den Göttern
1443 2382 3864 2680 die auf dem Feldestehen - ein bild der
3950 2439 6472 2748 mir Sieg. - Die Cultur jedoch verdrängt
1493 2579 3878 2918 Einfachheit, ein Bild des Volkes zugleich,
4004 2594 6292 2925 die Natur. Die Bäume werden gefällt,
1468 2792 3885 3108 daß hier unbekümmert um das Streiben der
3997 2802 6522 3097 Felsen aus den Bergen heraus gehauen, alles
1511 2936 3813 3267 Welt sein Dasein verlebt. Aber mit
3946 2964 6360 3306 wird zum Erwerb verwendet – selbst von
1453 3130 3842 3443 einem Male erscheint dem Auge des
4004 3115 6904 3497 fernen Landen kommen Waaren für die reichen
1540 3274 3921 3590 Dichters die Alle mit den steifen hohen
4029 3320 6497 3612 Städter her. Nun verweilt der Dichler bei
1489 3432 3882 3817 Pappeln; es ist die Straße, die zu der
4018 3461 6440 3792 dem äußern Anblick der Stadt, bei
1554 3605 3946 3986 stolzen Stadt führt. Mehreunander
4062 3651 6529 4018 den prächtigen Gebäuden, bei den kühnen
1511 3799 3871 4159 gebunden - wenn auch selten näher
4051 3817 6533 4112 Brucken — und alles ein Werk jener Be¬
1540 3961 3910 4310 vereinigt - sind hier die Mensch
4108 4004 6483 4317 vorgagten Menschen, die das Schicksal
1529 4134 3954 4529 die Interessen des einen kosten
4058 4159 6450 4576 mit Geist und Geine beschenkt. Doch
1597 4328 3943 4709 sich an die des andern. - Streit bricht
