7640 4888
3861 389 6287 803 vermag es nicht, an dem großen Feldherrn
1307 559 3746 890 wenn wir jene Worte Max Piccolominis
3839 642 6293 957 zu zweifeln, die er bis jetzt so verehrt und ge¬
1327 742 1783 1002 lesen:
3842 861 6165 1160 liebt hatte. Selbst als ihm sein Vater die
2567 909 2997 1198 Nicht
3836 1018 6200 1291 klaren Beweise von Wallenstein's Schule
1182 1063 3682 1446 Das Große, nur das Menschliche geschehen¬
3877 1227 6287 1526 vorführt, glaubt er, daß sich wohl der ver¬
3868 1401 6252 1732 ständige Geist, der berechnende Scharfsie
1298 1394 3646 1793 Zimmerwährend schwankt Max zwischen
3874 1593 6264 1899 seines Vaters irren könne, nicht aber sein
1160 1654 3669 1969 edler Menschlichkeit und heldenhafter Größe;
3865 1767 6261 2085 eigner Enthusiasmus, sein jugendlich be¬
1250 1831 3694 2075 aber stets gewinnt die erstere die Oberhand¬
3865 1963 6287 2319 geistertes Gemüt; er ruft Octavio zu.
1282 2011 3662 2361 Er konnte sich in der gewöhnlichen Welt nur
3836 2188 6274 2477 den Urtheil kann sich irren, nicht mein Herz.“
1256 2236 3675 2580 zurecht finden, als er noch an seine Ideale
3425 2400 3659 2535 erben
3845 2342 6435 2673 Doch was hilft’s? Er muß, muss sich überzeu¬
1237 2435 3665 2737 glauben durfte; um aber, sobald sich sein
3845 2512 6335 2875 gen lassen, um es die unumstöstliche Wahr¬
1256 2621 3698 2927 phautastisches Jünglingsherz getäuscht sieht.
3861 2731 6351 3084 heit glauben, er darf daran nicht mehr
1208 2779 3701 3081 weißer hinundhergeworfen vom Wechsel der
3874 2914 6386 3225 zweifeln, woran kein Zweifel mehr
1221 2984 3701 3315 Verhältniße Das Rechte nicht zu wählen, ver¬
3842 3081 6162 3437 möglich ist. Und jetzt, vertrieben und
1246 3187 3694 3514 mag nicht anzukämpfen gegen die außen
3852 3283 6268 3620 fern von dem Traumland seiner
1266 3363 3595 3691 an dräugenden Gewalten. Und wie
3929 3479 6361 3833 Ideale fühlt er sich fremd und verlassen
1317 3556 3665 3884 schwer nimmt er Abschied von seinen Ich,
3877 3691 6213 3987 in der gewöhnlichen Welt — der
1285 3759 3704 4086 alm! Er kann, er will es nicht glauben,
4125 3877 4610 4041 Pflanze
3890 3884 6290 4199 gleich, der nur im warmen,
1240 3926 3637 4279 daß er sich in Wallenstein, seinem
3990 4035 6258 4363 sonnigen Süden frisch und kräftig
1333 4125 3630 4449 Vorbild, für das er so unendlich be¬
3951 4244 6245 4587 aufblüht, im grauen Norden aber
1346 4308 3630 4658 geistert war, getauscht habe - Er
