7432 4760
3888 343 6285 711 gibt. Sie haben die verschiedenten Namen. Arianer
1213 474 2001 788 Alexander hervor.
3906 696 6278 919 Nünkeler, Arnold etc. Sie sind unbeständig wie
1110 693 3203 986 1a) A. sagt. Erkänne die Sterne vom Himmel holen
3896 799 6342 1131 der Mond. Mit Recht heißen sie katzer, nicht Hunder
1089 880 3563 1156 β) der Übermütige. er wolle nicht, daß seine Seele aus dem
3896 1043 6268 1319 oder Mäuser in ihrer Falscheit Erkennungszeichen
1114 1046 2429 1301 Mund selbst der allerbesten fuhre.
3910 1177 4769 1414 der ketzer sind.
1114 1241 3560 1548 2a) A. Er wurde Wege finden über Länder u.
3896 1350 5953 1651 a) Sie sind außerordentliche Gegner der Ehe.
1106 1460 1502 1654 Meere
3885 1534 6278 1838 b) Sie haben die Ansicht, kein Richter können, ohne selbst zu
1131 1587 3539 1888 ß) der Übermutige: Er wurde Wege in den Himmel finden.
3899 1753 5539 1955 sündigen, wie Tod verurtheilen.
1142 1803 2513 2043 3a) Al. Er konnte dergewägen
3860 1927 6264 2192 c/ Sie haben die Meinung, die 7 Heibigkeiten und
1106 1969 3478 2245 (3) der Überen: Fremde Sunde seien schwerer als eigener
3850 2103 5684 2383 der Weihbrunnen hätte keine Kraft.
1106 2156 3245 2446 4/d) Al: Er könte das Meer beschwichtigen
3874 2266 6324 2591 al) Sie behaupten, ein Küester, der sich selbst versündigt,
1138 2351 3542 2566 3) der Überm. meint, er könnte Gottes Zorn am jüngsten
3888 2464 5401 2708 könnte keinen Ablass geben.
1138 2535 2142 2775 Tag beschwichtigen.
3896 2641 5345 2920 Sie halten Schwären für Sünde.
6310 2683 6960 2998 des Wahrheit
1121 2701 3482 2984 III a) Endlich entzieht uns der Mord, wenn er zwischen
3956 2807 6367 3111 Sie fuhren Worte der hl. Schrift an, die sie eingelesen haben.
1106 2895 3432 3157 Somme und Erdt steht, den Anblick der niedere Sonnen¬
2916 2948 3588 3136 in einem solchen Falle
5320 3001 5755 3160 es willen
3920 2998 6253 3242 Werzwei Rocke hat, soll nur Gott die einuhrgeben.
1124 3068 3461 3337 doch nicht destoweniger nicht der Weltäntergang nicht
3913 3196 6328 3510 Schluß: Gott behüte uns vor allem Unglauben,
1089 3242 3454 3524 (3) den Anblick der höhern Sonne entzieht der Um¬
3998 3369 6116 3666 daß wir in Wone und Seligkeit erst
1043 3432 3369 3698 glaube; viele Arten von Unglaubigen gibt es.
4019 3542 5246 3828 die wahre Sonne sehen.
1015 3623 3100 3881 1. Heilen, die mancherlei Glauben haben
6190 3577 6784 4005 bef.
1000 3779 3500 4076 2) Jeden, die an jedem Ort etwas anders glauben u. nun
4019 3885 6865 4313 Ich muß wieder mühren? Bekl.
990 3963 3535 4246 gang unsinnige Vorstellung von Gottu der Weltregierung haben,
1018 4154 3425 4475 3.) Ketzer, denn es anderthalb Hundert Abarten
4610 4143 5409 4486 Schrift!
