7304 4728
1534 351 3631 614 Hinanter, hinunter, nur hirunter
1548 529 3406 817 So rief die ihn und mit Abscheu
1573 710 3343 997 warf er den Apfel von sich.
1496 871 3559 1156 Hier ist Schatten, rief die Stimme
1515 1071 3173 1356 Kreisels, "hieher kommt".
1554 1260 3483 1532 Und sergeramet kamen sie
1518 1428 3384 1699 alle, ganz neben dem ver¬
1562 1603 3496 1877 wünschten Baume fingen sie,
1499 1767 2924 2060 an, Ball, zu spielen.
1589 1951 3395 2233 Der Schulmeister und Herr
1548 2121 3000 2411 Meyer kamen auff.
1554 2296 3524 2595 Nun, mein Sohn wird wohl im
1554 2466 3515 2745 Walde sein, sagte Meyer und
1510 2639 3420 2913 ließ sich unter dem Baume
1562 2811 3422 3074 nieder. „Er scheint die Ein¬
1565 2995 2872 3263 samkeit zu lieben.“
1502 3165 3513 3373 Sa, daß war wirklich wahr, be¬
1532 3332 3551 3631 sonders in diesem Augenblick.
1526 3532 3567 3820 Alles hätte er darum gegeben,
1515 3688 3093 3959 jetzt allein zu sein.
1567 3874 3581 4181 Es war klar, die ganze Mensch
1554 4058 3455 4370 heit hatte sich gegen Karl
3907 271 6064 592 verschworen. Da, er hatte wirklich
3907 466 5990 778 Sech. Seine Ehre, sein guter
3957 680 5894 981 Auf stand auf dem Spiele. Er,
3896 833 6102 1148 der zweite in seiner Klasse, gebrand¬
3869 989 5014 1233 markt als dieb —
5099 1071 6033 1277 Das Blut
3877 1170 6036 1471 stagschmies Gesicht. Was sollte
3844 1348 5891 1628 er thun? Er war unrettbar
3872 1521 5822 1814 vertoren. Er versank in
3894 1713 5957 1984 dumpfes Brüten. Die andern
3850 1871 5770 2189 spieltenfort. Da geschah es,
3844 2030 5820 2362 Daß ein Ball etwas zu hoch
3863 2225 5896 2513 flog. Aber wie erstaunten alle,
3822 2389 5740 2658 als der Ball in Begleitung
3814 2562 5847 2814 eines Hutes zurückflog!! Alle
3820 2721 5836 2998 sahen auf den Baum. Da saß
3811 2896 5773 3222 rittling auf einem Zweig
3822 3083 5710 3348 Karl Meyer, feuerrot im
3833 3241 5751 3518 Gesicht. Lautes Gelächter
3784 3425 5765 3721 erscholl. Karl war verloren,
3817 3606 5598 3894 seine Ehre war verloren,
3814 3809 5705 4107 alles war verloren. Die
3883 3962 5735 4291 inne Prohten ihn zu verlassen, —
