7640 4840
3927 413 6291 729 Deiner Ketten und winnere: Mir ist
1228 464 3623 827 tungen gegen die Rechte und gepen¬
3935 659 5324 956 zu viel geschehn!
5405 710 5589 889 — —
1162 679 2753 975 Das Heil des Volkes.
3947 823 6361 1127 Vorüber ist diese Zeit; das Bürger¬
1213 858 3584 1174 kurz - es war eine Zeit der Willkür¬
3916 1030 6322 1256 tum ist frei, und wird so bleiben,
1228 1088 3572 1377 und das Despotismus, eine Zeit,
3904 1197 6490 1505 solang es selber die Freiheit liebt.
1209 1295 3682 1537 wie sie in den Gegenden, wo die deutsche
2668 1416 3065 1552 längst
3904 1439 6443 1732 Aber die eigentliche Tendenz des Werkes,
1205 1431 3666 1732 Sprache ertönt, nun vorüber ist und
1669 1642 1934 1732 nie-
3849 1603 6357 1849 Die Ferdinand dreiner Stelle ausspricht,
1139 1615 3631 1958 wohl nicht mehr wiederkehren wird.
3923 1767 6326 2055 sie wird sich stets und stets durch
1182 1798 3650 2153 Ja, es wußte oft der Herr seher selbst
3927 1962 6353 2274 das soeile leben hin durchziehe;
1162 2005 3689 2317 nicht, wie es um seine Unterthanen
3923 2153 6302 2461 " Mein Entschluß und das Vorurtheil
1108 2172 3709 2492 stand; verschlossen waren die Thüren
3947 2336 6412 2609 ruft Ferdinand aus, „wir wollen sehen,
1213 2422 3686 2687 seines Salastes für bittende und
3900 2512 6302 2824 ob die mode oder die Menschheit auf
1143 2554 3654 2839 klagende, und Minister, Prä¬
3908 2734 5628 3007 dem Platze bleiben wird!
1256 2769 3732 3093 sidenten und Hofmarschalle hielten
3958 2894 6252 3202 Das ist der ewige Kampf zwischen
1232 2956 3623 3218 dort Wache. O-Mittel hatten
3947 3097 6279 3428 Gefühl und Conveniung, der stete
1264 3143 3686 3494 sie, den Zugang zum Regirten
3986 3237 7121 3584 Widerspruch zwischen Herz und Welt, und er
1256 3315 3580 3646 zu verwehren. „Versuch“ es, wenn
4025 3448 6743 3771 wird fortdauern, solang die Erdesteht.
1244 3514 3545 3791 die lebendig todt, eine Thurnhöhe
1279 3713 3670 4040 tief, unter dem Boden im Kerker
1256 3923 3686 4196 Dienst, wo die Nacht mit der Hölle
4169 3802 6509 4325 Zu misernkel geschrieben.
1268 4083 3530 4407 liebäugelt, und Schalt und Licht
1228 4286 3674 4610 wieder umkehren. Raste dar mit
