7464 4888
1913 423 3595 825 Sonst waren die reichsten Länder,
1718 754 3517 1006 wo die Natur am gütigsten war;
708 690 3567 1216 Umfassend jetzt sind es die, wo der Mensch
1703 1067 2820 1305 am thätigsten ist.
1910 1206 3627 1515 Buckle, Geschichte d. Civilisation.
999 1455 3642 1849 Wenn vor mehr als zweitausend Jahren
1127 1750 3592 1977 der Grieche in das Heiligtum des del¬
1149 1895 3574 2205 phischen Gottes trat, da waren es die
1163 2056 3592 2294 Worte. "Prudisavcór und Uyder zjav',
1184 2230 3620 2557 auf denen sein Blick vor allem ver¬
1188 2383 3599 2699 weilte. Gar viele kamen nach Del¬
1191 2560 3610 2877 phigewandert und nach gar verschiede
1138 2742 3578 3023 nem fragten sie die gottbegnadete
1195 2881 3624 3204 Pythia; aber wie mannigfach die Ant¬
1195 3048 3599 3375 worten auch lauteten, mit denen
1227 3218 3581 3506 die Fragenden zur Heimat wieder¬
1213 3407 3634 3681 kehrten - eines ward doch allen aus¬
1223 3556 3709 3834 nahmlos verkündet, als die heiligste
1195 3752 3620 4075 gottliche Offenbarung, als Eigen¬
1206 3915 3659 4232 tum der ganzen Menschheit wur¬
1223 4068 3698 4381 den sie verkündet, jene beiden Weis¬
3866 306 6174 619 heitsprüche! Er kenne dich selbst und
3816 533 6188 846 „Nichtsmaßlos." O hätten die Er¬
3809 725 6287 1010 densöhne jenes mahnenden Stuhler
3958 871 4826 996 Einmals
3812 942 4993 1149 a ja vergessen!
3851 1049 6277 1294 Es gab eine Zeit, in der die Mensch¬
3848 1213 6440 1430 heit vertrauensvoll am Busen der Mutter
3841 1405 6312 1590 Natur ruhte. Das war die Kindheit des
3848 1529 6263 1807 Geschlechts der Sterblichen und ihre glück¬
3841 1718 6255 1981 lichste Zeit. Aber sie reiften heran, sie
3816 1881 6170 2148 rissen sich los aus den Armen der
3851 2041 6309 2319 Mutter und wollten auf eignen Füßen
3848 2205 6138 2482 stehen; selbst ständig und frei. Nicht
3830 2368 6191 2603 mehr mit den Augen des Kindes,
3816 2543 6302 2760 das gläubig alles himmt, was sich
4577 2703 5011 2838 blicken
3841 2692 6238 2991 seinen bietet, betrachteten
3841 2877 6184 3108 sie die ringsum kennende Welt,
4566 3030 4772 3190 das
3841 3037 6302 3307 der Drang nachzubilden, was vor dem
3859 3218 6227 3485 schauenden Auge ausgebreitet lag,.
3823 3364 6106 3656 der Drang, selbst zu gestalten, fasste
3830 3542 6231 3816 Wurzel in des Menschen Brust. Dies
3940 3709 6163 3969 waren die Anfänge der Kunst¬
3923 3869 6277 4157 Erst später entwickelte sich die Wissen¬
3955 4036 6231 4335 haft, die - mehr ein Erzeugnis des
