7288 5016
3631 453 6321 897 er eben ausgesprochen. Was man nicht nützt,
999 649 3413 961 und diese Umwandlung hätten wir nicht
3626 747 6236 1055 ist eine schwere Last, sagt er und er selbst
1004 807 3417 1153 zu Stande gebracht. Auch mit dem Spruche.
3643 901 6202 1209 fühlt in diesem Augenblicke, daß er diesem
1072 991 3336 1256 Was du erreibt von deinen Vätern hast,
3656 1076 6227 1397 Gedanken treu hätte leben sollen. „Weit besser
1034 1170 3349 1482 Erwirk es, um es zu besitzen dürft es
3673 1230 6078 1555 hatt ich doch mein weniges vorgräßt, als
991 1371 2191 1653 uns ebenso ergehen.
3660 1392 6304 1687 mit dem wenigen belastet hier zu schwitzen.
1021 1521 3404 1785 Das zuerst Vor allem wollen wir die
3643 1546 6253 1871 Aber zu gleich sehen wir, in welchem Momente
1093 1662 3374 1969 Bedeutung dieses Satzes zu erklären suchen.
3631 1721 6257 2063 leidenschaftlichster Erregtheit Faust diese
1051 1828 3430 2157 Göthe spricht hier offenbar den Gedanken
3643 1909 6424 2255 Worte spricht, und umsreher dürfen wir ihnen
1034 2003 3404 2319 eines freien Lebensgenußes aus; der Feld,
3643 2089 6236 2315 eine nur individuelle Bedeutung zuschrei¬
4831 2242 5181 2358 hier nicht
1076 2166 3447 2439 d dies wär der Sinse, wenn wir dein Satz
3631 2204 6309 2529 ben. Doch hier ist es künste Aufgabe, den Satz
555 2144 1004 2477 Manu
1051 2311 3498 2605 rein aufs materielle bezogen. Beziehen
3643 2375 7077 2708 als allgemeingiltige Sentenz ins Auge zu fassen, sehr gut
1081 2520 3455 2793 wir ihn aber auch das günstige Erben, so
3656 2533 6168 2904 abgesehen von allen persönlichen Beziehun¬
6569 2614 6958 2832 NB.
1068 2665 3430 2969 will er soviel a spricht er die Idee
3712 2759 5459 3045 gen, die sich daranschließen?
1081 2853 3417 3105 dem der Held, dem jene Worte in den
3725 2883 6257 3191 Warum doch so viele die schwere Last so ger¬
1055 3007 3494 3327 Mund gelegt sind, auf bezieht fasst sie nur
3690 3058 6176 3400 ne auf sich nehmen, etwas die in dem
1038 3178 3515 3447 im materiellem Sinne auf; eine Bectu¬
3729 3259 6087 3532 Besitze des niemals genutzten liegt.
1038 3344 3507 3665 tung, die sich auf das geistige Leben bezöge,
3733 3391 6125 3660 Worum so vielen das Geld der Anblick
1093 3502 3507 3763 wäre eine willkürlichunterlegte, Was
3720 3549 6159 3921 des Geldes mehr Freude bereitet als
419 3502 816 3900 gut.
1102 3699 3584 3959 man: besitzt, das soll man auch genießen,
2670 3861 3028 3964 Eenen
3759 3784 4750 4053 sein Genuss?
1098 3857 3643 4139 das ist die Idee, welche in diesen Worten Fußens
3763 3891 6091 4173 Wenn wir aber wieder die Sache von der
3737 4058 6193 4395 andern Seite betrachten und uns fragen.
1098 4075 1529 4314 liegt.
1153 4190 3571 4485 Und dieser selbst beweist, durch die darauf
3733 4233 6155 4592 Wie, wenn ein jeder das die schwere Last
1140 4374 3571 4711 folgenden Worte, wie wahr das ist, was
