7464 4936
3835 385 6071 765 nennen kann!“ Und da hatte
1595 467 3722 868 und sah weit sie aus in
3917 662 5951 944 sie die Perle in die wild
1595 711 3694 998 die Ferne. Er harrte seiner
3873 814 6119 1156 wogenden Wasser geschleudert,
1600 868 3684 1210 Tochter, aber vergebens, ver¬
3884 987 6114 1280 um die Fluten eterschlangen
2577 1036 3727 1335 Euch heute stand
1595 1096 2474 1389 gebens! —
3852 1150 6060 1410 das leuchtende Kleinod. Die
1644 1248 3684 1546 er am Ufer und blickte aufs
3911 1345 5968 1622 Mennsgötten waren verschüt¬
1703 1400 3711 1709 Meer hinaus, das da brauste
3939 1492 6033 1817 Zurückgekehrt ist dem Jeder¬
1622 1579 3651 1882 und brauste; - heftiger als
3939 1660 6065 2013 Fürsten seine Tochter mit Ingo.
1622 1747 3754 2062 sonst wehte der Wind, und schwar¬
3922 1861 6098 2170 ihrem Rotter; - sein letzter
1638 1942 3732 2241 ze Wolken zogen am Himmel
3993 2078 5365 2376 Wunsch ist erfüllt.
1665 2094 3532 2414 auf. Ganz grau war das
1671 2273 3732 2582 Meer durch die Dunkelheit, und
3982 2344 6195 2675 Auf dem Grunde des Meeres
1682 2458 3694 2761 schwerer Nebel senkte sich
4031 2517 6396 2864 stehen die grünen Sappflanzen.
1655 2604 3667 2930 auf die Wogen. Aber Ein
3966 2702 6412 2989 und beugen flüsternd die blühenden
1703 2799 3722 3109 Kahn schwankte auf dem
4025 2892 5984 3217 Häupter über eine schöne
1714 2973 3776 3277 wildbewegten Meere. Ingo und
4025 3043 6081 3407 große Perle. die Wellen
1720 3141 3770 3434 kalliste waren die Unglück¬
3955 3217 6239 3570 rauschen über sie, die Wogen
1698 3326 3787 3602 lichen, die in dem Schiff waren¬
4042 3401 6239 3749 ziehen an ihnen vorüber, und
1703 3477 3879 3803 „ Erbarmt euch unser, ihr Maare,
4031 3580 6168 3922 bringen ihnen Grüße aus Her¬
1655 3673 3857 3998 götter", rief die Fürstentochter
1622 3819 5978 4134 aus, erbarmt euch! Euch zu neu. - fernen Landen.
1687 4047 3765 4345 Opfer weil ich diese Perle,
5707 3982 6667 4427 recht lob
1714 4215 3830 4595 es das einzige, was ich mein
