7656 4856
3890 388 6247 765 Wünsches woll, das Leben zu ge¬
1184 483 3549 852 der Maitressen lag das Wohl und das
3827 658 6306 982 wüßen, gleichviel um welchen Kreis,
1216 701 3680 1054 Wehe des Staates. Um dem Willen und
3779 844 6187 1176 die Opfer nicht bedeckend, welche
1180 864 3621 1216 dem Vergnügen eines einzigen Wei¬
3815 1042 6290 1355 Die seine Vergnügungen forderten —
1133 1089 3656 1418 bes genug zu thun, schmachtete das
3779 1240 6259 1565 so brachte in der damaligen Zeit ein
1125 1291 3632 1616 gesammte Bürgertum unter uner
3846 1402 7027 1711 Furst seine Tage hin, und sowie er die allmächtige
1161 1434 3565 1814 träglichen Steuern und Abgaben.-
2187 1644 2428 1798 nicht.
3874 1604 6290 1850 Favoritin. " Hof und Serail inelten
1149 1640 3728 1985 Aber das war genug – eine der ausgütigsten
3803 1802 6152 2072 jetzt von Italiens Auswurf. Hatter
1109 1846 3708 2183 Gewinguellen für jene kleinen Fürsten,
2709 2016 3042 2151 weise
3846 1981 6195 2294 hefte Kariserieen tündelten mit
1137 2040 3688 2329 die in Sitte und Lebensart den Franzö¬
3854 2155 6235 2444 dem furchtbaren Secretär, und das Volk
1149 2218 3680 2559 sischen Herrschern gleichzukommen suchten
3815 2345 5760 2607 blutete unter ihren kaunen.
1196 2389 3716 2709 war der Menschenhandel. Zuege, kräfti¬
2852 2587 3177 2709 eigne
3819 2523 6263 2860 Wenn eine Milford zu solcher Zeit dem
1224 2607 3684 2868 ge Märmer, des Landes Kinder, wür¬
3850 2741 6191 3042 Tyrannen die Zugel aus der Hand
1208 2793 3629 3062 den dem Auslande verkauft und
3819 2904 6382 3181 nahm, und das Vaterland "zum ersten
1252 2975 3632 3280 schaaranweise in fremde Länder
3838 3125 6306 3438 maleine Menschenhand fühlend, ver¬
1184 3185 3581 3498 geschafft, wo sie dann für eine
3842 3304 6318 3565 trauend an ihren Böse sark dann
1200 3371 3636 3668 Sache zu kämpfen hatten, die ihnen
3862 3510 6144 3755 konnten sich die Unterthanen in
1256 3549 3522 3902 vielleicht nur gleichgiltig war,
3886 3700 6267 4001 Wahrheit glücklich greisen. - Aber
1236 3751 3712 4056 nun aber auch verhasst sein mußte.
3882 3846 6401 4175 selbst da nicht immer, denn gar oft wußte
1260 3937 3720 4262 Nicht achtend der Thränen und Fläche
3850 4033 6084 4294 Die Favoritin selbst nichts von des
1224 4112 3565 4441 der gequähten Unterthanen, das
3914 4179 6413 4587 Regenten Vergehen und Ausschrei¬
1232 4306 3474 4631 ganze Herz nur des einen
