7352 4936
2948 387 3463 645 behängt.
3628 486 6161 821 und den Fievlern noch eine Klasse von Men¬
1000 546 3498 884 Innigkeit rühmen hört, so empfindet
5460 595 6763 849 Heimat für lange Zeit
3646 712 6161 972 schen unterscheiden, die ihre Vaterlauf ver¬
1064 740 3572 1071 auch den, den wir heimatlos nennen,
3667 849 6196 1131 lassen - es sind die Abenteurer, Leute,
1081 898 3526 1233 Eulthame Sehnsucht nach einem Vater¬
3656 1011 6203 1286 die viel sehen, die viel neues erfahren
1036 1095 3582 1384 land, und Heimweh fühlt, wer eine Heimat
3646 1177 6168 1441 wollen, deren die Alltäglichkeit zur
1092 1282 1976 1518 nie besessen.
3653 1328 6129 1638 Last ist, und die nur in der steten Ab¬
2335 1293 3241 1627 so glücklich sind,
1039 1434 2251 1659 Ob wohl auch denen,
3646 1515 6059 1846 wechslung den wahren Lebensgenuß
4858 1663 5333 1789 Menschen
1169 1504 3582 1895 Ob wohl die, welche ein Vaterland besitzen
3653 1645 6291 1997 finden: solchen xxx wird die Fremde
1166 1761 3526 1983 eine zweite Heimat finden können, die
3688 1825 6136 2163 wahrlich zum Vaterland, die Fremde
1088 1927 3558 2226 ihnen all das bietet kann was sie
3674 1980 6376 2261 im weitesten Sinn des Wortes. Sie fühlen
1067 2071 3586 2371 in ihrer ersten zurückgelassen¬
3685 2177 6182 2494 sich überall wohl, nur nicht in der
1138 2254 3572 2540 haben? Ich erinnere mich hier eines Satzes
3741 2318 6319 2593 Ruhe; das Wandern ist ihr eigentliches
1120 2434 3614 2705 der Rahel, der sich in einem ihrer Briefe
3748 2490 6267 2797 Clement, die Rastlosigkeit ihre zweite
1110 2582 3568 2878 findet, und in welchem sie ungefähr
3751 2737 4357 2924 Matur.
1131 2772 3600 3022 folgendes ausspricht: „Die Menschen, die
3780 2822 6333 3135 Und die Unglücklichen? Ihnen ist dort wohl,
1138 2917 3568 3153 in ihrem Vaterland unglücklich waren, die
3730 2966 6245 3248 wo sie der Heimat nicht gedenken müssen,
1131 3093 3596 3375 hassen es nicht, sondern gedenken stets in
3716 3181 6210 3459 und doch sehnen sie sich stets zurück nach
1159 3294 3565 3547 Sehnsucht der verlassenen Heimat, wohl
3734 3301 6569 3586 dem Ort, wo sie ihre Jugendtage verlebt.
1145 3420 3646 3720 aber hassen die ihr Vaterland, welche Dort
3727 3508 6168 3808 bracht. Ein scheinbarer Widerspruch;
5097 3646 5611 3804 wiedersohnen
1159 3604 3642 3892 geregten Tadel sich zugezogen haben, und
6249 3625 7049 3850 & Menschen
3744 3688 6147 3984 und doch in des Peeschen überstein
1145 3783 3174 4061 diese kehren nicht gerne zurück.
3783 3822 6249 4135 Wesen begründet. Diese Unglücklichen
1180 3935 3663 4231 Er liegt eine geste tiefe Wahrheit in diesem
3766 3995 6340 4301 sind die wirklich bedauernswerten unter
1187 4107 3677 4396 Satz; doch möchte ich zu jener Auswandern
3762 4192 6333 4544 den Heimatlosen; - bedauereswertir als
1184 4290 3692 4625 an doch möchte ich außer den Unglücklichen
