7992 4792
4156 358 6475 716 Der Sorte des Hofmarschalls Kalb,
1551 358 3921 790 Höfe jener Zeit zur Genüge, die
4160 634 6374 906 (der in manchenungen etwas von
1580 608 4000 939 Figuren des Tromus hatte er selbst
4179 783 6601 1044 Riccaut de la Marlinière bo (: 21)
1092 805 4007 1163 kennig und zum großen Theil verach¬
4152 992 6538 1264 machen selbst noch in der letzten
1569 969 3959 1316 ten gelernt. Er könnte hochgestellt
4186 1152 6751 1469 Hülfte des 19. Jahrhundertsgrößer,
1308 1163 4015 1521 Bevorwunde Würdenträger, die eben diese
4205 1342 5319 1651 Städte unsicher.
1498 1383 4044 1718 hohe Stellung auf sehr kommen und
4197 1498 6627 1826 Frilich, - für die Lady Mitford’
1577 1573 3947 1923 mehr als zweideutigen Wegen
4264 1737 6627 2054 hat längst die Stunde geschla¬
1547 1759 4067 2117 erreicht hatten, - dienstfertige Schurken
1551 1938 4548 2281 die nach dem Wahl sprach. Alles für Geld gar
4175 2102 6501 2438 Es sei fern von mir, über die Milfort,
1618 2132 4108 2438 jenen Grotzetoren gerne behilftich xxx,
4208 2285 6605 2565 wie sie uns Schiller in seiner „Kabale“
1573 2326 3821 2658 das angestrebte Ziel zu erreichen.
4186 2486 6572 2784 u. liebe gezeichnet, gering schätzend
1603 2531 3962 2837 daß es solchen Individuen, wie einem
4186 2669 6601 2986 und verächtlich zu sprechen; — aber
1610 2706 4056 2971 Präsidenten v. Walter oft glückt, viele
4171 2837 6616 3172 diese Milford ist nicht das Spiegel
1625 2926 4022 3247 Jahre lang Amt und „Würde in
4179 3049 6557 3344 bild aller jener Favoritinn, in
1674 3090 4007 3392 Händen zu behalten und dann ihre
4201 3235 6508 3563 deren Umarmungen schwelgen
1640 3299 4100 3575 Untergebenen mit jener gesetzlosen
4223 3418 6613 3705 Fürsten und Könige der heiligsten,
1599 3474 4093 3731 Willkür zu behandeln, die stets das
4246 3604 6676 3921 Flichten vergessen, Herrscher, denen
1674 3649 4007 3962 keuzeichen derartiger verächtlicher
4227 3787 6661 4115 das Glück ihrer Unterthanen nichts
1659 3843 4059 4193 Emporkömmlinge ist — das ist leider
4182 3985 6676 4305 galt, gegenüber der Schigkeit Elrich¬
1681 4033 4093 4354 nicht nur im vorigen Jahrhundert
4193 4145 6598 4525 tiger Augenblicke. In der Hand
1700 4238 3974 4574 vorgekommen; und auch Leute von
