7384 4808
3640 467 6128 808 dern er geboren ward, verdamen.
1209 589 3560 930 geschichtliches Ereignis hat mich je
3900 605 6212 965 Wir aber, in unsere Tagen haben
1183 792 3556 1110 mit so tiefe mit dem Gedanken
3678 865 5952 1206 wahrhaftig keinen Grund, jene
1232 957 3586 1263 an die Vergänglichkeit jedwert
3690 1056 6116 1397 „gült "gut alte Zeit" herbeisu¬
1179 1137 3598 1516 Christe erfüllt als eben dieses. Wenn
3709 1164 6185 1569 sehnen, mit ihrer oft unangenehm
1160 1370 3472 1611 ich mir die Zeiten eines Coesars
3720 1401 6576 1715 die aus der deren immer welt schöner
1144 1558 3452 1860 ens Gedächtnis zurückrief und des
3705 1542 6185 1956 besser anzusehen ist als aus der
1175 1745 3472 2086 großen oderischen Reiches gedachte
3743 1764 6124 2128 sie sich in der Nähe betrachten
1179 1918 3625 2208 das einst den halben Erdkreis beherrschte
3717 1990 6116 2362 lässt. Oder wie Und wie könnte es
1198 2109 3544 2427 und denn so klim und schwählich zu
3759 2178 6017 2522 einen Fortschritt geben, wen
1175 2312 3517 2637 Grunde ging - dann da t verglich
3774 2342 6258 2660 wir stets am alten festhalten
1190 2484 3667 2783 ich wohl manchmal jene verschiedenen
3774 2538 6224 2829 würden. Wir selbst müssen die
1298 2687 3502 2909 Phasen des im Leben des dieses
3755 2737 6090 3047 Zeiten ändern und versuchen,
509 2913 3586 3207 der römischen dieser Nation unter einander und
3785 2897 6143 3261 besseres neues an Stelle des
2821 3035 3280 3192 klagt,
1393 3081 3625 3380 f dachte, wie ein bedauet einen
3824 3100 6051 3510 alten schlechten zu setzen. Vor¬
2078 3230 2568 3406 vielleicht
720 3250 3575 3594 Römer Mann, der noch erfühlt von dem
3774 3288 6036 3648 wärts bleibe der Schlachtruf
1209 3426 3674 3747 in seiner Nation fast erloschnen
3770 3495 6132 3828 unsrer Tage; Kampf gegen die
1225 3636 3586 3954 Heldengeist in jene traurigen
3831 3659 6162 3969 Überbleibsel immer vermodertreten
1252 3816 3648 4118 Zeit miterleben mußte. — Ein solcher
3862 3847 5944 4245 Vergangenheit das keine Pietät
1707 4004 2040 4134 konnte.
1202 4034 3556 4337 Mann kann wohl die vergangnen
3831 4004 6224 4398 ist übler angebracht als die gegen die
1217 4183 3575 4551 tage loben preisen und die, seine in
