7464 4888
1827 151 2024 361 be a
3892 367 6009 727 erlerne. In der Residenz, dachte
1513 419 3386 785 Die Herrschaft des Vero auf die
3863 622 6056 925 er, werde Hans sicher sein Glück
1501 716 3578 1006 Spitze des Schwertes gestellt war
3863 809 6044 1070 machen. Als nun unser Haus 17
1466 849 3479 1146 wollte dero helfen. Zu spät.
3810 966 6184 1280 Jahre geworden war, steckte er ihn
1507 1001 3490 1350 Aufgeschoben war aufgehoben.
3834 1152 6015 1437 den Kanzen voll Brod und Käse,
1495 1210 3560 1513 Neres Herrschaft war geendet,
3851 1315 6132 1611 den Kopf voll weisen Lehren und
1513 1385 3607 1670 und nahe sein eigner, ungleich¬
3840 1483 6091 1792 schickte ihn in die Residenz. Vor¬
1513 1536 3118 1850 seliger Untergang.
3828 1664 6126 1937 erst muß noch bemerkt werden,
1611 1693 3712 2024 Eine Erzählung, dem gewöhnlichen
3828 1850 6143 2123 daß Hans die unglückliche Gewöhn¬
1559 1867 3613 2205 Leben entnommen, möge diese
3898 2001 6143 2298 heit hatte, alles aufzuschieben, und
1478 2083 2874 2397 Zeilen beschließen.
3840 2176 6050 2478 das brachte ihm auch in seinen
3880 2344 6050 2653 fernern Erlebnißen noch viel
3898 2525 5306 2827 Unanbuchmlichkeiten
1547 2600 3770 2868 In einem von der Residenzentle¬
3880 2688 6091 2984 An einem schönen Sommertage
1478 2746 3706 3077 genem Dorfe lebte ein Bauer,
3880 2885 6242 3171 also machte er sich auf und schritt
1518 2903 3671 3240 namens Kolb. Seine Frau
3886 3043 6242 3351 lustig vorwärts. Als es Abend
1501 3124 3589 3427 war schon gestorben, und er
3892 3211 6283 3531 geworden war, kam er zu einer
1571 3293 3764 3572 habte nur einen einzigen
3956 3380 6370 3694 Herberge, wo er schlief. Das andern
1536 3438 3764 3758 Sohn. Hans. Kolb hielt seinen Haus
3909 3560 6155 3904 Morgens - so hätte er sich vorge¬
1507 3636 3822 3938 natürlicherweise für einen sehr
3904 3746 6155 4020 nommen - wollte er weiter¬
1542 3805 3828 4154 gescheidten Jurgen, und wollte ihre
3921 3933 6114 4282 gehen. Wie gesagt, war aber
1582 3991 3828 4270 in die Residenz schicken, damit
1571 4130 6248 4503 er dort das Handwerk des Drechelns Hans ein Freund des Aufschubs.
