<?xml version="1.0" encoding="UTF-8" standalone="yes"?>
<PcGts xmlns="http://schema.primaresearch.org/PAGE/gts/pagecontent/2013-07-15" xmlns:xsi="http://www.w3.org/2001/XMLSchema-instance" xsi:schemaLocation="http://schema.primaresearch.org/PAGE/gts/pagecontent/2013-07-15 http://schema.primaresearch.org/PAGE/gts/pagecontent/2013-07-15/pagecontent.xsd">
    <Metadata>
        <Creator>prov=READ-COOP:name=TrHtr:version=2.1.0:model_id=51170:date=28_07_2023_05:41</Creator>
        <Created>2023-05-10T11:14:54.525+02:00</Created>
        <LastChange>2023-07-28T05:41:05.477+02:00</LastChange>
        <TranskribusMetadata docId="1428137" pageId="55384804" pageNr="46" tsid="131319899" status="IN_PROGRESS" userId="64420" imgUrl="https://files.transkribus.eu/Get?id=UVWMGMNOFEONYDVUUZUEXSVS&amp;fileType=view" xmlUrl="https://files.transkribus.eu/Get?id=JLEOJMCNEEQUNPYYSRKHRIUL" imageId="44659703"/>
    </Metadata>
    <Page imageFilename="1428137_0046.jpg" imageWidth="7048" imageHeight="4648">
        <ReadingOrder>
            <OrderedGroup id="ro_1711824041140" caption="Regions reading order">
                <RegionRefIndexed index="0" regionRef="tr_1"/>
            </OrderedGroup>
        </ReadingOrder>
        <TextRegion id="tr_1" custom="readingOrder {index:0;}">
            <Coords points="1290,487 5926,487 5926,4305 1290,4305"/>
            <TextLine id="tr_1_tl_1" custom="readingOrder {index:0;}">
                <Coords points="3619,682 4753,585 4888,654 5260,576 5750,604 5770,446 3622,482"/>
                <Baseline points="3638,597 3710,597 3799,591 3889,591 3978,591 4068,591 4158,585 4247,591 4337,591 4426,597 4516,591 4606,591 4695,585 4785,579 4875,579 4964,573 5054,573 5143,567 5233,561 5323,561 5412,561 5502,561 5591,561 5681,555 5771,537"/>
                <TextEquiv>
                    <Unicode>tem kanne. „Diese Perle fand ich</Unicode>
                </TextEquiv>
            </TextLine>
            <TextLine id="tr_1_tl_2" custom="readingOrder {index:1;}">
                <Coords points="1424,626 1585,701 1998,624 2295,704 2583,621 3486,637 3398,510 3159,446 1424,546"/>
                <Baseline points="1439,621 1523,621 1613,621 1702,627 1792,621 1881,621 1971,621 2061,615 2150,615 2240,615 2329,615 2419,615 2509,615 2598,609 2688,609 2778,603 2867,603 2957,597 3046,597 3136,597 3226,597 3315,603 3405,603 3494,603"/>
                <TextEquiv>
                    <Unicode>rauschen die Wellen wieder weiter</Unicode>
                </TextEquiv>
            </TextLine>
            <TextLine id="tr_1_tl_3" custom="readingOrder {index:2;}">
                <Coords points="3628,793 5784,787 5809,601 5260,579 4947,693 4755,585 4495,676 3966,615 3630,684"/>
                <Baseline points="3644,764 3662,764 3751,764 3841,758 3931,752 4020,752 4110,752 4199,752 4289,746 4379,752 4468,752 4558,752 4648,746 4737,740 4827,740 4916,734 5006,734 5096,728 5185,728 5275,728 5364,722 5454,722 5544,722 5633,722 5723,722 5812,722"/>
                <TextEquiv>
                    <Unicode>in der Tiefe des Meeres. Betrach¬</Unicode>
                </TextEquiv>
            </TextLine>
            <TextLine id="tr_1_tl_4" custom="readingOrder {index:3;}">
                <Coords points="1411,798 2297,851 2563,784 2799,898 3165,770 3411,770 3251,657 2985,632 2805,701 1413,690"/>
                <Baseline points="1427,782 1445,782 1535,782 1625,782 1714,782 1804,782 1893,782 1983,776 2073,776 2162,770 2252,770 2341,770 2431,770 2521,770 2610,770 2700,770 2789,764 2879,764 2969,752 3058,758 3148,752 3238,758 3327,758 3417,752"/>
                <TextEquiv>
                    <Unicode>und weiter, in edlem Sehnen</Unicode>
                </TextEquiv>
            </TextLine>
            <TextLine id="tr_1_tl_5" custom="readingOrder {index:4;}">
                <Coords points="3644,987 4955,915 5387,1012 5800,928 5803,826 5642,770 5102,834 5002,770 4775,834 4598,770 4315,829 3650,790"/>
                <Baseline points="3662,931 3745,926 3835,931 3925,931 4014,931 4104,931 4193,926 4283,926 4373,926 4462,926 4552,920 4642,920 4731,914 4821,908 4910,908 5000,902 5090,890 5179,890 5269,890 5358,890 5448,890 5538,890 5627,896 5717,890 5807,884"/>
                <TextEquiv>
                    <Unicode>te ihre Schönheit, und du wirst sie</Unicode>
                </TextEquiv>
            </TextLine>
            <TextLine id="tr_1_tl_6" custom="readingOrder {index:5;}">
                <Coords points="1327,978 2247,1009 2475,1078 2879,1009 2990,1067 3156,962 3314,962 3317,831 3112,795 2793,898 2519,818 1327,876"/>
                <Baseline points="1344,943 1350,949 1439,949 1529,949 1619,949 1708,949 1798,949 1887,949 1977,949 2067,955 2156,955 2246,949 2335,949 2425,943 2515,943 2604,943 2694,943 2784,937 2873,937 2963,931 3052,931 3142,926 3232,920 3321,908"/>
                <TextEquiv>
                    <Unicode>neigen die Wasserpflanzen ihr</Unicode>
                </TextEquiv>
            </TextLine>
            <TextLine id="tr_1_tl_7" custom="readingOrder {index:6;}">
                <Coords points="3655,1164 3810,1122 4065,1211 4307,1103 4672,1092 5357,1167 5836,1128 5839,951 5678,928 5387,1012 4844,934 3661,987"/>
                <Baseline points="3674,1081 3692,1087 3781,1099 3871,1099 3960,1093 4050,1093 4140,1093 4229,1093 4319,1093 4409,1093 4498,1093 4588,1093 4677,1087 4767,1081 4857,1075 4946,1075 5036,1069 5125,1063 5215,1069 5305,1063 5394,1057 5484,1057 5574,1063 5663,1063 5753,1063 5842,1057"/>
                <TextEquiv>
                    <Unicode>würdig finden, Indiens Prinzessin</Unicode>
                </TextEquiv>
            </TextLine>
            <TextLine id="tr_1_tl_8" custom="readingOrder {index:7;}">
                <Coords points="1336,1233 1821,1133 2297,1189 2577,1125 3411,1147 3411,1072 3278,1020 3162,1081 2835,1028 2475,1078 2173,1003 1976,1067 1815,987 1496,1070 1336,1025"/>
                <Baseline points="1350,1123 1356,1123 1445,1123 1535,1123 1625,1123 1714,1123 1804,1123 1893,1123 1983,1123 2073,1123 2162,1123 2252,1117 2341,1117 2431,1117 2521,1117 2610,1117 2700,1111 2789,1111 2879,1111 2969,1111 3058,1111 3148,1111 3238,1111 3327,1117 3417,1117"/>
                <TextEquiv>
                    <Unicode>Haupt, und träumen von der</Unicode>
                </TextEquiv>
            </TextLine>
            <TextLine id="tr_1_tl_9" custom="readingOrder {index:8;}">
                <Coords points="3639,1366 3780,1314 3869,1361 3963,1280 5495,1305 5615,1272 5617,1111 3641,1203"/>
                <Baseline points="3656,1266 3739,1272 3829,1272 3919,1272 4008,1266 4098,1266 4187,1266 4277,1266 4367,1266 4456,1266 4546,1266 4636,1260 4725,1260 4815,1254 4904,1254 4994,1248 5084,1248 5173,1248 5263,1242 5352,1242 5442,1236 5532,1224 5621,1212"/>
                <TextEquiv>
                    <Unicode>zu schmucken.“ Mit diesen</Unicode>
                </TextEquiv>
            </TextLine>
            <TextLine id="tr_1_tl_10" custom="readingOrder {index:9;}">
                <Coords points="1358,1402 1521,1419 1779,1316 1998,1319 2187,1416 2386,1341 2732,1402 2962,1322 3339,1361 3339,1247 2965,1172 2004,1211 1821,1133 1358,1217"/>
                <Baseline points="1374,1296 1463,1296 1553,1290 1642,1290 1732,1296 1822,1296 1911,1296 2001,1296 2091,1296 2180,1296 2270,1296 2359,1296 2449,1296 2539,1296 2628,1296 2718,1290 2807,1290 2897,1290 2987,1284 3076,1284 3166,1284 3255,1290 3345,1290"/>
                <TextEquiv>
                    <Unicode>Wündern der Erde, die sie nie,</Unicode>
                </TextEquiv>
            </TextLine>
            <TextLine id="tr_1_tl_11" custom="readingOrder {index:10;}">
                <Coords points="3653,1516 4196,1441 5634,1460 5656,1297 4653,1297 4415,1380 4088,1294 3993,1380 3791,1333 3655,1394"/>
                <Baseline points="3668,1445 3692,1439 3781,1439 3871,1439 3960,1439 4050,1433 4140,1439 4229,1439 4319,1433 4409,1433 4498,1433 4588,1433 4677,1433 4767,1427 4857,1427 4946,1421 5036,1421 5125,1415 5215,1415 5305,1409 5394,1409 5484,1409 5574,1409 5663,1403"/>
                <TextEquiv>
                    <Unicode>Worten reichte er die Perle</Unicode>
                </TextEquiv>
            </TextLine>
            <TextLine id="tr_1_tl_12" custom="readingOrder {index:11;}">
                <Coords points="1339,1527 1413,1549 1502,1519 1566,1580 1677,1533 1735,1588 1821,1585 1959,1516 2006,1530 2051,1491 2181,1516 2178,1397 2101,1394 1995,1319 1707,1402 1610,1377 1521,1416 1336,1408"/>
                <Baseline points="1350,1469 1380,1469 1469,1463 1559,1463 1648,1463 1738,1463 1828,1469 1917,1475 2007,1469 2096,1469 2186,1463"/>
                <TextEquiv>
                    <Unicode>me gesehn.</Unicode>
                </TextEquiv>
            </TextLine>
            <TextLine id="tr_1_tl_13" custom="readingOrder {index:12;}">
                <Coords points="3658,1652 3963,1657 4082,1738 4304,1638 4728,1602 5046,1682 5240,1593 5556,1666 5734,1616 5736,1460 5127,1508 4362,1441 4035,1541 3871,1472 3658,1569"/>
                <Baseline points="3674,1619 3680,1619 3769,1607 3859,1601 3949,1595 4038,1595 4128,1595 4217,1601 4307,1601 4397,1595 4486,1601 4576,1595 4665,1595 4755,1595 4845,1595 4934,1589 5024,1583 5113,1577 5203,1577 5293,1577 5382,1577 5472,1577 5562,1577 5651,1571 5741,1571"/>
                <TextEquiv>
                    <Unicode>der Tochter des Fürsten, die</Unicode>
                </TextEquiv>
            </TextLine>
            <TextLine id="tr_1_tl_14" custom="readingOrder {index:13;}">
                <Coords points="1347,1679 2048,1638 2489,1746 3109,1627 3339,1660 3339,1563 2949,1510 2278,1577 1959,1513 1823,1582 1347,1527"/>
                <Baseline points="1362,1636 1374,1636 1463,1630 1553,1630 1642,1630 1732,1636 1822,1636 1911,1636 2001,1636 2091,1636 2180,1630 2270,1636 2359,1630 2449,1630 2539,1625 2628,1625 2718,1625 2807,1625 2897,1619 2987,1625 3076,1619 3166,1619 3255,1625 3345,1619"/>
                <TextEquiv>
                    <Unicode>Unter dieser Sepflanzen</Unicode>
                </TextEquiv>
            </TextLine>
            <TextLine id="tr_1_tl_15" custom="readingOrder {index:14;}">
                <Coords points="3619,1823 3999,1823 4110,1907 4320,1815 4961,1848 5421,1785 5423,1616 5329,1599 5235,1663 4379,1738 4282,1677 4077,1740 3968,1657 3625,1635"/>
                <Baseline points="3638,1792 3721,1786 3811,1786 3901,1780 3990,1780 4080,1780 4170,1780 4259,1774 4349,1774 4438,1780 4528,1774 4618,1774 4707,1768 4797,1768 4886,1768 4976,1762 5066,1756 5155,1762 5245,1756 5335,1756 5424,1750"/>
                <TextEquiv>
                    <Unicode>neben ihrem Vaterstand</Unicode>
                </TextEquiv>
            </TextLine>
            <TextLine id="tr_1_tl_16" custom="readingOrder {index:15;}">
                <Coords points="1355,1932 1460,1940 1593,1826 2256,1923 2414,1832 2669,1912 3021,1807 3240,1873 3306,1862 3309,1729 2480,1749 2419,1693 2303,1754 2098,1690 1973,1760 1915,1702 1801,1754 1358,1693"/>
                <Baseline points="1374,1816 1433,1816 1523,1810 1613,1810 1702,1810 1792,1810 1881,1810 1971,1810 2061,1810 2150,1804 2240,1804 2329,1810 2419,1810 2509,1804 2598,1804 2688,1798 2778,1804 2867,1804 2957,1804 3046,1804 3136,1804 3226,1798 3315,1798"/>
                <TextEquiv>
                    <Unicode>lag in der Muschel tief einge¬</Unicode>
                </TextEquiv>
            </TextLine>
            <TextLine id="tr_1_tl_17" custom="readingOrder {index:16;}">
                <Coords points="1347,2103 1804,1995 2142,2056 2719,2020 2863,2103 3298,1998 3298,1923 3059,1815 2671,1909 2414,1832 2117,1929 1696,1851 1347,1948"/>
                <Baseline points="1362,1989 1421,1989 1511,1989 1601,1989 1690,1989 1780,1989 1869,1989 1959,1989 2049,1989 2138,1989 2228,1989 2318,1983 2407,1983 2497,1983 2586,1983 2676,1983 2766,1983 2855,1983 2945,1983 3034,1983 3124,1977 3214,1977 3303,1977"/>
                <TextEquiv>
                    <Unicode>schlossen eine Parte; - auch sie</Unicode>
                </TextEquiv>
            </TextLine>
            <TextLine id="tr_1_tl_18" custom="readingOrder {index:17;}">
                <Coords points="3702,2189 4032,2242 4198,2150 4401,2195 4728,2128 4983,2228 5282,2117 5556,2173 5817,2114 5820,1957 5393,2017 5149,1959 4775,2059 4423,1990 3705,2020"/>
                <Baseline points="3721,2132 3763,2126 3853,2126 3943,2132 4032,2132 4122,2132 4211,2126 4301,2126 4391,2126 4480,2126 4570,2126 4659,2126 4749,2120 4839,2120 4928,2120 5018,2114 5108,2114 5197,2108 5287,2108 5376,2102 5466,2102 5556,2102 5645,2096 5735,2091 5824,2073"/>
                <TextEquiv>
                    <Unicode>Nun xx In einer Schnur von</Unicode>
                </TextEquiv>
            </TextLine>
            <TextLine id="tr_1_tl_19" custom="readingOrder {index:18;}">
                <Coords points="1372,2286 1657,2192 2164,2292 2347,2184 2708,2264 2924,2164 3445,2198 3475,2092 2854,2103 2721,2042 2597,2106 2092,2017 1372,2137"/>
                <Baseline points="1386,2156 1475,2162 1565,2162 1654,2162 1744,2168 1834,2162 1923,2168 2013,2162 2102,2162 2192,2162 2282,2162 2371,2156 2461,2156 2551,2150 2640,2150 2730,2156 2819,2156 2909,2156 2999,2162 3088,2162 3178,2162 3267,2162 3357,2162 3447,2162 3483,2156"/>
                <TextEquiv>
                    <Unicode>schicte sich die Erde zu sehen, aber</Unicode>
                </TextEquiv>
            </TextLine>
            <TextLine id="tr_1_tl_20" custom="readingOrder {index:19;}">
                <Coords points="3686,2331 4029,2394 4240,2303 5082,2317 5360,2397 5631,2286 5814,2333 5817,2150 5077,2175 4955,2250 4822,2175 4586,2228 4354,2173 3689,2250"/>
                <Baseline points="3704,2300 3763,2306 3853,2306 3943,2306 4032,2300 4122,2300 4211,2294 4301,2294 4391,2294 4480,2288 4570,2288 4659,2294 4749,2288 4839,2282 4928,2288 5018,2282 5108,2276 5197,2276 5287,2276 5376,2270 5466,2270 5556,2270 5645,2264 5735,2258 5824,2234"/>
                <TextEquiv>
                    <Unicode>vielen Perlen, die die Prinzessori¬</Unicode>
                </TextEquiv>
            </TextLine>
            <TextLine id="tr_1_tl_21" custom="readingOrder {index:20;}">
                <Coords points="1375,2353 1693,2433 2286,2339 2428,2450 2780,2358 2968,2447 3162,2339 3497,2344 3500,2245 2303,2214 2101,2306 1832,2214 1377,2300"/>
                <Baseline points="1392,2329 1481,2335 1571,2335 1660,2335 1750,2335 1840,2335 1929,2335 2019,2335 2108,2335 2198,2335 2288,2335 2377,2329 2467,2324 2556,2324 2646,2324 2736,2324 2825,2329 2915,2329 3005,2329 3094,2329 3184,2329 3273,2329 3363,2329 3453,2329 3506,2329"/>
                <TextEquiv>
                    <Unicode>vergebens, lange Zeit vergebens</Unicode>
                </TextEquiv>
            </TextLine>
            <TextLine id="tr_1_tl_22" custom="readingOrder {index:21;}">
                <Coords points="3658,2505 3977,2502 4132,2594 4456,2483 4614,2594 4966,2461 5055,2514 5382,2475 5531,2561 5695,2494 5698,2381 5490,2336 5296,2411 4428,2306 4190,2400 4093,2347 3955,2436 3661,2441"/>
                <Baseline points="3674,2473 3733,2473 3823,2473 3913,2473 4002,2473 4092,2473 4182,2467 4271,2467 4361,2467 4450,2467 4540,2461 4630,2461 4719,2455 4809,2449 4898,2449 4988,2443 5078,2443 5167,2443 5257,2443 5346,2437 5436,2431 5526,2437 5615,2443 5705,2431"/>
                <TextEquiv>
                    <Unicode>um den Hals geschlungen trug</Unicode>
                </TextEquiv>
            </TextLine>
            <TextLine id="tr_1_tl_23" custom="readingOrder {index:22;}">
                <Coords points="1652,2635 2001,2611 2101,2538 2272,2619 2990,2511 3511,2605 3514,2428 2877,2447 2774,2364 2430,2447 2300,2353 1654,2469"/>
                <Baseline points="1666,2503 1726,2509 1816,2503 1905,2503 1995,2503 2085,2503 2174,2503 2264,2497 2353,2497 2443,2497 2533,2497 2622,2497 2712,2497 2801,2491 2891,2497 2981,2497 3070,2503 3160,2503 3250,2503 3339,2503 3429,2503 3518,2497"/>
                <TextEquiv>
                    <Unicode>da fühlte sie sich einmal</Unicode>
                </TextEquiv>
            </TextLine>
            <TextLine id="tr_1_tl_24" custom="readingOrder {index:23;}">
                <Coords points="2757,2597 2777,2597 2785,2605 2821,2588 2843,2599 2868,2597 2879,2588 2901,2591 2929,2577 2974,2577 2974,2525 2968,2522 2935,2519 2899,2538 2874,2525 2846,2525 2821,2538 2788,2538 2777,2527 2760,2527"/>
                <Baseline points="2772,2586 2801,2580 2891,2580 2981,2574"/>
                <TextEquiv>
                    <Unicode>w</Unicode>
                </TextEquiv>
            </TextLine>
            <TextLine id="tr_1_tl_25" custom="readingOrder {index:24;}">
                <Coords points="3658,2680 4198,2649 4304,2738 4753,2658 5013,2716 5285,2624 5825,2671 5828,2489 5584,2558 5116,2472 4614,2594 4392,2508 4126,2597 3661,2516"/>
                <Baseline points="3674,2640 3686,2640 3775,2640 3865,2634 3954,2634 4044,2634 4134,2634 4223,2628 4313,2628 4403,2634 4492,2628 4582,2628 4671,2628 4761,2622 4851,2616 4940,2610 5030,2610 5119,2610 5209,2610 5299,2610 5388,2610 5478,2604 5568,2604 5657,2598 5747,2592 5836,2580"/>
                <TextEquiv>
                    <Unicode>war auch sie. Da sah sie denn die</Unicode>
                </TextEquiv>
            </TextLine>
            <TextLine id="tr_1_tl_26" custom="readingOrder {index:25;}">
                <Coords points="1311,2768 1704,2671 1957,2771 2098,2713 2259,2805 2441,2708 2696,2810 2929,2671 3414,2746 3414,2574 3029,2622 2522,2538 1934,2624 1746,2525 1311,2538"/>
                <Baseline points="1326,2676 1356,2676 1445,2670 1535,2670 1625,2664 1714,2664 1804,2664 1893,2664 1983,2664 2073,2664 2162,2664 2252,2658 2341,2658 2431,2664 2521,2664 2610,2664 2700,2664 2789,2664 2879,2670 2969,2670 3058,2664 3148,2664 3238,2664 3327,2652 3417,2646"/>
                <TextEquiv>
                    <Unicode>plötzlich einvorgehoben, immer</Unicode>
                </TextEquiv>
            </TextLine>
            <TextLine id="tr_1_tl_27" custom="readingOrder {index:26;}">
                <Coords points="3677,2899 3871,2824 5703,2824 5723,2683 5141,2647 4858,2719 4725,2658 4318,2749 4146,2658 3680,2680"/>
                <Baseline points="3692,2813 3757,2813 3847,2813 3937,2807 4026,2807 4116,2801 4205,2801 4295,2801 4385,2801 4474,2801 4564,2801 4653,2801 4743,2795 4833,2795 4922,2789 5012,2784 5102,2789 5191,2784 5281,2784 5370,2784 5460,2784 5550,2778 5639,2778 5729,2766"/>
                <TextEquiv>
                    <Unicode>Herrlichkeiten Indiens. Sie sah</Unicode>
                </TextEquiv>
            </TextLine>
            <TextLine id="tr_1_tl_28" custom="readingOrder {index:27;}">
                <Coords points="1377,2974 1682,2843 2053,2943 2284,2885 2403,2962 2530,2879 3015,2940 3156,2854 3370,2852 3370,2721 2874,2727 2702,2807 2369,2721 2259,2807 2098,2710 1957,2771 1704,2677 1377,2719"/>
                <Baseline points="1392,2843 1403,2843 1493,2837 1583,2837 1672,2837 1762,2837 1852,2837 1941,2837 2031,2843 2120,2843 2210,2837 2300,2843 2389,2843 2479,2843 2568,2843 2658,2843 2748,2843 2837,2843 2927,2843 3017,2843 3106,2849 3196,2843 3285,2837 3375,2837"/>
                <TextEquiv>
                    <Unicode>höher und getragen bis sie</Unicode>
                </TextEquiv>
            </TextLine>
            <TextLine id="tr_1_tl_29" custom="readingOrder {index:28;}">
                <Coords points="3675,3046 4049,3001 4212,3123 4512,2996 5745,3021 5748,2852 5493,2907 5080,2802 4517,2924 4315,2829 3677,2896"/>
                <Baseline points="3692,2993 3781,2993 3871,2993 3960,2987 4050,2987 4140,2981 4229,2981 4319,2987 4409,2981 4498,2981 4588,2981 4677,2981 4767,2975 4857,2981 4946,2975 5036,2969 5125,2969 5215,2963 5305,2963 5394,2963 5484,2963 5574,2951 5663,2945 5753,2933"/>
                <TextEquiv>
                    <Unicode>die prächtigen Säle des kalastes</Unicode>
                </TextEquiv>
            </TextLine>
            <TextLine id="tr_1_tl_30" custom="readingOrder {index:29;}">
                <Coords points="1286,3101 1729,3029 1993,3145 2137,3035 2364,3023 3126,3154 3447,3065 3447,2877 3037,2954 2511,2882 2414,2962 2259,2885 2051,2979 1682,2846 1286,2979"/>
                <Baseline points="1302,3028 1392,3028 1481,3022 1571,3017 1660,3022 1750,3022 1840,3022 1929,3022 2019,3017 2108,3022 2198,3022 2288,3022 2377,3022 2467,3022 2556,3017 2646,3022 2736,3022 2825,3022 2915,3022 3005,3022 3094,3028 3184,3028 3273,3022 3363,3022 3453,3022"/>
                <TextEquiv>
                    <Unicode>endlich ruhig blieb. die Muschel</Unicode>
                </TextEquiv>
            </TextLine>
            <TextLine id="tr_1_tl_31" custom="readingOrder {index:30;}">
                <Coords points="3686,3234 3946,3168 4179,3226 4847,3156 5662,3204 5725,3192 5731,3010 5487,3073 5152,2968 4850,3057 4362,3037 4207,3126 4038,2996 3941,3057 3694,3007"/>
                <Baseline points="3704,3178 3763,3178 3853,3172 3943,3166 4032,3160 4122,3160 4211,3154 4301,3154 4391,3154 4480,3154 4570,3154 4659,3148 4749,3148 4839,3142 4928,3142 5018,3142 5108,3136 5197,3130 5287,3124 5376,3130 5466,3130 5556,3124 5645,3118 5735,3100"/>
                <TextEquiv>
                    <Unicode>sah den Park, sah die Stadt.</Unicode>
                </TextEquiv>
            </TextLine>
            <TextLine id="tr_1_tl_32" custom="readingOrder {index:31;}">
                <Coords points="1311,3217 1760,3206 1959,3312 2225,3206 3359,3270 3417,3259 3417,3051 3120,3156 2780,3059 2031,3154 1729,3029 1311,3123"/>
                <Baseline points="1326,3196 1362,3196 1451,3196 1541,3190 1630,3190 1720,3190 1810,3190 1899,3190 1989,3196 2079,3190 2168,3196 2258,3190 2347,3196 2437,3196 2527,3190 2616,3196 2706,3196 2795,3196 2885,3196 2975,3196 3064,3196 3154,3196 3244,3190 3333,3190 3423,3178"/>
                <TextEquiv>
                    <Unicode>wurde entzweigebrochen, und</Unicode>
                </TextEquiv>
            </TextLine>
            <TextLine id="tr_1_tl_33" custom="readingOrder {index:32;}">
                <Coords points="3694,3403 3935,3445 4176,3337 4584,3450 4769,3339 5204,3326 5393,3439 5770,3339 5775,3215 5612,3176 5434,3253 4850,3156 3697,3223"/>
                <Baseline points="3710,3333 3716,3339 3805,3345 3895,3339 3984,3339 4074,3333 4164,3327 4253,3333 4343,3333 4432,3333 4522,3327 4612,3327 4701,3327 4791,3327 4880,3321 4970,3321 5060,3315 5149,3315 5239,3309 5329,3309 5418,3297 5508,3303 5597,3297 5687,3297 5777,3297"/>
                <TextEquiv>
                    <Unicode>Se freute sich auf der Erde</Unicode>
                </TextEquiv>
            </TextLine>
            <TextLine id="tr_1_tl_34" custom="readingOrder {index:33;}">
                <Coords points="1286,3406 1957,3370 2491,3442 2644,3370 3040,3434 3439,3381 3439,3262 3173,3223 3010,3298 2619,3201 2505,3273 2317,3206 1968,3312 1488,3217 1286,3289"/>
                <Baseline points="1302,3369 1386,3363 1475,3363 1565,3363 1654,3363 1744,3369 1834,3369 1923,3369 2013,3369 2102,3363 2192,3369 2282,3363 2371,3369 2461,3369 2551,3369 2640,3369 2730,3375 2819,3375 2909,3375 2999,3375 3088,3375 3178,3375 3267,3369 3357,3357 3447,3345"/>
                <TextEquiv>
                    <Unicode>die starle wollte auf den Boden.</Unicode>
                </TextEquiv>
            </TextLine>
            <TextLine id="tr_1_tl_35" custom="readingOrder {index:34;}">
                <Coords points="3691,3605 3930,3653 4121,3542 4542,3508 4844,3614 4955,3550 5146,3625 5337,3497 5850,3564 5917,3550 5919,3406 5515,3450 5160,3334 4586,3450 4312,3386 4140,3456 4060,3384 3694,3489"/>
                <Baseline points="3710,3524 3775,3524 3865,3518 3954,3518 4044,3512 4134,3512 4223,3512 4313,3506 4403,3506 4492,3506 4582,3506 4671,3500 4761,3500 4851,3500 4940,3494 5030,3488 5119,3488 5209,3494 5299,3488 5388,3483 5478,3483 5568,3488 5657,3483 5747,3483 5836,3477 5926,3477"/>
                <TextEquiv>
                    <Unicode>zu sein, und das zu sehen, wovon</Unicode>
                </TextEquiv>
            </TextLine>
            <TextLine id="tr_1_tl_36" custom="readingOrder {index:35;}">
                <Coords points="1344,3583 1627,3655 1768,3564 2289,3567 2367,3628 2655,3553 3132,3691 3436,3580 3434,3381 3068,3450 2638,3373 2447,3459 1865,3378 1674,3470 1341,3403"/>
                <Baseline points="1356,3542 1445,3542 1535,3542 1625,3542 1714,3536 1804,3542 1893,3542 1983,3542 2073,3542 2162,3542 2252,3542 2341,3542 2431,3542 2521,3542 2610,3548 2700,3554 2789,3554 2879,3560 2969,3560 3058,3560 3148,3554 3238,3554 3327,3554 3417,3560 3441,3560"/>
                <TextEquiv>
                    <Unicode>Wie staunte die Perle, als sie ihre</Unicode>
                </TextEquiv>
            </TextLine>
            <TextLine id="tr_1_tl_37" custom="readingOrder {index:36;}">
                <Coords points="3694,3774 4229,3694 4667,3808 4828,3725 5468,3716 5423,3528 5149,3630 4963,3561 4564,3636 4398,3561 4301,3616 4096,3569 3927,3653 3700,3597"/>
                <Baseline points="3710,3710 3769,3710 3859,3704 3949,3698 4038,3698 4128,3698 4217,3692 4307,3692 4397,3692 4486,3686 4576,3686 4665,3686 4755,3680 4845,3674 4934,3674 5024,3668 5113,3668 5203,3668 5293,3662 5382,3662 5472,3650"/>
                <TextEquiv>
                    <Unicode>sie nur immer geträumt.</Unicode>
                </TextEquiv>
            </TextLine>
            <TextLine id="tr_1_tl_38" custom="readingOrder {index:37;}">
                <Coords points="1341,3744 1546,3769 1690,3733 1774,3766 2131,3722 2209,3763 2308,3741 2308,3569 1965,3633 1873,3572 1768,3567 1632,3653 1341,3580"/>
                <Baseline points="1356,3727 1415,3727 1505,3727 1595,3727 1684,3721 1774,3721 1863,3727 1953,3721 2043,3721 2132,3721 2222,3721 2312,3716"/>
                <TextEquiv>
                    <Unicode>Umgebung sah!</Unicode>
                </TextEquiv>
            </TextLine>
            <TextLine id="tr_1_tl_39" custom="readingOrder {index:38;}">
                <Coords points="1355,3963 1480,3932 1610,4021 1793,3932 2004,4016 2198,3963 2383,4046 2813,3924 3220,4057 3464,3960 3461,3805 3320,3752 2863,3869 2724,3786 2347,3761 1920,3874 1696,3786 1352,3813"/>
                <Baseline points="1368,3907 1457,3913 1547,3913 1636,3907 1726,3907 1816,3913 1905,3913 1995,3913 2085,3919 2174,3919 2264,3931 2353,3937 2443,3937 2533,3931 2622,3931 2712,3925 2801,3925 2891,3919 2981,3913 3070,3913 3160,3913 3250,3913 3339,3913 3429,3919 3471,3919"/>
                <TextEquiv>
                    <Unicode>Sie befand sich auf einem Schiffe.</Unicode>
                </TextEquiv>
            </TextLine>
            <TextLine id="tr_1_tl_40" custom="readingOrder {index:39;}">
                <Coords points="3716,4176 4287,4065 4559,4135 4886,4063 5002,4124 5118,4071 5714,4126 5809,4088 5814,3863 5423,3938 5035,3877 4658,4007 3722,3921"/>
                <Baseline points="3733,4062 3757,4062 3847,4068 3937,4062 4026,4068 4116,4062 4205,4056 4295,4056 4385,4050 4474,4056 4564,4050 4653,4050 4743,4050 4833,4044 4922,4038 5012,4044 5102,4038 5191,4044 5281,4038 5370,4038 5460,4032 5550,4032 5639,4032 5729,4026 5818,4020"/>
                <TextEquiv>
                    <Unicode>Es war eine stille, sille Nacht,</Unicode>
                </TextEquiv>
            </TextLine>
            <TextLine id="tr_1_tl_41" custom="readingOrder {index:40;}">
                <Coords points="1275,4171 1441,4135 1566,4218 1768,4101 2220,4176 2400,4115 3464,4137 3461,4027 3010,4052 2619,3946 2381,4046 1787,3938 1272,4049"/>
                <Baseline points="1290,4110 1320,4110 1409,4098 1499,4092 1589,4092 1678,4092 1768,4092 1858,4092 1947,4092 2037,4086 2126,4092 2216,4092 2306,4098 2395,4098 2485,4098 2574,4098 2664,4098 2754,4104 2843,4110 2933,4110 3022,4110 3112,4104 3202,4110 3291,4110 3381,4110 3471,4104"/>
                <TextEquiv>
                    <Unicode>„Fürst von Juden“, sprach im</Unicode>
                </TextEquiv>
            </TextLine>
            <TextLine id="tr_1_tl_42" custom="readingOrder {index:41;}">
                <Coords points="3738,4259 4694,4251 5221,4395 5773,4373 5778,4135 5579,4077 5002,4126 4897,4057 4559,4137 4390,4071 4171,4154 3957,4088 3741,4168"/>
                <Baseline points="3757,4247 3811,4247 3901,4247 3990,4241 4080,4241 4170,4241 4259,4241 4349,4235 4438,4241 4528,4235 4618,4229 4707,4229 4797,4229 4886,4223 4976,4223 5066,4229 5155,4223 5245,4223 5335,4223 5424,4217 5514,4211 5603,4205 5693,4187 5783,4187"/>
                <TextEquiv>
                    <Unicode>da wandelte die Fürstentochter</Unicode>
                </TextEquiv>
            </TextLine>
            <TextLine id="tr_1_tl_43" custom="readingOrder {index:42;}">
                <Coords points="1280,4392 2145,4320 2389,4390 2580,4326 2990,4428 3447,4298 3445,4135 3259,4174 3109,4107 2225,4229 1774,4101 1557,4212 1441,4132 1278,4174"/>
                <Baseline points="1296,4277 1386,4277 1475,4277 1565,4271 1654,4271 1744,4265 1834,4271 1923,4271 2013,4271 2102,4271 2192,4271 2282,4277 2371,4277 2461,4277 2551,4283 2640,4283 2730,4283 2819,4283 2909,4289 2999,4289 3088,4289 3178,4289 3267,4289 3357,4295 3447,4295 3453,4295"/>
                <TextEquiv>
                    <Unicode>laucher zu einem reichgeschmüß¬</Unicode>
                </TextEquiv>
            </TextLine>
        </TextRegion>
    </Page>
</PcGts>
