<?xml version="1.0" encoding="UTF-8" standalone="yes"?>
<PcGts xmlns="http://schema.primaresearch.org/PAGE/gts/pagecontent/2013-07-15" xmlns:xsi="http://www.w3.org/2001/XMLSchema-instance" xsi:schemaLocation="http://schema.primaresearch.org/PAGE/gts/pagecontent/2013-07-15 http://schema.primaresearch.org/PAGE/gts/pagecontent/2013-07-15/pagecontent.xsd">
    <Metadata>
        <Creator>prov=READ-COOP:name=TrHtr:version=2.1.0:model_id=51170:date=28_07_2023_05:41</Creator>
        <Created>2023-05-10T11:15:04.728+02:00</Created>
        <LastChange>2023-07-28T05:41:28.497+02:00</LastChange>
        <TranskribusMetadata docId="1428137" pageId="55385110" pageNr="115" tsid="131319968" status="IN_PROGRESS" userId="64420" imgUrl="https://files.transkribus.eu/Get?id=OBSETBYGXRZEWUOCWNOLDZJH&amp;fileType=view" xmlUrl="https://files.transkribus.eu/Get?id=KNUOOKDOYAZZVNTAMPLJKIVP" imageId="44660009"/>
    </Metadata>
    <Page imageFilename="1428137_0115.jpg" imageWidth="7567" imageHeight="4904">
        <ReadingOrder>
            <OrderedGroup id="ro_1711824204764" caption="Regions reading order">
                <RegionRefIndexed index="0" regionRef="tr_2"/>
                <RegionRefIndexed index="1" regionRef="tr_1"/>
            </OrderedGroup>
        </ReadingOrder>
        <TextRegion id="tr_2" custom="readingOrder {index:0;}">
            <Coords points="1145,642 3758,642 3758,4556 1145,4556"/>
            <TextLine id="tr_2_tl_1" custom="readingOrder {index:0;}">
                <Coords points="1148,858 1636,762 2578,839 3263,727 3366,794 3694,736 3700,598 2405,598 2296,527 1945,633 1572,585 1370,704 1154,627"/>
                <Baseline points="1169,769 1199,763 1288,763 1378,757 1467,757 1557,757 1646,757 1736,751 1825,751 1915,745 2004,745 2094,739 2183,739 2273,733 2362,733 2452,733 2541,727 2630,727 2720,721 2809,721 2899,721 2988,715 3078,709 3167,703 3257,698 3346,698 3436,692 3525,692 3615,692 3704,698"/>
                <TextEquiv>
                    <Unicode>gen Fürsten und Könige schwelgten, im Genuße</Unicode>
                </TextEquiv>
            </TextLine>
            <TextLine id="tr_2_tl_2" custom="readingOrder {index:1;}">
                <Coords points="1135,1006 1498,958 1704,1071 1858,977 2659,929 2922,1032 3176,900 3598,910 3601,829 2874,727 2331,881 2167,765 1868,865 1636,765 1141,858"/>
                <Baseline points="1157,960 1187,954 1276,954 1366,954 1455,948 1545,948 1634,948 1724,942 1813,942 1903,936 1992,936 2082,930 2171,924 2261,924 2350,924 2440,918 2529,918 2619,912 2708,912 2798,906 2887,900 2977,900 3066,894 3155,888 3245,888 3334,888 3424,882 3513,876 3603,876"/>
                <TextEquiv>
                    <Unicode>des flüchtigen Augenblicks der heiligsten</Unicode>
                </TextEquiv>
            </TextLine>
            <TextLine id="tr_2_tl_3" custom="readingOrder {index:2;}">
                <Coords points="1132,1241 3617,1100 3623,964 2984,1042 2212,936 1739,1074 1405,964 1141,1013"/>
                <Baseline points="1157,1133 1211,1139 1300,1145 1390,1139 1479,1133 1569,1133 1658,1133 1748,1133 1837,1127 1926,1127 2016,1121 2105,1121 2195,1115 2284,1115 2374,1109 2463,1103 2553,1103 2642,1103 2732,1103 2821,1091 2911,1091 3000,1085 3090,1079 3179,1079 3269,1079 3358,1079 3448,1073 3537,1067 3627,1055"/>
                <TextEquiv>
                    <Unicode>Pflichten vergessend. In der Hand der</Unicode>
                </TextEquiv>
            </TextLine>
            <TextLine id="tr_2_tl_4" custom="readingOrder {index:3;}">
                <Coords points="1173,1373 3681,1341 3688,1112 1177,1286"/>
                <Baseline points="1193,1336 1276,1330 1366,1330 1455,1324 1545,1324 1634,1324 1724,1324 1813,1318 1903,1318 1992,1312 2082,1312 2171,1306 2261,1306 2350,1306 2440,1300 2529,1300 2619,1294 2708,1294 2798,1288 2887,1288 2977,1282 3066,1276 3155,1276 3245,1276 3334,1270 3424,1270 3513,1264 3603,1258 3692,1264"/>
                <TextEquiv>
                    <Unicode>Maitressen lag das Wohl und Mehe des Staales;</Unicode>
                </TextEquiv>
            </TextLine>
            <TextLine id="tr_2_tl_5" custom="readingOrder {index:4;}">
                <Coords points="1180,1579 2016,1511 2668,1591 3533,1460 3672,1527 3675,1386 1183,1389"/>
                <Baseline points="1199,1515 1264,1515 1354,1515 1443,1515 1533,1515 1622,1509 1712,1509 1801,1503 1891,1503 1980,1497 2070,1497 2159,1497 2249,1497 2338,1491 2428,1491 2517,1491 2607,1485 2696,1485 2786,1485 2875,1479 2965,1473 3054,1467 3144,1467 3233,1461 3323,1461 3412,1461 3502,1455 3591,1455 3680,1461"/>
                <TextEquiv>
                    <Unicode>um dem Willen und dem Vergnügen eines ein¬</Unicode>
                </TextEquiv>
            </TextLine>
            <TextLine id="tr_2_tl_6" custom="readingOrder {index:5;}">
                <Coords points="1151,1836 1601,1714 1881,1813 2585,1694 3035,1778 3665,1675 3672,1527 2926,1530 2742,1627 2312,1530 1485,1559 1157,1646"/>
                <Baseline points="1175,1706 1258,1706 1348,1706 1437,1712 1527,1706 1616,1706 1706,1706 1795,1700 1885,1694 1974,1694 2064,1688 2153,1688 2243,1682 2332,1688 2422,1688 2511,1688 2601,1682 2690,1676 2780,1676 2869,1676 2959,1670 3048,1664 3138,1658 3227,1658 3317,1652 3406,1646 3496,1640 3585,1640 3675,1634"/>
                <TextEquiv>
                    <Unicode>zigen Weibes genugzuthun, schmachtete das</Unicode>
                </TextEquiv>
            </TextLine>
            <TextLine id="tr_2_tl_7" custom="readingOrder {index:6;}">
                <Coords points="1167,2019 1823,1894 2077,1964 2713,1874 3691,1906 3697,1672 3411,1771 2524,1746 2218,1842 1752,1736 1170,1836"/>
                <Baseline points="1187,1909 1193,1909 1282,1903 1372,1897 1461,1897 1551,1897 1640,1891 1730,1891 1819,1885 1909,1885 1998,1885 2088,1879 2177,1879 2267,1879 2356,1879 2446,1873 2535,1873 2625,1867 2714,1867 2803,1861 2893,1855 2982,1855 3072,1849 3161,1843 3251,1843 3340,1843 3430,1843 3519,1837 3609,1831 3698,1837"/>
                <TextEquiv>
                    <Unicode>ganze Bürgertum unter unerträglichen Steu¬</Unicode>
                </TextEquiv>
            </TextLine>
            <TextLine id="tr_2_tl_8" custom="readingOrder {index:7;}">
                <Coords points="1180,2096 3627,2099 3700,1906 3164,1878 2990,1984 2595,1881 2109,1977 1997,1919 1759,2042 1183,2035"/>
                <Baseline points="1199,2088 1288,2088 1378,2082 1467,2082 1557,2076 1646,2076 1736,2076 1825,2076 1915,2070 2004,2070 2094,2070 2183,2070 2273,2064 2362,2064 2452,2064 2541,2058 2630,2058 2720,2052 2809,2046 2899,2046 2988,2040 3078,2034 3167,2034 3257,2034 3346,2034 3436,2028 3525,2028 3615,2022 3704,2022"/>
                <TextEquiv>
                    <Unicode>ern und Abgaben. Was der Schmuck in</Unicode>
                </TextEquiv>
            </TextLine>
            <TextLine id="tr_2_tl_9" custom="readingOrder {index:8;}">
                <Coords points="1128,2328 3331,2254 3453,2366 3704,2318 3710,2090 2611,2170 2231,2077 1836,2238 1614,2125 1132,2215"/>
                <Baseline points="1145,2278 1211,2278 1300,2278 1390,2273 1479,2273 1569,2273 1658,2267 1748,2267 1837,2261 1926,2255 2016,2249 2105,2249 2195,2249 2284,2249 2374,2249 2463,2249 2553,2243 2642,2249 2732,2243 2821,2237 2911,2237 3000,2237 3090,2231 3179,2225 3269,2225 3358,2225 3448,2219 3537,2219 3627,2225 3716,2225"/>
                <TextEquiv>
                    <Unicode>der Stolz des Landes sein sollte; junge, kräftige,</Unicode>
                </TextEquiv>
            </TextLine>
            <TextLine id="tr_2_tl_10" custom="readingOrder {index:9;}">
                <Coords points="1161,2578 1434,2479 1662,2585 2273,2453 3688,2469 3710,2318 2832,2296 2611,2398 1492,2318 1164,2405"/>
                <Baseline points="1181,2469 1211,2463 1300,2463 1390,2463 1479,2463 1569,2463 1658,2463 1748,2457 1837,2457 1926,2452 2016,2452 2105,2446 2195,2446 2284,2446 2374,2446 2463,2440 2553,2440 2642,2434 2732,2434 2821,2434 2911,2434 3000,2428 3090,2428 3179,2422 3269,2422 3358,2422 3448,2416 3537,2416 3627,2410 3716,2410"/>
                <TextEquiv>
                    <Unicode>patriotisch gesinte Männer, - Das würd ins Aus¬</Unicode>
                </TextEquiv>
            </TextLine>
            <TextLine id="tr_2_tl_11" custom="readingOrder {index:10;}">
                <Coords points="1173,2701 2389,2742 2803,2636 3183,2713 3405,2617 3655,2659 3736,2463 3234,2543 2244,2456 1177,2611"/>
                <Baseline points="1193,2660 1234,2660 1324,2654 1413,2648 1503,2648 1592,2642 1682,2642 1771,2642 1861,2642 1950,2636 2040,2630 2129,2630 2219,2630 2308,2630 2398,2630 2487,2625 2577,2625 2666,2625 2756,2619 2845,2619 2935,2619 3024,2619 3114,2613 3203,2613 3293,2607 3382,2607 3472,2601 3561,2601 3651,2595 3740,2595"/>
                <TextEquiv>
                    <Unicode>land verkauft, und flimmend, glänzend und</Unicode>
                </TextEquiv>
            </TextLine>
            <TextLine id="tr_2_tl_12" custom="readingOrder {index:11;}">
                <Coords points="1157,2903 1890,2871 1997,2955 2164,2836 2996,2816 3601,2881 3646,2662 2958,2726 2781,2636 2058,2781 1733,2656 1161,2720"/>
                <Baseline points="1175,2851 1234,2851 1324,2851 1413,2845 1503,2845 1592,2839 1682,2833 1771,2833 1861,2827 1950,2827 2040,2827 2129,2827 2219,2821 2308,2815 2398,2815 2487,2809 2577,2809 2666,2809 2756,2809 2845,2809 2935,2803 3024,2803 3114,2798 3203,2798 3293,2792 3382,2792 3472,2792 3561,2792 3651,2786"/>
                <TextEquiv>
                    <Unicode>leuchtend prängte der Erlös über der Stirn</Unicode>
                </TextEquiv>
            </TextLine>
            <TextLine id="tr_2_tl_13" custom="readingOrder {index:12;}">
                <Coords points="1164,3090 3620,3054 3665,2900 2746,2826 2042,2971 1906,2884 1167,2977"/>
                <Baseline points="1181,3036 1252,3036 1342,3036 1431,3030 1521,3030 1610,3024 1700,3024 1789,3018 1879,3018 1968,3018 2058,3012 2147,3006 2237,3006 2326,3006 2416,3000 2505,3000 2595,3000 2684,3000 2774,3000 2863,2994 2953,2994 3042,2988 3132,2994 3221,2988 3311,2988 3400,2988 3490,2982 3579,2982 3669,2977"/>
                <TextEquiv>
                    <Unicode>der Maitresse. Nicht achtend der Thränen und</Unicode>
                </TextEquiv>
            </TextLine>
            <TextLine id="tr_2_tl_14" custom="readingOrder {index:13;}">
                <Coords points="1225,3266 3733,3234 3733,3099 3405,3019 3093,3125 2797,3029 1997,3138 1228,3090"/>
                <Baseline points="1246,3215 1324,3221 1413,3221 1503,3215 1592,3215 1682,3215 1771,3209 1861,3209 1950,3209 2040,3209 2129,3203 2219,3203 2308,3203 2398,3203 2487,3197 2577,3191 2666,3191 2756,3191 2845,3185 2935,3185 3024,3185 3114,3185 3203,3179 3293,3179 3382,3179 3472,3179 3561,3179 3651,3173 3740,3167"/>
                <TextEquiv>
                    <Unicode>Fläche der gequälten Unterthanen, die schweren,</Unicode>
                </TextEquiv>
            </TextLine>
            <TextLine id="tr_2_tl_15" custom="readingOrder {index:14;}">
                <Coords points="1206,3427 1505,3533 1794,3427 2427,3495 2652,3395 3710,3389 3717,3225 3411,3308 3122,3189 2672,3302 1865,3231 1209,3337"/>
                <Baseline points="1223,3412 1306,3412 1396,3406 1485,3406 1575,3406 1664,3406 1753,3400 1843,3400 1932,3400 2022,3400 2111,3394 2201,3394 2290,3388 2380,3388 2469,3388 2559,3382 2648,3382 2738,3382 2827,3376 2917,3376 3006,3376 3096,3376 3185,3370 3275,3370 3364,3364 3454,3364 3543,3364 3633,3358 3722,3364"/>
                <TextEquiv>
                    <Unicode>unbezahlbaren Opfer nicht bedenkend, die er forder¬</Unicode>
                </TextEquiv>
            </TextLine>
            <TextLine id="tr_2_tl_16" custom="readingOrder {index:15;}">
                <Coords points="1177,3652 2144,3694 3090,3582 3453,3655 3749,3572 3752,3411 2132,3511 1913,3443 1508,3536 1180,3446"/>
                <Baseline points="1193,3603 1246,3597 1336,3597 1425,3597 1515,3591 1604,3597 1694,3603 1783,3597 1873,3591 1962,3591 2052,3585 2141,3585 2231,3585 2320,3579 2410,3579 2499,3573 2589,3573 2678,3567 2768,3567 2857,3567 2947,3567 3036,3567 3126,3567 3215,3561 3305,3561 3394,3555 3484,3555 3573,3555 3663,3555 3752,3561"/>
                <TextEquiv>
                    <Unicode>te, so verschwelgte damals ein Fürst seine</Unicode>
                </TextEquiv>
            </TextLine>
            <TextLine id="tr_2_tl_17" custom="readingOrder {index:16;}">
                <Coords points="1190,3916 1604,3794 2559,3871 2887,3768 3672,3794 3675,3575 3350,3710 3016,3604 2286,3720 1987,3633 1665,3729 1193,3707"/>
                <Baseline points="1211,3782 1264,3788 1354,3782 1443,3782 1533,3782 1622,3782 1712,3782 1801,3776 1891,3776 1980,3776 2070,3776 2159,3776 2249,3776 2338,3770 2428,3770 2517,3770 2607,3764 2696,3758 2786,3758 2875,3752 2965,3758 3054,3758 3144,3758 3233,3752 3323,3752 3412,3752 3502,3746 3591,3740 3680,3740"/>
                <TextEquiv>
                    <Unicode>Tage in den Armen der Geliebten - nur des</Unicode>
                </TextEquiv>
            </TextLine>
            <TextLine id="tr_2_tl_18" custom="readingOrder {index:17;}">
                <Coords points="1177,4006 3665,3996 3668,3774 3212,3855 2771,3800 2569,3897 1775,3794 1177,3932"/>
                <Baseline points="1193,3985 1252,3979 1342,3979 1431,3973 1521,3973 1610,3973 1700,3967 1789,3967 1879,3967 1968,3961 2058,3961 2147,3961 2237,3955 2326,3961 2416,3955 2505,3955 2595,3955 2684,3955 2774,3949 2863,3949 2953,3943 3042,3937 3132,3937 3221,3937 3311,3937 3400,3937 3490,3937 3579,3937 3669,3931"/>
                <TextEquiv>
                    <Unicode>einen Wunsches voll, das Leben bis auf</Unicode>
                </TextEquiv>
            </TextLine>
            <TextLine id="tr_2_tl_19" custom="readingOrder {index:18;}">
                <Coords points="1170,4202 3717,4160 3752,3990 2791,3964 2051,4093 1579,3977 1173,4025"/>
                <Baseline points="1187,4164 1252,4170 1342,4170 1431,4164 1521,4164 1610,4158 1700,4158 1789,4158 1879,4158 1968,4158 2058,4158 2147,4152 2237,4146 2326,4146 2416,4146 2505,4146 2595,4146 2684,4140 2774,4140 2863,4134 2953,4134 3042,4134 3132,4128 3221,4128 3311,4128 3400,4128 3490,4128 3579,4128 3669,4122 3758,4134"/>
                <TextEquiv>
                    <Unicode>die Neige zu genießen. Hof und Serait wimmel¬</Unicode>
                </TextEquiv>
            </TextLine>
            <TextLine id="tr_2_tl_20" custom="readingOrder {index:19;}">
                <Coords points="1206,4379 1617,4472 1923,4353 3199,4334 3360,4443 3736,4360 3739,4167 2797,4141 2627,4241 2009,4167 1836,4276 1209,4215"/>
                <Baseline points="1223,4361 1240,4361 1330,4355 1419,4355 1509,4355 1598,4349 1688,4349 1777,4349 1867,4349 1956,4343 2046,4343 2135,4337 2225,4337 2314,4331 2404,4331 2493,4331 2583,4337 2672,4331 2762,4331 2851,4331 2941,4331 3030,4325 3120,4325 3209,4319 3299,4319 3388,4319 3478,4319 3567,4313 3657,4313 3746,4307"/>
                <TextEquiv>
                    <Unicode>te jetzt von Patiens Auswurf. Hatterhafte Sa¬</Unicode>
                </TextEquiv>
            </TextLine>
            <TextLine id="tr_2_tl_21" custom="readingOrder {index:20;}">
                <Coords points="1225,4662 1598,4552 2405,4536 2810,4684 3553,4620 3662,4585 3665,4334 3347,4450 3231,4337 2749,4337 2357,4462 2222,4382 1228,4456"/>
                <Baseline points="1246,4546 1252,4546 1342,4546 1431,4540 1521,4540 1610,4540 1700,4534 1789,4534 1879,4534 1968,4528 2058,4528 2147,4522 2237,4522 2326,4522 2416,4522 2505,4522 2595,4522 2684,4522 2774,4522 2863,4522 2953,4522 3042,4516 3132,4516 3221,4516 3311,4510 3400,4510 3490,4510 3579,4516 3669,4516"/>
                <TextEquiv>
                    <Unicode>viserinen tändelten mit dem Furchtbaren Seeg¬</Unicode>
                </TextEquiv>
            </TextLine>
        </TextRegion>
        <TextRegion id="tr_1" custom="readingOrder {index:1;}">
            <Coords points="3818,612 6419,612 6419,4490 3818,4490"/>
            <TextLine id="tr_1_tl_1" custom="readingOrder {index:0;}">
                <Coords points="3848,743 4057,688 4774,772 4945,704 5118,768 5472,698 5719,801 6227,694 6227,579 6022,543 5208,566 4710,463 3848,559"/>
                <Baseline points="3865,668 3955,662 4044,668 4134,674 4223,674 4313,674 4402,674 4492,680 4581,674 4671,674 4760,674 4850,674 4939,674 5029,680 5118,680 5208,674 5297,674 5387,674 5476,674 5566,674 5655,680 5745,680 5834,680 5924,680 6013,674 6103,674 6192,674 6234,674"/>
                <TextEquiv>
                    <Unicode>ter, und das Volk blutete unter ihren</Unicode>
                </TextEquiv>
            </TextLine>
            <TextLine id="tr_1_tl_2" custom="readingOrder {index:1;}">
                <Coords points="3842,887 4067,894 4128,939 4212,881 4331,903 4443,881 4450,736 4199,765 4077,691 3839,752"/>
                <Baseline points="3859,847 3949,859 4038,865 4128,859 4217,865 4307,865 4396,871 4462,876"/>
                <TextEquiv>
                    <Unicode>können.</Unicode>
                </TextEquiv>
            </TextLine>
            <TextLine id="tr_1_tl_3" custom="readingOrder {index:2;}">
                <Coords points="3877,1103 4681,1064 4922,1190 5250,1080 6327,1132 6327,942 6163,897 3877,932"/>
                <Baseline points="3895,1055 3985,1055 4074,1055 4164,1055 4253,1061 4343,1061 4432,1061 4522,1061 4611,1061 4701,1061 4790,1061 4880,1055 4969,1055 5059,1050 5148,1050 5238,1050 5327,1050 5417,1055 5506,1050 5596,1050 5685,1050 5775,1055 5864,1055 5954,1055 6043,1055 6132,1055 6222,1050 6311,1055 6335,1055"/>
                <TextEquiv>
                    <Unicode>Selbst wenn eine Milford dem Thramen die Zu¬</Unicode>
                </TextEquiv>
            </TextLine>
            <TextLine id="tr_1_tl_4" custom="readingOrder {index:3;}">
                <Coords points="3810,1334 3935,1257 4977,1331 6340,1260 6308,1128 5745,1087 4916,1196 4787,1093 4376,1180 3813,1119"/>
                <Baseline points="3830,1246 3842,1246 3931,1252 4021,1252 4110,1252 4200,1246 4289,1252 4378,1252 4468,1246 4557,1246 4647,1246 4736,1246 4826,1246 4915,1240 5005,1240 5094,1240 5184,1240 5273,1240 5363,1234 5452,1234 5542,1228 5631,1228 5721,1234 5810,1234 5900,1234 5989,1234 6079,1234 6168,1234 6258,1234 6347,1234"/>
                <TextEquiv>
                    <Unicode>get aus der Hand nahm, selbst dann konnte</Unicode>
                </TextEquiv>
            </TextLine>
            <TextLine id="tr_1_tl_5" custom="readingOrder {index:4;}">
                <Coords points="3813,1508 4237,1456 4453,1579 5154,1434 5896,1517 6038,1434 6279,1524 6327,1315 5507,1379 4668,1257 4270,1363 4041,1283 3816,1344"/>
                <Baseline points="3830,1443 3919,1443 4009,1437 4098,1437 4188,1437 4277,1437 4367,1437 4456,1437 4546,1431 4635,1431 4725,1425 4814,1425 4904,1425 4993,1425 5082,1425 5172,1425 5261,1425 5351,1419 5440,1419 5530,1419 5619,1419 5709,1419 5798,1419 5888,1425 5977,1425 6067,1425 6156,1425 6246,1425 6335,1425"/>
                <TextEquiv>
                    <Unicode>das Volk sich noch nicht ganz glücklich preisen.</Unicode>
                </TextEquiv>
            </TextLine>
            <TextLine id="tr_1_tl_6" custom="readingOrder {index:5;}">
                <Coords points="3890,1665 4443,1649 4549,1749 4935,1636 5764,1624 6028,1726 6330,1646 6295,1514 5646,1556 5199,1434 4366,1588 4115,1460 3890,1517"/>
                <Baseline points="3907,1628 3919,1628 4009,1622 4098,1622 4188,1622 4277,1628 4367,1622 4456,1622 4546,1622 4635,1622 4725,1622 4814,1616 4904,1616 4993,1616 5082,1616 5172,1616 5261,1616 5351,1616 5440,1616 5530,1616 5619,1610 5709,1610 5798,1610 5888,1610 5977,1616 6067,1610 6156,1610 6246,1604 6335,1598"/>
                <TextEquiv>
                    <Unicode>Wußte doch oft die Favoritin selbst nichts</Unicode>
                </TextEquiv>
            </TextLine>
            <TextLine id="tr_1_tl_7" custom="readingOrder {index:6;}">
                <Coords points="3829,1919 4128,1839 4482,1939 4797,1820 5192,1913 5568,1810 6166,1903 6301,1861 6305,1710 5764,1624 5591,1730 5273,1665 4636,1768 4443,1653 3958,1759 3832,1694"/>
                <Baseline points="3848,1819 3895,1819 3985,1819 4074,1819 4164,1819 4253,1819 4343,1819 4432,1813 4522,1813 4611,1813 4701,1813 4790,1813 4880,1813 4969,1807 5059,1807 5148,1801 5238,1801 5327,1801 5417,1801 5506,1801 5596,1801 5685,1801 5775,1801 5864,1801 5954,1801 6043,1801 6132,1801 6222,1801 6311,1795"/>
                <TextEquiv>
                    <Unicode>von des Regenten Vergehen und Ausschrei¬</Unicode>
                </TextEquiv>
            </TextLine>
            <TextLine id="tr_1_tl_8" custom="readingOrder {index:7;}">
                <Coords points="3800,2051 3993,2138 4839,2009 5584,2090 6202,2000 6202,1897 5639,1913 5475,1820 5035,1935 4884,1858 4250,1974 3993,1868 3800,1910"/>
                <Baseline points="3818,2004 3883,2004 3973,2010 4062,2010 4152,2010 4241,2010 4331,2010 4420,2010 4510,2010 4599,2004 4689,2004 4778,2004 4868,1998 4957,1998 5047,1998 5136,1992 5226,1986 5315,1986 5405,1986 5494,1986 5584,1986 5673,1986 5763,1986 5852,1986 5942,1992 6031,1986 6121,1974 6210,1974"/>
                <TextEquiv>
                    <Unicode>tungen gegen die Rechte und gegn das</Unicode>
                </TextEquiv>
            </TextLine>
            <TextLine id="tr_1_tl_9" custom="readingOrder {index:8;}">
                <Coords points="6099,2090 6115,2090 6137,2067 6189,2064 6221,2048 6244,2077 6282,2070 6327,2042 6362,2061 6382,2058 6388,1961 6359,1952 6317,1961 6279,1935 6157,2003 6105,2000"/>
                <Baseline points="6121,2052 6210,2040 6300,2034 6389,2034"/>
                <TextEquiv>
                    <Unicode>selbst</Unicode>
                </TextEquiv>
            </TextLine>
            <TextLine id="tr_1_tl_10" custom="readingOrder {index:9;}">
                <Coords points="3861,2273 5215,2209 6076,2276 6314,2199 6314,2058 5723,2016 5578,2087 4781,2038 4437,2164 4147,2070 3864,2119"/>
                <Baseline points="3883,2189 3907,2195 3997,2195 4086,2201 4176,2201 4265,2201 4355,2195 4444,2195 4534,2195 4623,2195 4713,2189 4802,2189 4892,2183 4981,2183 5071,2183 5160,2183 5250,2183 5339,2177 5429,2171 5518,2165 5607,2165 5697,2171 5786,2171 5876,2171 5965,2177 6055,2177 6144,2177 6234,2177 6323,2165"/>
                <TextEquiv>
                    <Unicode>Heil des Volkes; und des Regertsorfuhr</Unicode>
                </TextEquiv>
            </TextLine>
            <TextLine id="tr_1_tl_11" custom="readingOrder {index:10;}">
                <Coords points="3819,2476 5285,2382 6025,2453 6269,2418 6272,2218 5816,2315 5482,2222 4273,2302 4061,2222 3823,2318"/>
                <Baseline points="3836,2392 3865,2386 3955,2386 4044,2392 4134,2392 4223,2386 4313,2386 4402,2386 4492,2380 4581,2380 4671,2380 4760,2374 4850,2368 4939,2374 5029,2374 5118,2374 5208,2374 5297,2368 5387,2368 5476,2362 5566,2362 5655,2356 5745,2362 5834,2362 5924,2362 6013,2356 6103,2356 6192,2356 6282,2356"/>
                <TextEquiv>
                    <Unicode>oft von den Seufzern, den klagen nichts, die</Unicode>
                </TextEquiv>
            </TextLine>
            <TextLine id="tr_1_tl_12" custom="readingOrder {index:11;}">
                <Coords points="3829,2652 4196,2591 4430,2723 4835,2591 5028,2688 5218,2595 5900,2578 6215,2659 6301,2623 6305,2408 6073,2485 5838,2395 5568,2485 5475,2427 5221,2524 5076,2427 4491,2527 4138,2447 3829,2540"/>
                <Baseline points="3848,2583 3895,2583 3985,2583 4074,2583 4164,2577 4253,2577 4343,2577 4432,2577 4522,2577 4611,2571 4701,2571 4790,2571 4880,2565 4969,2559 5059,2559 5148,2559 5238,2559 5327,2553 5417,2553 5506,2547 5596,2541 5685,2535 5775,2535 5864,2541 5954,2547 6043,2547 6132,2547 6222,2553 6311,2565"/>
                <TextEquiv>
                    <Unicode>aus den gegressten Herzen seiner Untertha¬</Unicode>
                </TextEquiv>
            </TextLine>
            <TextLine id="tr_1_tl_13" custom="readingOrder {index:12;}">
                <Coords points="3800,2832 6308,2771 6308,2662 5819,2688 5707,2595 3803,2701"/>
                <Baseline points="3818,2768 3901,2762 3991,2768 4080,2768 4170,2768 4259,2768 4349,2768 4438,2762 4528,2762 4617,2762 4707,2762 4796,2756 4886,2756 4975,2750 5065,2750 5154,2750 5244,2750 5333,2744 5423,2744 5512,2744 5602,2738 5691,2732 5780,2732 5870,2738 5959,2738 6049,2738 6138,2738 6228,2732 6317,2726"/>
                <TextEquiv>
                    <Unicode>nachwärtigen. Vor den verschlossnen Thüren</Unicode>
                </TextEquiv>
            </TextLine>
            <TextLine id="tr_1_tl_14" custom="readingOrder {index:13;}">
                <Coords points="3823,3029 4675,2984 4829,3074 5449,2945 5867,3067 6015,2948 6218,2977 6221,2794 3829,2839"/>
                <Baseline points="3842,2953 3895,2953 3985,2953 4074,2953 4164,2959 4253,2959 4343,2959 4432,2953 4522,2953 4611,2947 4701,2941 4790,2941 4880,2935 4969,2935 5059,2935 5148,2935 5238,2929 5327,2929 5417,2929 5506,2923 5596,2923 5685,2923 5775,2917 5864,2917 5954,2917 6043,2917 6132,2917 6222,2911"/>
                <TextEquiv>
                    <Unicode>seines Salastes hielten die Gunstlinge, die</Unicode>
                </TextEquiv>
            </TextLine>
            <TextLine id="tr_1_tl_15" custom="readingOrder {index:14;}">
                <Coords points="3810,3228 4276,3270 4594,3183 4887,3270 5073,3141 5212,3202 5546,3131 6205,3196 6240,2964 6054,2945 5871,3067 5372,2974 4845,3070 4723,2993 4466,3080 3813,3038"/>
                <Baseline points="3830,3155 3919,3150 4009,3150 4098,3144 4188,3150 4277,3150 4367,3155 4456,3150 4546,3150 4635,3144 4725,3144 4814,3138 4904,3138 4993,3132 5082,3126 5172,3126 5261,3126 5351,3126 5440,3120 5530,3120 5619,3120 5709,3120 5798,3114 5888,3114 5977,3114 6067,3114 6156,3114 6246,3114"/>
                <TextEquiv>
                    <Unicode>allmächtigen die Hofmarschalle und Präsi¬</Unicode>
                </TextEquiv>
            </TextLine>
            <TextLine id="tr_1_tl_16" custom="readingOrder {index:15;}">
                <Coords points="3835,3373 4552,3453 5269,3328 5591,3418 5797,3331 6295,3366 6346,3183 5732,3131 5427,3276 5054,3164 4887,3270 4707,3189 4279,3266 3839,3215"/>
                <Baseline points="3853,3346 3937,3340 4027,3334 4116,3334 4205,3334 4295,3340 4384,3340 4474,3334 4563,3334 4653,3334 4742,3328 4832,3328 4921,3323 5011,3317 5100,3317 5190,3317 5279,3317 5369,3317 5458,3317 5548,3317 5637,3311 5727,3311 5816,3305 5906,3305 5995,3305 6085,3305 6174,3299 6264,3305 6353,3305"/>
                <TextEquiv>
                    <Unicode>denten Wache; und die - die hatten Mittel,</Unicode>
                </TextEquiv>
            </TextLine>
            <TextLine id="tr_1_tl_17" custom="readingOrder {index:16;}">
                <Coords points="3842,3617 5350,3514 5482,3585 5723,3514 5851,3604 5967,3511 6250,3543 6253,3337 5806,3453 5195,3344 4877,3463 4501,3479 4115,3350 3845,3408"/>
                <Baseline points="3859,3543 3931,3531 4021,3525 4110,3525 4200,3519 4289,3519 4378,3519 4468,3519 4557,3519 4647,3513 4736,3513 4826,3513 4915,3513 5005,3513 5094,3507 5184,3502 5273,3502 5363,3502 5452,3502 5542,3502 5631,3496 5721,3496 5810,3496 5900,3496 5989,3490 6079,3490 6168,3484 6258,3484"/>
                <TextEquiv>
                    <Unicode>den Zugang zum Fürsten zu verwehren.</Unicode>
                </TextEquiv>
            </TextLine>
            <TextLine id="tr_1_tl_18" custom="readingOrder {index:17;}">
                <Coords points="3858,3755 4163,3832 4331,3720 5109,3707 5353,3842 5732,3710 6391,3720 6391,3543 6154,3498 5887,3607 5395,3530 4739,3649 3861,3614"/>
                <Baseline points="3877,3728 3895,3728 3985,3716 4074,3710 4164,3710 4253,3710 4343,3710 4432,3710 4522,3710 4611,3704 4701,3704 4790,3704 4880,3704 4969,3698 5059,3698 5148,3692 5238,3698 5327,3692 5417,3692 5506,3692 5596,3692 5685,3686 5775,3686 5864,3686 5954,3686 6043,3680 6132,3680 6222,3680 6311,3680 6401,3680"/>
                <TextEquiv>
                    <Unicode>Versuch' es, wenn du lebendigtodt, eine Thurm,</Unicode>
                </TextEquiv>
            </TextLine>
            <TextLine id="tr_1_tl_19" custom="readingOrder {index:18;}">
                <Coords points="3839,4019 4591,3906 5970,3890 6179,4006 6411,3919 6414,3726 5858,3707 5356,3842 5231,3733 5015,3813 4900,3733 4569,3816 4295,3749 4160,3835 4016,3755 3842,3839"/>
                <Baseline points="3859,3919 3913,3913 4003,3907 4092,3901 4182,3901 4271,3895 4361,3895 4450,3895 4540,3895 4629,3895 4719,3889 4808,3889 4898,3889 4987,3889 5077,3883 5166,3883 5255,3883 5345,3883 5434,3883 5524,3877 5613,3877 5703,3877 5792,3877 5882,3877 5971,3871 6061,3871 6150,3871 6240,3871 6329,3865 6419,3865"/>
                <TextEquiv>
                    <Unicode>höhe tief, unter dem Boden im Kerker liegst,</Unicode>
                </TextEquiv>
            </TextLine>
            <TextLine id="tr_1_tl_20" custom="readingOrder {index:19;}">
                <Coords points="3864,4125 4231,4125 4427,4237 4614,4102 5115,4170 5240,4089 6346,4080 6346,3954 6182,4009 5604,3903 3868,4012"/>
                <Baseline points="3883,4098 3937,4098 4027,4098 4116,4092 4205,4092 4295,4086 4384,4086 4474,4080 4563,4080 4653,4074 4742,4074 4832,4074 4921,4068 5011,4074 5100,4074 5190,4068 5279,4068 5369,4068 5458,4068 5548,4062 5637,4062 5727,4062 5816,4062 5906,4062 5995,4062 6085,4056 6174,4056 6264,4050 6353,4044"/>
                <TextEquiv>
                    <Unicode>wo die Nacht mit der Höhle liebäugelt, und</Unicode>
                </TextEquiv>
            </TextLine>
            <TextLine id="tr_1_tl_21" custom="readingOrder {index:20;}">
                <Coords points="3916,4379 4427,4298 4642,4411 4903,4276 6028,4321 6369,4260 6372,4115 5864,4089 5742,4189 5572,4118 5099,4208 4880,4089 4427,4234 4276,4125 3922,4138"/>
                <Baseline points="3937,4289 3961,4289 4050,4289 4140,4289 4229,4283 4319,4283 4408,4277 4498,4271 4587,4271 4677,4265 4766,4265 4856,4259 4945,4259 5035,4259 5124,4259 5214,4253 5303,4253 5393,4259 5482,4259 5572,4253 5661,4253 5751,4253 5840,4253 5930,4253 6019,4247 6109,4241 6198,4235 6288,4235 6377,4241"/>
                <TextEquiv>
                    <Unicode>Schall und Licht wieder umkehren. Staßle</Unicode>
                </TextEquiv>
            </TextLine>
            <TextLine id="tr_1_tl_22" custom="readingOrder {index:21;}">
                <Coords points="3906,4504 5478,4540 6285,4472 6289,4308 5903,4286 5594,4398 5469,4298 5083,4289 4720,4424 4118,4324 3909,4456"/>
                <Baseline points="3925,4480 3967,4474 4056,4474 4146,4468 4235,4468 4325,4468 4414,4462 4504,4462 4593,4462 4683,4456 4772,4456 4862,4456 4951,4456 5041,4450 5130,4450 5220,4450 5309,4450 5399,4444 5488,4450 5578,4450 5667,4444 5757,4438 5846,4438 5936,4432 6025,4432 6115,4426 6204,4420 6294,4408"/>
                <TextEquiv>
                    <Unicode>dann mit denen Ketten und winnen: Mir</Unicode>
                </TextEquiv>
            </TextLine>
        </TextRegion>
    </Page>
</PcGts>
