7160 4696
1715 277 2930 600 Aufgabe.
941 554 3416 842 t Ma T Weugemand über alles bestehende
1013 793 3472 1047 herrscht, so ist seine Existenz notwendig
907 926 3461 1218 h Sack Wenn Gott das höchste Wesen
953 1089 3484 1393 ist, so herrscht er über alles bestehende
383 1256 3400 1548 ergöt daß Wenn Gott das höchste Wesen ist,
953 1431 2675 1704 so existirt an zugleich.
1632 1548 3484 1852 (Ontologischer Gottesbeweis.)
774 1727 3518 2015 B. P.M. Wiederzahl u negativ ist, so ist +) nicht angelegt
850 1939 3419 2137 t Sa M Wenn gositiv ist, so ist er negativ
907 2083 3397 2349 h.Se T. Wenn n. positivist, so ist er 1 nicht
1047 2258 1989 2512 magatin.
577 2558 3503 2767 t Ma T Wenn ein großer Mann stirbt, so wird es stets
1025 2721 3488 2964 Leute geben, die in seine Fußstapfen treten,
975 2877 3472 3154 u. derselben Zielen nachstreben, wie an
653 3044 3412 3279 b Ma3 Wenn ein großer Mann kirbt, so
869 3203 3400 3404 lößt er stets im Undenken zurück.
1617 3351 2353 3484 Sie großer Mann
319 3317 3370 3598 b Ses Manchmal wenn jemand ein Andenken zurück,
956 3537 3499 3772 läßt, gibt es trüte, die in seine Fußstopfe
964 3689 2064 3977 korten etc:
3571 516 4846 831 Wenn A ist, so ist B
3712 717 6102 1002 Wenn im Freundschaft besteht, so ist sie
3586 896 6205 1184 auf gegenseit. Liebe u. Achtung gegründet.
3723 1093 4323 1321 A ist:
3685 1222 5393 1488 Eine Freundschaft besteht.
3628 1408 6133 1681 Ergo ist sie auf gegenseitige Tüte etc.
3780 1696 6083 1958 Wenn A ist, so ist B, B ist nicht,
3905 1860 6038 2125 Wenn der Herbst naht, ziehen die Zug,
3582 2030 5810 2247 rögel in südlichere Gegenden.
3810 2186 6087 2471 die Zugrögel ziehen (jetzt) nicht in
3696 2379 5085 2615 südlichem Gegenden
3753 2459 5658 2801 ergo nicht der Herbst nicht.
4243 2615 6140 2949 Lemmatische Schlusse.
3878 2759 4144 2941 G.C.H.F.P
3601 2858 4774 3066 Modus porens.
3579 2975 6178 3267 1) Sowohl wenn in einem Volke sich eine Gottesiden
3601 3165 6011 3461 findet, als auch wenn es poetische Anlage
3586 3324 6083 3579 zeigt als auch wenn es Gesetze hat, steht
3582 3491 5738 3765 es schon unter dem Einfluß der Cultur
5340 3643 5708 3761 oderete.
3689 3655 6110 3920 dieses Volk hat xxx Gesetze. äge steht
3624 3841 5230 4129 es sinter dem Einfluß,
5283 3890 5681 4106 etc.
