7560 4776
4574 311 5236 645 9 Aufgabe
2064 340 2793 658 d. Aufgabe
5887 443 7020 722 den 19. November.
1348 584 3303 870 Aus lauter iure Merkmalen.
3836 690 6173 1024 Spreche ich von der Rose, so finde ich, daß
231 671 1220 912 den 12. November.
1323 802 3547 1111 gut, Schwert, Helze, Buch, Kasten
3781 854 6372 1226 der innere Vorgang, den ich mit Arse bezeichnete,
1316 998 3492 1262 Aus lauter äußern Merkmalen
3781 1075 6173 1387 nicht von mir, sondern von etwas anderen
1374 1162 3521 1461 Körper ist die begrenzte Materie
3785 1242 6115 1624 hervorgerufen wurde, d.h. daß ihm eine
2568 1313 3114 1489 sprächliche
1297 1348 3631 1621 Ausdruck ist die Vermittlung zwischen
3804 1416 6227 1753 Substanz zu Grunde lag. Die Inhörungen
1297 1547 3576 1830 der Vorstellung und jedem einer
3781 1634 6317 1932 aber sind der Ausdruck für den Zwang, daß
1271 1727 3024 2074 Vorstellung fähigen Wesen¬
3778 1769 6109 2147 ich mir die einzelnen Eigenschaften
1393 1897 3637 2180 Aus meren. Außer Merkmalin.
3746 1958 6166 2289 nur so vorstellte, als sie wirklich sind
1387 2077 3608 2446 Eine rothe tinie, die die Peripherie
3752 2186 6301 2456 also hier, daß die Farbe vor sei, das sie so viele
1351 2298 2902 2558 eines kreises bildet.
3794 2347 6378 2674 Staubfäden, Bluthen =, Kelch-blätter habe K.
3085 2395 3605 2610 gleichlangen,
1387 2507 3586 2786 Ein Quadrat ist ein von 4 Seiten be¬
3826 2549 6105 2921 diese letzten Eigenschaften sind die
1271 2677 3634 2982 grenzte Flächer, deren 4 Winkel Recht¬
3830 2745 6295 3139 Inhörenge für die Subkanz „Arse“.
1323 2834 3679 3194 sind; wesentlich: 4 glich lange Seiten
1265 3021 3695 3271 unwesentlich wäre das Merkmal, wenn
1316 3220 3666 3563 ich sagte, aus 4 gleich langen 3m be¬
1377 3428 2173 3743 gen Seiten.
