7656 4792
1453 378 3647 778 sie Hauer geschildert, er hätte sie ge¬
4500 496 5895 896 Vortheile und Gefahren
1434 599 3737 938 wiss in anders genannt als Dorothea,
4763 802 5081 971 des
1431 847 2584 1138 die göttergleiche.
4379 875 5257 1238 Reichlums
2518 1283 3114 1546 par
3907 1319 6213 1625 Während draußen die Schneeflocken von dem kalt¬
3946 1501 6243 1807 gestirnten Himmel in die hellerleuchteten, weiß
3913 1683 6237 2028 glanz enden Straßen niederfielen, standen zwei
3922 1931 6228 2179 junge Männer in einem Dachstübchen, das nur von
3913 2046 6225 2354 dem hin und her flockenden Flämmchen einer Kerze
3913 2273 6304 2548 Lichterhielt, am Fenster und sprachen mit einen¬
3925 2466 4225 2684 der.
3940 2624 6246 2914 Mögen die Leute sagen, was sie wollen sagte der
3925 2790 6264 3117 eine; „mögen sie Entsagung lehren und den Reich¬
3904 3017 6340 3317 tum gering schätzen, mögen sie das Lob der Armut
3964 3187 6334 3456 singen und den Mannion verfluchen; es ist doch
3940 3344 6234 3659 was schönes um die blinkenden Thaler, für die
3967 3550 6313 3865 man haben kann, was das Herz begehrt und was den
3983 3753 6167 4052 Sie erfreut. Hatt’ ich Geld, so möcht ich
4001 3940 6370 4255 nicht in aanseligen Dachstübchen Erieren, nicht
3989 4125 6298 4433 mit Neid in das Haus da drüben sehen, wo an
