7656 4664
1388 307 3774 676 sehn wir ihre letzten Consequenzen, d. Tod
1425 539 3743 837 seiner Tochter ist ein Hinweis auf die Opfer,
1404 710 3666 1041 welche sie fordert. Er nathän dem
1429 905 3715 1252 Weisen spricht sich der große Gedanke
1339 1116 3818 1438 der Toleranz, der Gleichberechtigung aller
1357 1336 2358 1577 Religionen aus.
1398 1481 3768 1807 Das Lustspiel „Minna von Bernhelm“ bringt
1382 1689 3743 1965 endlich die Idee einer Nation zum
1391 1878 3604 2151 Ausdruck oder sagen wir sieber gleich.
1342 2058 3793 2371 die Idee der Nationalität. Den sind erst
1487 2250 3768 2550 jene so fest und bedeutend, daß sich die
1379 2433 3827 2742 Existenz und das Sein eines ganzen Volke
1373 2628 3824 2944 auf sie grümen kann, so hat sich auch schon
1385 2801 3725 3151 die große Idee der Nationalität gebildet,
1373 3012 3768 3331 die ja mit jenen Idien der Nation ent¬
1385 3189 3526 3511 steht, wankt und zu Grunde geht.
1441 3406 3784 3688 Vertiert ja auch der einzelne Mensch seinen
1391 3588 3688 3898 innern Halt, wenn er nichts mehr von dem
1404 3759 3684 4081 besitzt, was ihn bisher auf seinem Wege
1429 3979 3737 4270 leitete und sich an das nicht mehr klam¬
1447 4134 3691 4419 mern kann, was ihm früher zur Stütze
3917 372 4385 555 diente.
3951 530 6238 821 Wie erst, wie ein ganzes Volk den Ge¬
3911 722 6303 1032 danken abtrünnig wird, an denen es sonst
3948 923 6368 1162 festgefallen, und denen es sein Bestehen und
3892 1085 6337 1367 seine Größe verdankt! Seine Grøße wird
3895 1249 6259 1549 es verlieren, sein Bestand wird schwach und
3904 1469 6368 1735 unhaltbar werden. - Die leitenden Ideen
3911 1676 6272 1952 der deutschen Nation waren von jeher
3935 1862 6182 2101 Ehre und Ruhm; diese verbanden die
3960 2030 6356 2327 einzelnen Glieder des Volkes miteinander
3951 2256 6436 2504 und ihm verdankt unsre Nation jenes Gefühl
3917 2408 6297 2699 der Zusammengehörigkeit, welche es eine ganz
3951 2597 6445 2876 verlassen. Jedoch in der Mitte des vorigen
3939 2745 6253 3089 Jahrhunderts begauen französische Gultur
3945 2978 6222 3257 und Sitte einen allzugroßen Einfluß auf
3939 3127 6188 3468 die deutschen auszuüben; es war nahe
3917 3381 6303 3663 daran, daß sie die Übermacht gewannen und
3870 3588 6198 3839 die Sitten des Vaterlandes verdrängten.
3945 3731 6287 4035 Da nun trat Messing mit seiner Minna
5290 3889 5881 4025 ein Küstspie¬
3923 3917 6201 4220 von Barnhelm hervor, welches nicht nur
3997 4124 6263 4416 die Franzosen zum Gegenstand der
