7448 4952
3667 368 6116 643 Liebe in ihren freundlichen Armen auf.
1120 424 3440 829 gisst der Menschenwürde. Mit dem
3699 582 6221 841 Sie ist sich ewig gleich geblieben im steten
1087 647 3497 946 Namen der Freiheit brüstet sich nun
3679 736 6161 1035 Wechsel der Verhältnisse, und wenn auch
1124 841 3614 1168 froch die zügellose Willkür. Briefe setzt
3683 897 6197 1197 alles Todische dahinrollt, vom Augenblick
1152 954 3468 1277 ein Gott aus den Wolken jenes
3715 1055 6177 1358 geboren, vergangen im Augenblick; - in
1148 1180 3650 1451 alte Wort: St v. dir äpx! doch die Dämme
3703 1221 6197 1459 nie entschwindendem, seligem Frieden ruft
1124 1318 3602 1633 und Wehren sind zu Boden gerissen; to¬
3683 1366 6262 1694 die Natur-unverändert, unwandelbar.
1160 1467 3521 1811 bend stürzt die unaufhaltsame Flut
3941 1601 6270 1823 u. vernommen
1184 1645 3578 1948 darüber. Wer gebietet Stillstand?
3857 1686 6711 2167 Eine ruhige Erklärung des Gedichtes
1205 1799 3658 2098 Über sich da es wird ruhiger und richiger
1172 1973 3638 2276 In seine gewohnten Ufer tritt der Strom¬
3885 2025 6379 2377 inschlichter Redeweise eine
1213 2147 3590 2450 zurück. Ordnung und Gesetz kehren
3844 2126 7103 2559 mir lieber gewesen, als die Parapfrafe
1928 2333 2252 2478 wieder
1164 2304 3663 2583 ins Land zurück. Aber welch ein Gesetz!
3853 2349 6981 2805 in schwelstöser Person. Im Ganzen
1197 2466 3570 2785 Wenn es früher mild schlichtend einem
1193 2656 3574 2991 freundlichen Recht verbündet war, so
3844 2696 4689 3024 übrigens
1193 2842 3622 3141 steht es jetzt gebieterisch an der Seite der
5211 2749 5841 3137 Ouf.
1209 2975 3590 3323 Despotie, jedwede freie Regung gewalt¬
1213 3177 3574 3493 sam danieder haltend, - streng, uner¬
1209 3384 1726 3590 bittlich.
1298 3481 3642 3832 Uyder 2jav! Verderblich ist die Maß¬
1326 3735 1997 3998 losigkeit!
1338 3832 3578 4156 Doch unvergänglich ist Mutterliebe.
1387 3998 3687 4301 Zur holden Natur kann der Sterbliche
1362 4176 3687 4511 flüchten, sie nimmt ihn mit inniger
