7496 4696
1299 634 3541 911 Der Satz. Wenn ein Mensch stirb, wird sein
1253 799 3514 1022 Tod manchmal von der Mitwelt betrauar
1266 953 3472 1276 ist ein besonders begehendes hypothetisches
1164 1121 3656 1496 Urtheil. Denn damit die die Nachsatz aus¬
1177 1331 3643 1621 gesprochene Folge ohne Einschränkung
1239 1496 3550 1828 gelten könnte, mußten Folg ande Um
1239 1733 2548 2009 stände eintreten.
1226 1887 3610 2219 „ der Gestorben aufs ein großes Mann
1282 2134 2111 2397 gewesen sein
1302 2288 3557 2587 Gestorben muß es ein adler Mann
1361 2466 3600 2748 gewesen sein, der seinen Mitman¬
1292 2656 2712 2988 schen genützt hat.
4100 539 5303 802 Analogie Urtheil
3787 694 5941 1009 der Reichtum nützt und schadet.
4497 911 5924 1147 Disjunative Urtheile.
3761 1091 6049 1361 Copulatives Urtheil’ Haare, Holz, Hoff
3767 1272 6052 1591 Wollete, sind schlechte Bävacalakar
3777 1473 6033 1686 Divisives Urtheil. Alle Körper sind
3764 1637 6414 1956 theils gute, theils schlechte Würmeleiter.
3761 1828 6240 2147 Hisjunatives Urtheil Dieser Hoff ist entweder
3810 2028 6243 2331 ein guter oder schlechter Wäomelarte¬
