7656 4744
1255 417 3626 720 Episode mit dem eigentlichen Gang des dra¬
1280 642 3716 953 was steht, so finden wir, daß sie weniger
1255 782 3744 1125 eine Ergönzung zu der Handlung als zuer
1246 928 3722 1280 Jder desselben bildet; wir sehen also, daß
1252 1168 3620 1448 auch hier wie beinahe in allen Dichtungen
1246 1318 3741 1682 Lessings das Allgemeingiltige hervortritt
1262 1539 3738 1878 welches, selbst losgelöst von den Charakteren
1249 1732 3613 2075 und Ereignißen, als die herrschende Idee
1271 1897 3629 2230 eine selbstständige, eine bleibende Bedeu¬
1215 2134 2193 2467 tung fordert.
2268 2371 2467 2629 P.
2162 2670 2965 2997 brief.
4697 224 6152 614 IV. Hausarbeit.
4632 654 6252 969 Max Piccolomini:
4641 900 6109 1209 Ein Charakter bild.
5286 1240 7143 1564 Um uns für Wallenstein zu gewinnen,
5255 1517 6943 1729 war Max schlechterdings nötig.-
5233 1679 6940 1903 Wallenstein verklärt sich in
5283 1838 6769 2149 seinem Enthusiasmus.
6274 2009 6903 2243 Körner.
3993 2598 6305 2928 Es trifft sich im drama nicht selten,
3919 2804 6370 3068 daß es nur einer einzigen, scheinbar ganz
3953 2990 6274 3277 unbedeutenden Stelle bedarf, um uns
3909 3134 6417 3492 irgend einen Charakter in den schärfsten
3875 3336 6258 3663 und deutlichsten Umrissen vor die Au¬
3878 3545 6270 3853 gen zu führen und uns das Wesen dessel¬
3884 3726 6186 4034 ben getrüend klar wiederzuspiegeln.
3903 3909 6230 4277 Diese Betrachtung muß sich uns unwill
3947 4102 6155 4470 kürlich von einem aufdrängen,
