7256 5032
1933 539 2663 788 Ungenutzten
3660 559 6156 877 falsch, die ihn bis nun geleitet haben.
1025 652 3544 970 die er an dem trägt, das trüge, was er zu
3691 780 6253 1013 N die Worte, Was du ererbt von deinen¬
1040 827 3563 1137 benützen nicht verstünde, von sich würfe?
3695 928 6140 1203 Vätern hast, zwirk es, um es zu besitzen
1071 1009 3450 1312 Wahrhaftig, dann käme das folgende
4242 1110 4514 1246 nicht
3672 1114 6548 1401 sind also von einem Menschen gesprochen, nicht
1017 1188 3540 1479 Geschlecht gar nicht mehr in die Versuchung
3637 1258 6334 1556 dessen Geist sich im Zustande einer seltenen
1052 1335 3524 1587 die Wahrheit jenes Satzes. „Was die ererbt
3617 1463 6350 1681 Unruhe befandet, nicht von einem ruhigen
1040 1490 3528 1797 von deinen Vätern hast, erwirb es, uner
3633 1603 6241 1902 überlegene ruhiger Überlegung, sondern in dem
1013 1692 3571 1964 zu besitzen zu erproben - denn, wenn ihre
3633 1766 5671 2061 einer der ruhig überlegt, sondern
1087 1832 3575 2135 Väter alles genossen hätten, und verprasst
3621 1921 6268 2236 das nach ruhiges Überlegung, sondern im Zustande
1048 2026 2686 2325 hätten, wo wäre ihr Erbe?
3625 2092 5888 2402 einer seltenen Aufregung gesprochen. -
1087 2181 3478 2461 Und notwendigerweise führt uns jetzt
3656 2267 4991 2534 Man soll genießen -
1056 2352 3571 2647 die Untersuchung, worin das Fehlerhafte
4118 2437 4463 2569 Sinn
3703 2430 6183 2705 der Wahre, welcher darin liegt, läßt
1048 2492 3586 2794 in jenem Satze liege, auf den Gemütszustand
3710 2573 6334 2903 sich einfach in die Worte fassen. Genieße
1083 2663 3474 2950 desjenigen zurück, der ihn ausspricht.
3691 2763 6066 3058 das, was deine Väter als Erbe der
1129 2841 3563 3140 Faust verdrießt es, in der Umgebung weiter
3710 2969 4685 3241 hinterließen.
1083 3027 3575 3303 zu leben, in der er sich jetzt so unglücklich
3963 3113 7083 3478 Nach dem B. habe ich mehr erwartet,
1079 3194 2899 3509 fühlt; und da er er fühlte sich
3971 3311 6761 3633 als Sie gaben - übrigens ist der
1176 3350 3610 3664 Faust ist des Lebens überdrüssig geworden.
3951 3489 6738 3846 Auffassung der Themas machtig, u.
1095 3524 3559 3835 er will mit allem abschließen, was ihn
3982 3648 6967 3998 und die Durchführung weit gelungener
1040 3699 3602 4009 bis jetzt so unglücklich gemacht; er ist nahe
1017 3850 3528 4126 daran, ein Selbstmörder zu werden. Er sieht
3971 3831 7068 4157 als bei den meisten Ihrer Commilitoren.
1017 4029 3575 4328 jetzt ein, daß es die Art und Weise seines
1083 4219 3540 4491 bisherigen Lebens war, die ihm unglücklich
1048 4386 3641 4696 gemacht, er hält also die Sincipien alle für
5418 4421 6276 4615 Kurz.
