7528 5016
3701 350 6211 744 Tempel, in welchem Menschen, die längst
1302 484 3564 871 ur nicht, der ewig gebürenden, ewig
3701 541 6234 921 dahin sind, zu ihren Göttern, Flekten,
1302 691 3598 1081 zerstörenden, die auch die Inschrift hin¬
3711 791 6151 1121 etren Glaube längst entschwunden.
1282 871 3564 1312 weggewischt und mit Moos überdeckt
3711 968 6398 1295 daruft der Wandrer der Natur zu
1292 1055 3648 1405 das Werk entschwundener Tage¬
3748 1108 6191 1502 ob sie so wenig ihre Meisterstücke achte
1278 1258 3598 1599 das Weib sieht des Wandersmanns
3751 1315 6178 1645 daß sie sie untergehen lasse, und daß
3060 1415 3251 1545 sag
1258 1465 3591 1822 staunende Blicke, und erzählt ihm,
3761 1522 6311 1856 Strauch und distel stehe, wo einst Tempel
1292 1655 3538 2049 er solle ihr nur folgen, um ihre
3758 1715 6234 2033 geragt, mit gesützt von schlanken
1298 1859 3598 2216 gütte herum lagen viele Steine
3785 1872 6198 2226 Säulen und geziert mit mannig fachen
1318 2069 3591 2320 und daneben sei die Quelle, aus
3798 2113 6178 2416 Schmuck, Tempel, von denen jetzt
3034 2166 3645 2360 befinden sich
1338 2256 3561 2557 der sie trinke. Sie stehen vor
3781 2286 6365 2623 nichts mehr übrig sei als Schutt, Trümmer
1332 2400 3615 2773 der Hütte, die einfach daßeft in
3795 2466 6355 2793 einsame Säulen, die zu den gefallenen
2510 2577 3501 2797 aufrecht ragen zu
1322 2677 3638 2934 mitten schlanker Säulen, zu deren
3858 2653 6188 3004 Schwestern hinab' sähe, deren das
2924 2777 3231 2890 von
1388 2800 3681 3137 Fußen die Trümmer der zerberstenen
3855 2837 6271 3174 auch ihnen gar bald bevorsteht und
1408 2984 3708 3354 zerbrochenen liegen; die einstehen
3848 3037 6238 3321 nur dasselbe Loos erwarten, als d
1428 3201 3685 3568 so gestanden wie ihre selbstseht
3858 3201 6365 3504 wir das die am Boden verstreuten
1418 3361 3761 3718 noch kühe aufblickenden Schweßen
5166 3384 6258 3678 So denkt der
3918 3481 5103 3748 schon ereilt.
1495 3518 3661 3898 diese einz morschen Stimme, die
3955 3604 6351 3885 Wandrer, und während die Frau Wasser
1402 3745 3571 4092 von der gewaltigen Zeit zu
3962 3795 6378 4169 zu schöpfen geht, nimmt er den Knaben
1392 3955 3688 4262 Boden geworfen worden, - sie
3932 3978 6395 4299 in die Arme und preist ihn glücklich,
1462 4115 3708 4492 waren einst zusammengefügt, sie
3948 4229 6365 4566 daß ihn noch vergangner, schöner
1442 4352 3661 4639 bildeten eins, bildete einen
