7336 4712
207 578 3491 946 Hersatz fehlt: das Volk ist frei; fehlen, wie wohls ihm geht. - Götche,
2322 734 3499 988 Faust. (Nachistoph des
139 832 861 1064 Ern ist, ein gehtswegen
122 954 3516 1233 Zahlt versetzt gesetzt Da du sie nicht schon malen können, haft du sierich
988 1102 2735 1389 gemalt. — Sesung, Lackoon.
173 1174 950 1317 Sie entweder schon oder.
114 1266 794 1423 reich aalen können
1030 1241 3470 1596 Tödtet eines Gewissen; denn es ist dergräßte
110 1351 886 1583 Wahrsatz fasst:
962 1427 3546 1718 Friedeins geden, den sein Glück machen will. Mir also
139 1494 891 1735 In diesen Talle
156 1629 2410 1942 ist eine größere Veränderung notwendig.
1009 1722 3474 2064 der größte Feinde eines jeden etc. soll
388 1849 819 2060 M T
1060 1900 3508 2144 von diesem (aber eben sein Glückete) getödtet werden,
578 2085 3537 2385 Al St der größte Kind eines jeden etc. ist das Gewissers
984 2271 3423 2529 das Gewissen soll getödtet werden
545 2305 785 2575 so
785 2368 3423 2714 Hieraus ist ersichtlich, daß der Oberhat fehlt
228 2630 3415 2972 Sollussfehlt. Die Heuchelei ist im Modelaster, und die Modo
215 2879 3428 3217 die Heuteleigelt laster gelten für Tugenden. Molière
2161 3056 3132 3293 Don Jouan
186 3128 874 3394 für e. Tugend
490 3284 3537 3656 Minabeaus Satz: Tödtet Euer Grüssen; denn es
979 3550 3474 3841 ist der größte Feind eines jeden etc. kann
962 3664 3521 3951 auch für ein Erthynama, in dem nur Schluß¬
924 3837 3483 4209 satz u. Nittelbegriff angegeben
937 4048 1933 4361 ist, gelten.
4411 2360 6197 2934 Systematique
3913 3174 7130 3529 Zusammengehörig sind jene Erkäntniße, die ein u.
3981 3233 7223 3689 demselben nächstlicheren Erkenntnis untergeordnet / ap
3955 3508 6273 3900 auch erhaltlich verwandert) sind
