7256 4952
1259 701 3087 1048 Was du érerbt von deinen
119 866 972 1140 Am 22. März 1879.
2320 949 3117 1160 Vätern hast,
1041 1157 2941 1405 Erwirb es, um es zu besitzen.-
205 1381 1778 1814 Disposition 1. Credium
1077 1656 1940 1877 2. Paraphrose.
1101 1834 1867 2049 3. Argumentatis
1943 1857 2575 2042 verbunden.
1011 2000 1828 2251 4. Contrarium
1074 2105 3576 2399 I. Beweis der Richtigkeit das oben angegebenen
1025 2267 3609 2581 Sitzes aus „Faust“ mit Zuhilfenahme der gleich
1064 2429 3599 2760 darauf folgenden Stelle. Was man nicht müsst,
1091 2637 2214 2875 ist eine schwere Last.
2178 2697 2624 2912 nehmen
1048 2776 3550 3090 II. Manche unterziehen sich dieser schweren Last
1084 2974 1933 3212 gerne auf sich.
1054 3136 3520 3391 III. Wenn alle die übrigens dem Sache: Was Du
1110 3312 3427 3593 werbt.. etc folgten, so wäre die zweite
1074 3467 3550 3788 Generation nicht mehr im Stande, ihm zu Fol¬
1134 3751 1471 3953 gen.
1355 3821 3510 4125 a) Hieraus die Ableitung, wie leicht der Satz
1200 4016 2102 4260 mis zu verstehen sei
1329 4154 3579 4452 6. Man kann sich aber nichts destoweniger auf
1345 4349 2052 4634 ihn berufen.
3645 532 4508 813 N. Klarstellung
3636 744 4240 982 5. Simile
3619 1077 4422 1309 6. Eremplum.
3678 1418 4498 1616 7. Testinconium
3629 1639 4204 1966 8. Schluss.
3817 2089 6151 2446 Es gehört zu den Kennzeichen eines genialen
3731 2340 6124 2647 Geistes, daß er Gedanken, die vielleicht
3761 2515 6250 2839 schon lange Zeit in der Welt aber unklar
3682 2697 6250 2951 und verworren in einzelnen Kopfen gährten,
3688 2872 6246 3173 existirten, klar und in allgemeinzerständlicher
3712 3031 6217 3305 kurze in Worte fasst. Manche xxx Aussprüche¬
3708 3176 6349 3487 dünken uns nichts weniger als originell zu sein;
3731 3345 6200 3649 ja wenn wir sie näher ins Auge fassen,
3735 3513 6266 3837 so erinnern wir uns vielleicht, daß eine ganz
3698 3685 6260 4022 ähnliche Idee einmal in unserem
3712 3857 6375 4197 eignen Geist aufgetaucht ist; - aber indem
3748 4025 6246 4369 Ausspruch, der uns da vorliegt, ist diese Idee
3781 4148 6266 4538 eben deutlich zu deutlichen Worten geworden,
