7656 4808
1351 428 3674 726 uns damals, daß du uns, die armen Studen¬
733 677 3730 1027 Zeugen Leute bin, so freundlich grüßtest, daß du uns seit
1340 815 3596 1147 Deinen Studienjahren nicht vergessen
1348 1016 3659 1295 hattest, und noch immer Deiner alten
1381 1228 2617 1541 Freunde gedachtest.
1344 1392 3674 1724 „Owiewohl wäre mir gewesen, hätt' ich nie¬
1295 1582 3700 1913 andre Freunde gehabt als auch; - aber
1351 1798 3644 2081 Da sind sie gekommen, und haben mir ge¬
1340 1943 3715 2297 schreichelt, und ich glaubte ihnen, ich Narr¬
1366 2178 3752 2438 und miteinander vertollten wir die Nächte¬
1333 2368 3715 2703 und da steh ich jetzt, — arm, verlassen, ohne
1344 2572 2059 2810 Freunde —.
1385 2751 3752 3023 Richard, was sagst du! Und Ewald? Und
1351 2911 3756 3276 ich? Glaubst du, die Jahre hätten unsern
1366 3142 3596 3454 Freundschaftlichen Gefühlen etwas
1388 3306 3782 3607 angehabt? Reich mir Deine Hand und
1407 3488 3801 3786 sei versichert. Daß es eine Freund istend
1351 3663 3771 4013 ist, die du jetzt druckst, eine Hand, die stets
1318 3883 3771 4206 bereit sein wird, dir zu helfen und dich
1422 4095 3778 4366 zu stützen, wenn du wönkst. Aber sprach
1411 4270 3830 4568 doch, was ist geschehen, das dich so trostlos
3834 417 5610 733 macht und so hoffnungslos?
3834 596 6224 927 Hört den, wie es mir in den letzten Jahren
3816 767 6298 1124 erging' begann Richard., damals, als ihr mich
3816 964 6157 1281 das letzte Mal saht, ging es mir noch.
3853 1150 6191 1530 gut, und ich war glücklich. Aber schon
3875 1362 6168 1657 kurze Zeit darauf, als sich meine Be¬
3838 1519 6217 1872 konntschaften ausdehnten, als sich nach
3875 1712 6261 2070 u. u.d nach ein kreis lebenslustiger jede
3875 1925 6191 2234 ger Cavaliere um mich schaarte, begann
3864 2059 6276 2435 auch ich in den gefährlichen Strudel das Leicht
3857 2293 6194 2624 sins zu versinken und mein Geld auf
3864 2449 6191 2814 die unsinnigste Weise zu verschwenden. Ich
3875 2710 6235 2982 gab großartige Gastmähler u. Feste,
3909 2851 6280 3183 ohne nur davon zu denken, daß es mit
3890 3030 6235 3361 meinem Geld zu Ende gehen könnte,
3890 3227 6187 3562 als ich aber endlich bemerkte, daß sich
3912 3395 6298 3741 mein Reichtum nach und nachbedeutend
3964 3626 6202 3924 verminderte, — fing ich anzuspielen.
3976 3782 6418 4117 Ganze Nächte verbrachte ich am grünen
3991 3972 6362 4337 Tische, stundenlang wollte das Gold
3991 4158 6291 4497 vor meinen Augen hin und her, bald
