7464 4968
3703 357 6003 661 einem der Fenster steht Krienehild,
1115 427 3629 815 Reckengestalt, mit starren Zügen, die Hand
3673 564 6173 845 das edle Königskind, die leuchtenden Au¬
1108 651 3459 921 am Schwert, wild vor sich hinblickend;
3713 745 5359 1062 gen auf Sieghried gewandt.
1072 875 3596 1182 Günther- wohl auch reikenhaft anzusehn,
3736 908 6080 1182 Auf dem zweiten Bild sehen wir, wie
1095 998 3542 1302 doch der Menschheit näher gerückt an
3719 1068 6063 1362 der Held aus den Niederlanden sich
1112 1192 2631 1416 Gestalt und Antlitz. +
3756 1232 6180 1553 Kriemchilden naht, die, gar unmöglich
1135 1329 3603 1663 Ehe wir nun die Katine betrachten,
3769 1392 6173 1683 anzusehn aus ihrem Gemache tritt. Kings¬
1112 1512 3633 1803 die in der Nische des mittlern Bogenfen¬
3713 1559 6397 1843 um sind viele kühne Degen zu erblicken.
1192 1653 3626 2013 sters steht, wollen wir die Bedeutung
3783 1719 6217 2030 Zwei Gefangene werden eben von Bewaff¬
1155 1800 3556 2110 der Gemälde erkennen, die ringbum
3763 1900 6143 2204 neten weggeführt. Es sind die beiden
1162 1983 3466 2270 die dunkelblau gemalte Wand zieren.
3763 2047 6180 2364 Könige tündiger und diudegast, die Sieg¬
1222 2194 2895 2397 Der lyclus beginnt links.
3806 2267 4624 2534 frau besiegte.
1219 2327 3689 2614 Das erste Bild zeigt uns gar viele Ritter
3863 2414 6233 2698 Drittes Bild! Abfahrt der Heldenvom Ufer
1162 2487 3683 2781 und Recken, die sich kämpfend im Schlosshof
3813 2554 6437 2828 Die Jungfrauen in der Ferne an den Fensterve.
1232 2661 3636 3002 herumtummeln. Einer besonders ragt an
3803 2674 6140 3052 Viertes: die Helden werden von Brunheld
1242 2821 3656 3065 Körperbau und Schönheit vor den andern
3796 2881 6190 3189 in Isenland empfangen. Man beginnt, zum
1225 2998 3596 3305 hervor; es ist ein Held aus den
3786 3125 4885 3389 Kampfe zu rüsten.
1215 3178 3572 3486 Niederlanden, Siegfried genannt. An
3773 3195 6177 3556 Fünftes: Dem siegreichen Günther wird
3769 3379 6240 3659 von den Mannen Brunhildens gehuldigt.
1302 3389 3673 3836 *) Vielleicht wäre folgende Anordnung
3803 3536 5950 3866 Siegfried scheint eben zurückzukehren.
1259 3659 3703 4010 eine entsprechendere. Gunther und Hagen
3810 3666 6120 4063 Sechstes: Siegfried im Nibelungenlande
1262 3853 3643 4160 zu beiden Seiten der Thüre und die
3816 3926 5055 4240 bezwingt Alberich.
1222 4013 3733 4310 beiden Frauengestalten in den zwei¬
1289 4220 2277 4504 Seitennischen.
