7432 4984
1197 489 3623 796 sinnliche Form und Gestaltung geben, kein
1158 669 3578 965 andres Bild wäre seiner würdig, als das
1158 864 2935 1066 des himmelkürmenden Citanen.
297 926 470 1141 a
1174 1018 3561 1311 Und doch:- auch dieser wegende Geist hat
1164 1181 3604 1415 Augenblicke der Ruhe, - der Erinnerung gleich¬
1203 1337 3581 1614 sam, in der er das überschaut, was er im
1207 1490 3656 1807 Lauf der Jahre geschaffen und auch dem seine
1181 1693 3017 1950 Rechte gönnt, das gewesen ist.
1138 1839 3587 2113 Und wahrlich! Ohne tradition kein Fortschritt
1168 2006 3597 2306 Es muß der Grund dasein, auf dem wir
1158 2185 3613 2449 weiterbauen, und zu öftere Malen hat es uns
1070 2335 3688 2645 die Weltgeschichte gezeigt, daß Nationen, sobald
1106 2501 3499 2798 sie mit dem Alten völlig brachen und
1229 2671 3613 2961 schrankenlos nach Neuem haschten und such¬
1194 2831 3666 3121 ten, bald zu dem zurückkehren mußten, was
1154 3026 3522 3268 sie eben verlassen, wenn auch nur auf
1210 3212 3679 3385 Und diese Notwendigkeit des Zurückkehrers,
238 3212 1057 3506 kurze Zeit.
1187 3353 3613 3587 dieses Verlieren der Kräfte ohne sichtba¬
1181 3506 3656 3750 ren Gewinn, dieses aufreibende Drangen
1174 3688 3702 3953 nach Vorwärts ohne Erfolg und Gelingen,
1216 3855 3542 4145 die Dinge sind, die den Vortheiligung des
1200 4018 3659 4298 Conservations ihre Vorwürfe in die Hand
2335 4210 3584 4458 gegen die Kürger des
1207 4236 1738 4514 geben.
2394 4367 3013 4559 Fortschritts
3842 365 6219 714 Und doch ists gewiss – der Fortschritt hat seine
3838 574 6157 900 Berechtigung gleich dem Festhalten am Altge¬
3816 766 6063 1027 wohnten, und ums gleich klarer zu sagen – sie
3829 903 6219 1236 haben beide nur in festem Verbande ihre Berech¬
3838 1073 6141 1373 tigung, und nur vereint können sie bedeutendes
3796 1252 6239 1530 oder zum mindesten ersprießliches wirken. Frei¬
3806 1402 6167 1696 lich, nachähmenswerter und größer erscheint uns
3799 1572 6340 1846 stets jenes jugendlich starke Streben ins Unbegrenzte,
3806 1732 6232 2019 jenes Ringen nach dem Schönsten und Höchsten
3822 1885 6262 2159 selbst dann, wenn uns die Ziele des Strebens unklar
3829 2071 6249 2342 und vor schwommen, das Ringen und Mühen nutzlos
3816 2224 6167 2466 und vergeblich dünkt. Und warum? Weil die
3848 2384 6167 2710 Ursachen, die dem Menschen die Liebe zum ge¬
3838 2557 6213 2847 wohnten Alltagsleben ins Herz pflanzen, nicht
3884 2720 6193 3000 selten kleinlich, ja verächtlich sind. Und wenn
3835 2896 6092 3209 es auch nicht zu läugnen ist, das oft in re¬
3835 3036 6190 3362 wahre Überzeugung jenen Erhaltungstreb
3904 3229 6174 3483 in der Seele erwachen läßt, daß insbesondere
3868 3382 6190 3715 traurige Erfahrungen dazu geignet sind, das
3874 3591 6291 3793 Riegen nach anderm und neuem gar manchem
3936 3724 6219 4034 gleichgiltig, ja verdammenswert erscheinen
3923 3884 6262 4187 zu lassen - sicher ist, dass noch öfter Bequem¬
3923 4057 6239 4396 lichkeit, Unverständnis, ja einfacher nieder
