7672 4872
1306 541 3727 817 Cavricatur machte, sondern auch das echte deutschen
1277 703 3731 1083 Wesen den Zeitgenossen vor die Augenführ¬
1232 985 1731 1193 An. -0
1277 1089 3685 1426 Der Franzose Riccant de la Marlinière ik
1271 1274 3682 1578 ein Schwätzer, ein Spieler und ein Schwindler.
1254 1475 3601 1721 ein Abenteurer, der überall sein Glück
1267 1708 3659 2013 versucht, ohne jeden geraden Wegen zu¬
1284 1903 3637 2211 schlagen, der ihn zwar langsam, aber weit
1280 2084 3595 2386 sichrer zum Ziele bringen könnte. Er thut
1358 2259 3620 2574 sich viel auf eine ziemlich zweifelhafte
1332 2450 3630 2762 Abstammung zu Gute, strebt aber keines
1300 2635 3682 2972 wegs nach Ruhm oder Ehre; sein einziger
1313 2823 3650 3112 gebenszweck ist Vergnügen, und deshalb
1319 3005 3666 3332 will er möglichst viel Geld besitzen, ohne
1374 3202 3533 3530 sich darum zu mühen. Er will nicht
1345 3381 3656 3669 verdienen, er will nur gewinnen. Darum
1342 3585 3565 3922 ergibt er sich dem Spiel, das ihm der
1329 3760 3488 4100 leichteste Weg zu sein dünkt, um
1339 3971 3695 4262 sein Glück zu machen. Er schwindelt
1322 4123 3630 4463 in der liebenswürdigsten Weise den
1387 4353 3468 4684 ahnungslosen, vertrauensseligen
3841 454 6217 771 Leuten Geld heraus und verspricht, ihnen
3864 609 6239 950 das selbe zurückbringen, wenn Fortuna ihm
3860 859 6262 1118 hold sei. Wenn wir dazu noch seine Ge¬
3870 1021 6479 1345 schwätzigkeit und sein Nadebrechen der deutschen
3919 1209 6525 1553 Sprache rechnen, so muß er sowohl einen lächerlichen
3834 1410 6210 1711 als verächtlichen Eindruck hervorrufen und da¬
3815 1585 6363 1896 durch für seine Landsleute einen wenig güesti¬
3805 1779 6265 2068 ges Christheil erwecken. Das war es auch,
3808 1987 6165 2295 was lessing bezweckte; er wollte seinem
3834 2178 6145 2499 wolke zeigen, um wie viel höher es stünde,
3821 2317 6272 2658 als die französische Nation, daß es nicht nötig
3860 2535 6317 2826 habe, sich von ihren Sitten und Gewohnheiten
3828 2729 6165 3040 beeinflußen zulassen. Charaktere wie ein
3899 2920 6295 3238 Major von Tellheim, ein Paul Werner, eine
3880 3076 6252 3394 Minna von Barnhelm stehen dem Franzo¬
3912 3296 6139 3591 sen Riccaut de la Martiniere gegenüber,
3906 3494 6155 3773 zwei Ehrenmänner und ein echweibliches,
3922 3659 6194 3977 treues desen dem gekenhaften Wind¬
3890 3880 5086 4139 beutel und Abenteurer.
3993 4019 6340 4324 Wenn wir nun noch in Betracht ziehen,
3877 4223 6356 4577 in welchem Verhältnis die oben besprochene
