7576 5032
3852 406 6142 702 drückt hatte, stand die große hagen
3865 592 6357 876 Gestalt mit den fahlen Wagen
2016 617 2942 948 thas verus
3925 728 6385 1033 und den schauerlich tiefen grauen
838 706 1200 1055 11/6
5957 879 6240 1005 was
1638 822 3771 1153 in der Bahre einab Jüngling s.
3881 910 6161 1210 Augen. Ein dunkler Mantel
3915 1062 6161 1320 über die Schulteordes Mannesge¬
1389 1109 1591 1354 le
1490 1169 3733 1518 „Glücklicher Jungling? Glücklich er, der
3928 1216 6401 1575 f. worfen und seine Füste trugen
1503 1282 3733 1660 der nun auf ewig von dieser Erde
5752 1348 6158 1540 Sein
3881 1399 5535 1710 Van Salen.
1534 1468 3660 1796 Abschied genommen hast, der die
3878 1537 6306 1881 Blick schien in das weite Feld
1547 1622 3821 1934 auf der Bahre liegst, um ins kühle
3922 1695 6215 2060 finauszuschreifen, wo die Ohren
1663 1783 3799 2117 Grolgesenkt zu waren, und nie¬
3938 1887 6303 2202 Halme unruhig hin und her wogten
1503 1962 3786 2309 mehr diesen Himmel zu sehen; den
3953 2013 6231 2312 vom Winde bewegt, der auch die
1575 2126 3830 2492 meinehr diese Welt zu sehen.
3956 2189 6325 2482 trübgrauen Wolken am Himmel
1622 2290 3849 2570 Beneidensverther! Daß du endlich
3941 2344 6136 2722 langsam um hertrieb. Der Mann
1578 2416 3840 2769 Ruhe gefunden, daß du dich nicht
3960 2501 6212 2851 denn eheimliche Gestalt sah nun
1647 2602 3849 3002 mehr auf den in der endlosen
3963 2668 6291 2942 mit einem Male zum Himmlauf
1679 2832 3815 3125 Einöde Welt herumwandern
4004 2819 6231 3204 „ Ewig das selbe auf Asavors
1647 2933 3834 3295 mußt, die für mich nirgends
3985 2989 6344 3304 ons, "heute der finßre, wolkige
1597 3122 3733 3462 endet. Die pfadlos vor meinen
4023 3159 6228 3465 Himmel, morgen die tiefe ein
1610 3317 3405 3607 Augen sich dahinstockt.
4045 3323 6237 3689 höngge Bläue — wie oft, o wie
1695 3459 3912 3796 Eine ganz eigenthümlich - Gestalt
6747 3367 7226 3730 get
4004 3471 6454 3805 oft hab' ich schon dies alles gesehen.
2696 3622 3830 3862 Worte sprach.
4064 3654 6483 4016 Jeder Hahn hier dunkt nur
1701 3660 2712 3928 wäre, die diese
2696 3789 3103 3878 einer
1676 3764 3934 4092 Sie kand an der Bahre, auf welcher
4067 3824 6445 4120 bekannt, jeden Baumstamm schein’
4057 4013 6593 4328 mein’ ich schon gegesen zu haben.
1688 4016 2892 4290 im Jüngling lag.
5087 4177 5346 4271 bin 1
1710 4111 3915 4451 An einer Fahrt, auf der ein Jüngenz
4079 4117 6615 4504 und wie leicht war ich vor vielen Jahr
1717 4300 3897 4668 lag, dessen Augen der tod zuge¬
