<?xml version="1.0" encoding="UTF-8" standalone="yes"?>
<PcGts xmlns="http://schema.primaresearch.org/PAGE/gts/pagecontent/2013-07-15" xmlns:xsi="http://www.w3.org/2001/XMLSchema-instance" xsi:schemaLocation="http://schema.primaresearch.org/PAGE/gts/pagecontent/2013-07-15 http://schema.primaresearch.org/PAGE/gts/pagecontent/2013-07-15/pagecontent.xsd">
    <Metadata>
        <Creator>prov=READ-COOP:name=TrHtr:version=2.1.0:model_id=51170:date=28_07_2023_05:40</Creator>
        <Created>2023-05-10T11:14:49.212+02:00</Created>
        <LastChange>2023-07-28T05:40:54.094+02:00</LastChange>
        <TranskribusMetadata docId="1428137" pageId="55384702" pageNr="11" tsid="131319862" status="IN_PROGRESS" userId="64420" imgUrl="https://files.transkribus.eu/Get?id=UUWQEUIEMOSVVRZIUEUYOSPD&amp;fileType=view" xmlUrl="https://files.transkribus.eu/Get?id=DFYZTIUUIWJRDXMFCJQXKDCJ" imageId="44659601"/>
    </Metadata>
    <Page imageFilename="1428137_0011.jpg" imageWidth="7320" imageHeight="4680">
        <ReadingOrder>
            <OrderedGroup id="ro_1711823956902" caption="Regions reading order">
                <RegionRefIndexed index="0" regionRef="tr_1"/>
            </OrderedGroup>
        </ReadingOrder>
        <TextRegion id="tr_1" custom="readingOrder {index:0;}">
            <Coords points="393,630 7085,630 7085,4355 393,4355"/>
            <TextLine id="tr_1_tl_1" custom="readingOrder {index:0;}">
                <Coords points="4656,765 4768,773 4927,718 5027,793 5162,765 5302,805 5401,765 5457,805 5509,781 5517,522 5413,514 5318,446 5234,478 5186,438 5082,486 5023,458 4664,486"/>
                <Baseline points="4680,710 4715,710 4805,704 4894,698 4984,698 5073,704 5163,698 5253,692 5342,686 5432,680 5521,680"/>
                <TextEquiv>
                    <Unicode>Unvollständige</Unicode>
                </TextEquiv>
            </TextLine>
            <TextLine id="tr_1_tl_2" custom="readingOrder {index:1;}">
                <Coords points="4644,973 4768,961 4855,993 4947,921 5067,965 5162,917 5266,965 5417,905 5521,933 5529,769 5453,805 5409,769 5302,805 5174,765 5027,793 4887,714 4740,813 4648,805"/>
                <Baseline points="4668,871 4727,865 4817,865 4906,865 4996,865 5085,865 5175,859 5265,853 5354,847 5444,847 5533,841"/>
                <TextEquiv>
                    <Unicode>Definitionen</Unicode>
                </TextEquiv>
            </TextLine>
            <TextLine id="tr_1_tl_3" custom="readingOrder {index:2;}">
                <Coords points="435,1092 2882,1088 3508,981 3420,837 1583,973 1208,829 442,865"/>
                <Baseline points="459,1056 471,1056 561,1056 650,1056 740,1062 829,1062 919,1062 1008,1056 1098,1050 1187,1050 1277,1050 1366,1044 1456,1044 1546,1050 1635,1044 1725,1044 1814,1038 1904,1038 1993,1032 2083,1032 2172,1026 2262,1026 2351,1020 2441,1014 2531,1014 2620,1014 2710,1008 2799,1002 2889,996 2978,990 3068,984 3157,984 3247,978 3336,978 3426,967 3515,961"/>
                <TextEquiv>
                    <Unicode>Verbaldefinition. Mit amentia besuchnen wir</Unicode>
                </TextEquiv>
            </TextLine>
            <TextLine id="tr_1_tl_4" custom="readingOrder {index:3;}">
                <Coords points="423,1296 2467,1176 2862,1248 3189,1156 3508,1228 3544,1016 431,1140"/>
                <Baseline points="447,1235 507,1229 596,1223 686,1229 776,1223 865,1223 955,1217 1044,1211 1134,1211 1223,1205 1313,1205 1402,1199 1492,1199 1581,1199 1671,1193 1760,1193 1850,1193 1940,1187 2029,1187 2119,1181 2208,1181 2298,1175 2387,1175 2477,1170 2566,1170 2656,1164 2745,1158 2835,1158 2925,1152 3014,1140 3104,1140 3193,1140 3283,1140 3372,1134 3462,1134 3551,1146"/>
                <TextEquiv>
                    <Unicode>das Fehlen eines geregelten Denkvermögens-Wohn,</Unicode>
                </TextEquiv>
            </TextLine>
            <TextLine id="tr_1_tl_5" custom="readingOrder {index:4;}">
                <Coords points="3719,1268 5489,1212 6111,1292 6278,1244 6286,1072 5529,1016 5246,1108 4903,1036 4784,1112 4090,1068 3723,1172"/>
                <Baseline points="3742,1211 3784,1205 3874,1211 3963,1211 4053,1211 4142,1211 4232,1211 4321,1211 4411,1205 4500,1205 4590,1199 4680,1199 4769,1199 4859,1193 4948,1187 5038,1181 5127,1175 5217,1175 5306,1175 5396,1170 5485,1170 5575,1164 5664,1164 5754,1158 5844,1158 5933,1158 6023,1152 6112,1146 6202,1146 6291,1146"/>
                <TextEquiv>
                    <Unicode>Locativ. Religion ist eine Angelegenheit des</Unicode>
                </TextEquiv>
            </TextLine>
            <TextLine id="tr_1_tl_6" custom="readingOrder {index:5;}">
                <Coords points="462,1423 3002,1411 3564,1335 3568,1240 3372,1160 466,1284"/>
                <Baseline points="483,1402 531,1402 620,1390 710,1384 799,1384 889,1384 978,1378 1068,1378 1158,1378 1247,1372 1337,1372 1426,1366 1516,1366 1605,1366 1695,1361 1784,1361 1874,1361 1963,1355 2053,1349 2143,1349 2232,1343 2322,1343 2411,1343 2501,1337 2590,1337 2680,1331 2769,1325 2859,1325 2948,1325 3038,1319 3127,1313 3217,1313 3307,1307 3396,1301 3486,1295 3575,1307"/>
                <TextEquiv>
                    <Unicode>sinn. Das a bezeichnet das Fehlen, (vergl. a pro¬</Unicode>
                </TextEquiv>
            </TextLine>
            <TextLine id="tr_1_tl_7" custom="readingOrder {index:6;}">
                <Coords points="5063,1371 5218,1347 5373,1359 5441,1403 5505,1383 5561,1399 5605,1363 5736,1379 5744,1220 5637,1272 5517,1228 5449,1272 5318,1260 5266,1228 5182,1268 5067,1256"/>
                <Baseline points="5085,1349 5121,1349 5211,1337 5300,1337 5390,1331 5479,1325 5569,1325 5658,1325 5748,1325"/>
                <TextEquiv>
                    <Unicode>Wieland</Unicode>
                </TextEquiv>
            </TextLine>
            <TextLine id="tr_1_tl_8" custom="readingOrder {index:7;}">
                <Coords points="3922,1415 3982,1447 4082,1403 4158,1443 4221,1407 4269,1403 4293,1427 4409,1383 4445,1419 4489,1415 4540,1395 4548,1232 4489,1236 4373,1300 4309,1268 4186,1311 4138,1268 3926,1327"/>
                <Baseline points="3945,1396 4017,1384 4106,1378 4196,1372 4286,1366 4375,1366 4465,1361 4554,1366"/>
                <TextEquiv>
                    <Unicode>Herzens.</Unicode>
                </TextEquiv>
            </TextLine>
            <TextLine id="tr_1_tl_9" custom="readingOrder {index:8;}">
                <Coords points="431,1598 3460,1551 3552,1331 2244,1475 1423,1387 435,1487"/>
                <Baseline points="453,1558 513,1558 602,1552 692,1546 781,1546 871,1540 961,1540 1050,1540 1140,1540 1229,1534 1319,1528 1408,1528 1498,1522 1587,1522 1677,1522 1766,1516 1856,1516 1946,1516 2035,1510 2125,1510 2214,1510 2304,1504 2393,1498 2483,1498 2572,1498 2662,1492 2751,1492 2841,1486 2930,1486 3020,1480 3110,1474 3199,1474 3289,1468 3378,1462 3468,1462 3557,1456"/>
                <TextEquiv>
                    <Unicode>vativum, während mentia aus meno gebildet,</Unicode>
                </TextEquiv>
            </TextLine>
            <TextLine id="tr_1_tl_10" custom="readingOrder {index:9;}">
                <Coords points="3871,1638 4528,1567 4680,1662 4975,1547 5238,1598 5413,1519 5971,1527 6011,1335 3879,1467"/>
                <Baseline points="3898,1552 3957,1552 4047,1546 4136,1540 4226,1540 4315,1540 4405,1534 4494,1534 4584,1528 4674,1528 4763,1522 4853,1516 4942,1510 5032,1510 5121,1504 5211,1498 5300,1498 5390,1498 5479,1492 5569,1486 5658,1486 5748,1480 5838,1480 5927,1480 6017,1480"/>
                <TextEquiv>
                    <Unicode>Kraft ist eine Eigenschaft des Noftes</Unicode>
                </TextEquiv>
            </TextLine>
            <TextLine id="tr_1_tl_11" custom="readingOrder {index:10;}">
                <Coords points="4772,1786 4935,1686 5405,1674 5473,1734 5788,1658 5943,1722 6043,1662 6565,1662 6705,1634 6709,1539 6135,1483 5649,1626 5417,1519 5154,1610 4979,1547 4776,1622"/>
                <Baseline points="4793,1689 4829,1683 4918,1677 5008,1671 5097,1665 5187,1665 5276,1665 5366,1665 5456,1659 5545,1659 5635,1653 5724,1653 5814,1647 5903,1647 5993,1641 6082,1641 6172,1635 6261,1635 6351,1629 6440,1629 6530,1629 6620,1623 6709,1617"/>
                <TextEquiv>
                    <Unicode>Moleschott, Preislauf des Lebens.</Unicode>
                </TextEquiv>
            </TextLine>
            <TextLine id="tr_1_tl_12" custom="readingOrder {index:11;}">
                <Coords points="371,1790 977,1846 1351,1718 1610,1798 1933,1710 2176,1770 2352,1674 2543,1742 2571,1555 1874,1527 1630,1618 1555,1551 1168,1551 375,1642"/>
                <Baseline points="393,1749 429,1743 519,1725 608,1719 698,1713 787,1707 877,1707 967,1707 1056,1701 1146,1701 1235,1695 1325,1695 1414,1695 1504,1683 1593,1677 1683,1677 1772,1683 1862,1677 1951,1677 2041,1671 2131,1671 2220,1671 2310,1671 2399,1665 2489,1677 2578,1677"/>
                <TextEquiv>
                    <Unicode>des Verstand, Geist bezeichnet</Unicode>
                </TextEquiv>
            </TextLine>
            <TextLine id="tr_1_tl_13" custom="readingOrder {index:12;}">
                <Coords points="3807,1917 6553,1826 6964,2017 7012,1646 3815,1730"/>
                <Baseline points="3832,1868 3886,1862 3975,1856 4065,1856 4154,1856 4244,1856 4333,1850 4423,1844 4512,1844 4602,1838 4691,1838 4781,1832 4871,1832 4960,1832 5050,1832 5139,1832 5229,1832 5318,1826 5408,1826 5497,1820 5587,1820 5676,1814 5766,1808 5855,1814 5945,1802 6035,1802 6124,1796 6214,1790 6303,1790 6393,1796 6482,1796 6572,1790 6661,1784 6751,1784 6840,1784 6930,1778 7020,1784"/>
                <TextEquiv>
                    <Unicode>Eifersucht ist eine Leidenschaft, die mit Eifer sucht, was Leiden</Unicode>
                </TextEquiv>
            </TextLine>
            <TextLine id="tr_1_tl_14" custom="readingOrder {index:13;}">
                <Coords points="753,2077 1288,2145 2073,2005 2946,2045 3532,1977 3536,1834 3225,1921 2942,1802 757,1933"/>
                <Baseline points="781,2029 859,2029 949,2023 1038,2023 1128,2017 1217,2023 1307,2017 1396,2017 1486,2017 1575,2011 1665,2011 1755,2005 1844,2005 1934,2005 2023,2005 2113,1993 2202,1987 2292,1993 2381,1987 2471,1987 2560,1981 2650,1975 2739,1969 2829,1969 2919,1963 3008,1963 3098,1963 3187,1963 3277,1957 3366,1957 3456,1951 3545,1951"/>
                <TextEquiv>
                    <Unicode>Realdefinition. Das Gundrat ist eine von</Unicode>
                </TextEquiv>
            </TextLine>
            <TextLine id="tr_1_tl_15" custom="readingOrder {index:14;}">
                <Coords points="3827,2089 4648,2017 5035,2081 5214,1997 5664,2077 6147,1973 6454,2069 6462,1818 5098,1874 5003,1961 4684,1866 3831,1889"/>
                <Baseline points="3850,2023 3868,2023 3957,2017 4047,2017 4136,2017 4226,2017 4315,2011 4405,2011 4494,2011 4584,2011 4674,2005 4763,1999 4853,1999 4942,1999 5032,1993 5121,1987 5211,1987 5300,1987 5390,1987 5479,1981 5569,1981 5658,1981 5748,1969 5838,1969 5927,1969 6017,1963 6106,1963 6196,1957 6285,1957 6375,1951 6464,1951"/>
                <TextEquiv>
                    <Unicode>Descriptio. "Exceivid' ὡμτοβροσολογῖ ἔστηε</Unicode>
                </TextEquiv>
            </TextLine>
            <TextLine id="tr_1_tl_16" custom="readingOrder {index:15;}">
                <Coords points="4293,2268 5122,2165 5449,2252 5772,2145 6442,2216 6785,2165 6789,2013 6278,2061 5940,1981 5597,2077 5214,1997 4863,2097 4301,2085"/>
                <Baseline points="4321,2166 4375,2172 4465,2172 4554,2166 4644,2166 4733,2172 4823,2166 4912,2166 5002,2160 5091,2154 5181,2154 5270,2148 5360,2143 5450,2143 5539,2143 5629,2143 5718,2137 5808,2131 5897,2131 5987,2131 6076,2131 6166,2125 6255,2125 6345,2125 6435,2119 6524,2113 6614,2113 6703,2101 6793,2107"/>
                <TextEquiv>
                    <Unicode>Hecapédys πρόσδεν δ' ἐγενασα παντος' εἰσην</Unicode>
                </TextEquiv>
            </TextLine>
            <TextLine id="tr_1_tl_17" custom="readingOrder {index:16;}">
                <Coords points="829,2208 1200,2276 1770,2165 2276,2153 2499,2256 2934,2137 3436,2192 3516,2169 3524,1969 2535,2001 2276,2105 1866,2033 1288,2145 833,2073"/>
                <Baseline points="853,2178 931,2178 1020,2178 1110,2178 1199,2178 1289,2178 1378,2172 1468,2172 1558,2166 1647,2166 1737,2160 1826,2160 1916,2154 2005,2154 2095,2148 2184,2148 2274,2148 2363,2143 2453,2148 2542,2143 2632,2137 2722,2137 2811,2131 2901,2119 2990,2119 3080,2119 3169,2119 3259,2113 3348,2107 3438,2107 3527,2113"/>
                <TextEquiv>
                    <Unicode>4 gleichen Seiten eingeschlossene Flache,</Unicode>
                </TextEquiv>
            </TextLine>
            <TextLine id="tr_1_tl_18" custom="readingOrder {index:17;}">
                <Coords points="905,2436 1224,2344 1878,2320 2093,2408 2352,2312 3340,2336 3576,2292 3580,2137 909,2296"/>
                <Baseline points="925,2357 990,2345 1080,2340 1170,2340 1259,2334 1349,2334 1438,2334 1528,2328 1617,2322 1707,2316 1796,2316 1886,2316 1975,2310 2065,2310 2154,2310 2244,2310 2334,2304 2423,2304 2513,2298 2602,2298 2692,2292 2781,2292 2871,2286 2960,2286 3050,2280 3139,2274 3229,2274 3318,2274 3408,2274 3498,2268 3587,2268"/>
                <TextEquiv>
                    <Unicode>deren 4 Winkel gleich sind; wie es uns die Wirklichkeit voraus¬</Unicode>
                </TextEquiv>
            </TextLine>
            <TextLine id="tr_1_tl_19" custom="readingOrder {index:18;}">
                <Coords points="4281,2384 5605,2368 5696,2308 6103,2364 6334,2296 6454,2388 6522,2380 6529,2196 5772,2145 5453,2256 5138,2184 4839,2280 4285,2264"/>
                <Baseline points="4303,2340 4387,2334 4477,2334 4566,2334 4656,2340 4745,2334 4835,2340 4924,2334 5014,2322 5103,2322 5193,2322 5282,2322 5372,2316 5461,2310 5551,2304 5641,2304 5730,2298 5820,2298 5909,2298 5999,2298 6088,2292 6178,2292 6267,2286 6357,2280 6446,2274 6536,2274"/>
                <TextEquiv>
                    <Unicode>ἐι νοῖσιν λυκινην, πὸ θόρ δ' ἐπιδη θαιυμαικος.</Unicode>
                </TextEquiv>
            </TextLine>
            <TextLine id="tr_1_tl_20" custom="readingOrder {index:19;}">
                <Coords points="4194,2599 4712,2503 4999,2619 5828,2475 6338,2555 6346,2320 5780,2392 5409,2328 5003,2436 4744,2364 4202,2396"/>
                <Baseline points="4220,2507 4291,2507 4381,2507 4471,2507 4560,2501 4650,2501 4739,2495 4829,2495 4918,2495 5008,2495 5097,2489 5187,2483 5276,2477 5366,2477 5456,2471 5545,2471 5635,2465 5724,2465 5814,2459 5903,2465 5993,2459 6082,2459 6172,2453 6261,2441 6351,2429"/>
                <TextEquiv>
                    <Unicode>ἀμρι δεοἱ κροσάηοισι γαεινὶ θείεις πήνηης</Unicode>
                </TextEquiv>
            </TextLine>
            <TextLine id="tr_1_tl_21" custom="readingOrder {index:20;}">
                <Coords points="714,2579 3532,2483 3612,2316 1993,2428 1551,2336 1192,2448 718,2364"/>
                <Baseline points="734,2519 752,2519 841,2513 931,2501 1020,2501 1110,2495 1199,2495 1289,2495 1378,2489 1468,2483 1558,2483 1647,2483 1737,2483 1826,2483 1916,2477 2005,2477 2095,2471 2184,2471 2274,2465 2363,2465 2453,2459 2542,2459 2632,2459 2722,2453 2811,2453 2901,2453 2990,2453 3080,2447 3169,2441 3259,2441 3348,2435 3438,2435 3527,2435 3617,2441"/>
                <TextEquiv>
                    <Unicode>Nominaldifinition. Der Tod ist das vollständig</Unicode>
                </TextEquiv>
            </TextLine>
            <TextLine id="tr_1_tl_22" custom="readingOrder {index:21;}">
                <Coords points="2635,2615 2930,2611 3073,2647 3121,2611 3289,2643 3340,2611 3384,2655 3512,2599 3588,2615 3588,2483 3548,2467 3440,2519 3388,2491 3301,2551 3189,2491 3053,2543 2990,2511 2810,2539 2743,2479 2635,2464"/>
                <Baseline points="2656,2602 2745,2602 2835,2602 2925,2602 3014,2614 3104,2614 3193,2608 3283,2602 3372,2602 3462,2602 3551,2596 3599,2602"/>
                <TextEquiv>
                    <Unicode>Seite. Eine andere</Unicode>
                </TextEquiv>
            </TextLine>
            <TextLine id="tr_1_tl_23" custom="readingOrder {index:22;}">
                <Coords points="5481,2675 5601,2675 5633,2647 5664,2667 5696,2635 5824,2691 6023,2635 6135,2651 6223,2631 6227,2507 6167,2495 6099,2523 6035,2487 5788,2519 5676,2491 5549,2575 5481,2559"/>
                <Baseline points="5503,2632 5515,2632 5605,2626 5694,2626 5784,2620 5873,2620 5963,2620 6052,2620 6142,2620 6232,2614"/>
                <TextEquiv>
                    <Unicode>Komers Ilias</Unicode>
                </TextEquiv>
            </TextLine>
            <TextLine id="tr_1_tl_24" custom="readingOrder {index:23;}">
                <Coords points="885,2699 1132,2766 1216,2683 1718,2647 2121,2719 2460,2639 2766,2731 3133,2687 3133,2623 2699,2635 2228,2483 2045,2563 1933,2475 885,2547"/>
                <Baseline points="907,2668 996,2662 1086,2662 1175,2656 1265,2656 1355,2650 1444,2650 1534,2644 1623,2644 1713,2644 1802,2644 1892,2644 1981,2638 2071,2638 2160,2638 2250,2632 2340,2626 2429,2620 2519,2626 2608,2650 2698,2668 2787,2674 2877,2674 2966,2680 3056,2674 3145,2668"/>
                <TextEquiv>
                    <Unicode>Aufhören des individiellen übergehen</Unicode>
                </TextEquiv>
            </TextLine>
            <TextLine id="tr_1_tl_25" custom="readingOrder {index:24;}">
                <Coords points="849,2890 3344,2810 3504,2778 3508,2623 2810,2735 2491,2639 853,2707"/>
                <Baseline points="871,2823 919,2823 1008,2823 1098,2817 1187,2811 1277,2805 1366,2805 1456,2805 1546,2805 1635,2805 1725,2805 1814,2799 1904,2805 1993,2799 2083,2799 2172,2793 2262,2787 2351,2781 2441,2775 2531,2775 2620,2775 2710,2775 2799,2775 2889,2775 2978,2775 3068,2775 3157,2763 3247,2763 3336,2757 3426,2757 3515,2757"/>
                <TextEquiv>
                    <Unicode>Ansicht: der Tod ist das Fortdauere der Jede</Unicode>
                </TextEquiv>
            </TextLine>
            <TextLine id="tr_1_tl_26" custom="readingOrder {index:25;}">
                <Coords points="3823,2874 4150,2954 5019,2814 6573,2878 6852,2794 6856,2643 4130,2754 3831,2639"/>
                <Baseline points="3850,2841 3903,2835 3993,2835 4083,2835 4172,2835 4262,2835 4351,2835 4441,2829 4530,2823 4620,2817 4709,2811 4799,2805 4888,2805 4978,2799 5068,2799 5157,2799 5247,2793 5336,2793 5426,2787 5515,2787 5605,2787 5694,2781 5784,2781 5873,2781 5963,2781 6052,2787 6142,2781 6232,2775 6321,2775 6411,2775 6500,2775 6590,2769 6679,2763 6769,2763 6858,2763"/>
                <TextEquiv>
                    <Unicode>Charakteristik. Vitiis nemo une nascitur; op limus ille est,</Unicode>
                </TextEquiv>
            </TextLine>
            <TextLine id="tr_1_tl_27" custom="readingOrder {index:26;}">
                <Coords points="4524,3026 5421,2966 5565,3069 5716,2958 6131,2958 6737,3045 7072,3002 7080,2766 6709,2782 6577,2878 5365,2802 4524,2930"/>
                <Baseline points="4548,2996 4614,2990 4703,2984 4793,2978 4882,2972 4972,2972 5062,2972 5151,2966 5241,2966 5330,2960 5420,2960 5509,2954 5599,2954 5688,2948 5778,2948 5867,2942 5957,2948 6046,2948 6058,2948 6100,2948 6190,2942 6279,2936 6369,2930 6458,2936 6548,2936 6637,2942 6727,2936 6817,2936 6906,2930 6996,2919 7085,2913"/>
                <TextEquiv>
                    <Unicode>Qui minimis urgutur. Horaz, Satyun</Unicode>
                </TextEquiv>
            </TextLine>
            <TextLine id="tr_1_tl_28" custom="readingOrder {index:27;}">
                <Coords points="861,3018 1455,2982 1587,3069 1754,2986 2599,2958 2723,3042 3512,2954 3516,2814 2471,2870 2360,2794 1973,2918 1519,2814 865,2882"/>
                <Baseline points="883,3002 931,2996 1020,2990 1110,2984 1199,2978 1289,2978 1378,2978 1468,2978 1558,2978 1647,2972 1737,2972 1826,2972 1916,2972 2005,2972 2095,2966 2184,2960 2274,2954 2363,2948 2453,2942 2542,2942 2632,2936 2722,2936 2811,2936 2901,2930 2990,2930 3080,2936 3169,2930 3259,2930 3348,2925 3438,2925 3527,2930"/>
                <TextEquiv>
                    <Unicode>nicht ums in einen andern Körper. (Sroblem</Unicode>
                </TextEquiv>
            </TextLine>
            <TextLine id="tr_1_tl_29" custom="readingOrder {index:28;}">
                <Coords points="514,3014 566,3042 622,3049 710,3097 753,3105 793,3093 781,2758 741,2747 698,2774 658,2762 594,2818 506,2806"/>
                <Baseline points="531,2984 620,2990 710,2990 799,2996 805,2990"/>
                <TextEquiv>
                    <Unicode>Siele</Unicode>
                </TextEquiv>
            </TextLine>
            <TextLine id="tr_1_tl_30" custom="readingOrder {index:29;}">
                <Coords points="706,3209 3133,3101 3356,3193 3464,3129 3468,2966 1435,3081 1228,2994 710,3097"/>
                <Baseline points="728,3181 787,3163 877,3151 967,3151 1056,3145 1146,3145 1235,3139 1325,3139 1414,3133 1504,3133 1593,3133 1683,3133 1772,3127 1862,3127 1951,3127 2041,3127 2131,3127 2220,3121 2310,3121 2399,3116 2489,3110 2578,3104 2668,3104 2757,3104 2847,3098 2936,3098 3026,3098 3116,3098 3205,3098 3295,3092 3384,3092 3474,3092"/>
                <TextEquiv>
                    <Unicode>der Seelenwanderung.) — Hätten wir endlich</Unicode>
                </TextEquiv>
            </TextLine>
            <TextLine id="tr_1_tl_31" custom="readingOrder {index:30;}">
                <Coords points="3811,3277 3966,3165 4453,3253 6286,3161 6382,3149 6386,3010 5720,2958 5553,3065 5421,2966 4787,3081 4385,2994 4202,3049 3819,2870"/>
                <Baseline points="3832,3163 3880,3163 3969,3163 4059,3157 4148,3163 4238,3163 4327,3157 4417,3151 4506,3151 4596,3145 4685,3145 4775,3145 4865,3139 4954,3139 5044,3139 5133,3139 5223,3127 5312,3127 5402,3127 5491,3127 5581,3127 5670,3121 5760,3116 5850,3110 5939,3110 6029,3104 6118,3104 6208,3104 6297,3104 6387,3110"/>
                <TextEquiv>
                    <Unicode>Es gibt problematische Naturen, die keiner</Unicode>
                </TextEquiv>
            </TextLine>
            <TextLine id="tr_1_tl_32" custom="readingOrder {index:31;}">
                <Coords points="813,3368 3253,3321 3444,3269 3448,3137 2954,3205 2675,3113 2348,3229 2093,3137 1602,3245 1503,3161 817,3181"/>
                <Baseline points="835,3318 859,3318 949,3318 1038,3313 1128,3307 1217,3301 1307,3301 1396,3301 1486,3289 1575,3289 1665,3289 1755,3289 1844,3289 1934,3283 2023,3277 2113,3277 2202,3277 2292,3271 2381,3271 2471,3271 2560,3265 2650,3265 2739,3265 2829,3259 2919,3259 3008,3259 3098,3253 3187,3253 3277,3247 3366,3235 3456,3229"/>
                <TextEquiv>
                    <Unicode>v. definition des Todes gefunden, die als</Unicode>
                </TextEquiv>
            </TextLine>
            <TextLine id="tr_1_tl_33" custom="readingOrder {index:32;}">
                <Coords points="3847,3384 4389,3428 4556,3336 4716,3440 4863,3321 6250,3329 6286,3189 5816,3133 4592,3277 3855,3185"/>
                <Baseline points="3874,3318 3963,3307 4053,3313 4142,3318 4232,3318 4321,3318 4411,3318 4500,3313 4590,3313 4680,3313 4769,3313 4859,3307 4948,3307 5038,3307 5127,3301 5217,3295 5306,3289 5396,3289 5485,3289 5575,3283 5664,3277 5754,3277 5844,3277 5933,3271 6023,3265 6112,3265 6202,3259 6291,3265"/>
                <TextEquiv>
                    <Unicode>Lage gewachsen sind, in der sie sich be¬</Unicode>
                </TextEquiv>
            </TextLine>
            <TextLine id="tr_1_tl_34" custom="readingOrder {index:33;}">
                <Coords points="829,3508 1220,3468 1463,3564 2272,3440 2675,3536 2826,3444 3325,3508 3500,3420 3500,3305 2651,3289 2487,3404 2316,3285 1587,3297 1331,3436 1236,3364 833,3396"/>
                <Baseline points="853,3486 907,3474 996,3474 1086,3468 1175,3462 1265,3462 1355,3462 1444,3456 1534,3456 1623,3450 1713,3450 1802,3450 1892,3450 1981,3450 2071,3444 2160,3438 2250,3444 2340,3444 2429,3444 2519,3438 2608,3432 2698,3426 2787,3426 2877,3426 2966,3426 3056,3420 3145,3420 3235,3420 3324,3420 3414,3414 3504,3408"/>
                <TextEquiv>
                    <Unicode>einzig richtig, bewiesen daßände, so</Unicode>
                </TextEquiv>
            </TextLine>
            <TextLine id="tr_1_tl_35" custom="readingOrder {index:34;}">
                <Coords points="3930,3488 5003,3548 5385,3460 5541,3556 5999,3448 6191,3508 6223,3297 5840,3408 5676,3333 5557,3404 4867,3321 4712,3440 4556,3340 4389,3428 3934,3356"/>
                <Baseline points="3951,3486 3993,3486 4083,3486 4172,3486 4262,3486 4351,3486 4441,3480 4530,3474 4620,3468 4709,3468 4799,3468 4888,3462 4978,3462 5068,3456 5157,3456 5247,3456 5336,3450 5426,3444 5515,3444 5605,3444 5694,3444 5784,3444 5873,3438 5963,3432 6052,3426 6142,3426 6232,3426"/>
                <TextEquiv>
                    <Unicode>finden und denen keine genug thut</Unicode>
                </TextEquiv>
            </TextLine>
            <TextLine id="tr_1_tl_36" custom="readingOrder {index:35;}">
                <Coords points="853,3751 1184,3635 1889,3643 2057,3727 2216,3616 2727,3588 3153,3707 3452,3679 3460,3432 2679,3536 2272,3440 1479,3588 1220,3468 861,3500"/>
                <Baseline points="877,3653 961,3647 1050,3635 1140,3629 1229,3623 1319,3629 1408,3629 1498,3623 1587,3617 1677,3611 1766,3611 1856,3617 1946,3611 2035,3611 2125,3611 2214,3611 2304,3605 2393,3605 2483,3599 2572,3587 2662,3587 2751,3581 2841,3581 2930,3593 3020,3587 3110,3587 3199,3581 3289,3575 3378,3575 3468,3569"/>
                <TextEquiv>
                    <Unicode>hätten wir auch in der Wissenschaft</Unicode>
                </TextEquiv>
            </TextLine>
            <TextLine id="tr_1_tl_37" custom="readingOrder {index:36;}">
                <Coords points="3907,3683 6031,3655 6338,3600 6342,3484 5804,3448 5537,3556 5389,3460 4999,3548 4042,3500 3911,3568"/>
                <Baseline points="3927,3653 4017,3653 4106,3647 4196,3647 4286,3647 4375,3641 4465,3635 4554,3635 4644,3629 4733,3623 4823,3623 4912,3623 5002,3623 5091,3623 5181,3617 5270,3611 5360,3617 5450,3611 5539,3611 5629,3611 5718,3605 5808,3599 5897,3599 5987,3593 6076,3587 6166,3581 6255,3587 6345,3593"/>
                <TextEquiv>
                    <Unicode>Daraus ersteht der ungeheure Widerstreit</Unicode>
                </TextEquiv>
            </TextLine>
            <TextLine id="tr_1_tl_38" custom="readingOrder {index:37;}">
                <Coords points="873,3875 2758,3755 3468,3835 3596,3791 3596,3687 2786,3608 2380,3695 2216,3616 1993,3747 1774,3643 1188,3631 877,3747"/>
                <Baseline points="895,3820 919,3826 1008,3808 1098,3796 1187,3796 1277,3796 1366,3790 1456,3784 1546,3784 1635,3778 1725,3784 1814,3778 1904,3778 1993,3778 2083,3772 2172,3766 2262,3766 2351,3760 2441,3748 2531,3742 2620,3742 2710,3742 2799,3748 2889,3748 2978,3748 3068,3748 3157,3742 3247,3742 3336,3742 3426,3742 3515,3742 3605,3754"/>
                <TextEquiv>
                    <Unicode>hier speciell in der der Medicin einen</Unicode>
                </TextEquiv>
            </TextLine>
            <TextLine id="tr_1_tl_39" custom="readingOrder {index:38;}">
                <Coords points="3811,3851 4752,3795 5174,3895 5947,3771 6067,3851 6215,3795 6219,3647 5884,3711 5629,3624 5154,3739 4931,3643 4768,3707 3815,3683"/>
                <Baseline points="3832,3826 3892,3820 3981,3814 4071,3814 4160,3808 4250,3808 4339,3802 4429,3802 4518,3796 4608,3796 4697,3796 4787,3796 4876,3796 4966,3796 5056,3796 5145,3790 5235,3790 5324,3790 5414,3784 5503,3784 5593,3778 5629,3778 5688,3778 5778,3772 5867,3766 5957,3760 6046,3754 6136,3748 6226,3754"/>
                <TextEquiv>
                    <Unicode>Der das Leben ohne Gemühs verzehrt</Unicode>
                </TextEquiv>
            </TextLine>
            <TextLine id="tr_1_tl_40" custom="readingOrder {index:39;}">
                <Coords points="5561,4018 5672,4034 5852,3970 5955,4026 6223,3982 6358,4014 6502,3974 6506,3795 6438,3775 6378,3807 6219,3759 6063,3855 5959,3771 5856,3835 5565,3799"/>
                <Baseline points="5587,3933 5617,3939 5706,3933 5796,3927 5885,3927 5975,3921 6064,3927 6154,3921 6243,3921 6333,3921 6423,3915 6512,3921"/>
                <TextEquiv>
                    <Unicode>Göthe, Spruche.</Unicode>
                </TextEquiv>
            </TextLine>
            <TextLine id="tr_1_tl_41" custom="readingOrder {index:40;}">
                <Coords points="909,3994 1256,4078 1985,3946 2328,4070 2567,4062 2683,3982 2958,3982 2962,3787 2575,3779 2340,3875 2268,3819 1870,3871 1583,3787 1304,3855 1052,3807 913,3891"/>
                <Baseline points="931,3957 996,3951 1086,3945 1175,3951 1265,3951 1355,3957 1444,3951 1534,3945 1623,3945 1713,3939 1802,3945 1892,3945 1981,3945 2071,3939 2160,3933 2250,3939 2340,3927 2429,3921 2519,3921 2608,3921 2698,3915 2787,3921 2877,3933 2966,3933"/>
                <TextEquiv>
                    <Unicode>Fortschritt zu verzeichnen)</Unicode>
                </TextEquiv>
            </TextLine>
            <TextLine id="tr_1_tl_42" custom="readingOrder {index:41;}">
                <Coords points="5106,4281 5465,4205 5609,4209 5712,4285 6019,4217 6203,4221 6207,4046 6007,4058 5912,4010 5820,4042 5748,3998 5625,4034 5342,3974 5114,4006"/>
                <Baseline points="5133,4214 5139,4214 5229,4214 5318,4208 5408,4202 5497,4202 5587,4202 5676,4202 5766,4202 5855,4196 5945,4190 6035,4184 6124,4184 6214,4184"/>
                <TextEquiv>
                    <Unicode>verschieden angegeben;en</Unicode>
                </TextEquiv>
            </TextLine>
            <TextLine id="tr_1_tl_43" custom="readingOrder {index:42;}">
                <Coords points="5720,4345 5967,4345 6039,4405 6147,4397 6227,4345 6386,4373 6525,4345 6525,4249 6450,4217 6270,4253 6115,4209 5720,4277"/>
                <Baseline points="5742,4339 5832,4333 5921,4333 6011,4339 6100,4345 6190,4345 6279,4339 6369,4339 6458,4345 6536,4345"/>
                <TextEquiv>
                    <Unicode>telli; Reglitzik a. c. nur</Unicode>
                </TextEquiv>
            </TextLine>
        </TextRegion>
    </Page>
</PcGts>
