7608 4856
2089 419 3311 703 II. Schularbeit
2033 628 3752 908 Reproduction in Erklärung
1521 826 3592 1237 des Göthuschen Gedichts:
1966 1017 3140 1323 "Der Vandrer!
1439 1192 3749 1544 Ein Wandersmann zieht des Weges
1450 1394 3805 1742 her- und ermüdet von dem Tagesmarsch
2362 1611 2650 1753 junge
766 1581 3767 1992 Freundlich größte bittet eine Frau, die ein Kind an der
1439 1787 3711 2041 Brust im Schatten eines Ulmbaums
1431 1966 3652 2336 ruht, nachdem er sie freundlich be¬
1428 2145 3734 2542 grüßt, ihn neben ihr an der Fels¬
1465 2373 3715 2646 und bittet sie, daß er ihm
1263 2560 3738 2919 ihn an ihrer Seite ruhen zu lassen und
1521 2751 3696 3087 seine Bürde ablegen zu lassen. Die
1506 2945 3812 3285 Frau frägt ihn, was ihn den zwinge,
1495 3147 3779 3491 an so heißer Tag der sonnigen Straße
1495 3334 3708 3618 zu wändere; ob er wohl Waaren
1495 3498 3681 3853 führe, die er aus der Stadt ins
1491 3693 3805 4048 Lande herum brächte? Der Wandrer
1495 3909 3715 4223 der diese Frage verneint, bittet
1495 4074 3805 4459 das junge Weib, ihm den Brunnen
1495 4264 3625 4605 zu zeigen, aus dem sie ihren
3872 284 6253 673 Durst stille; und sie weiß ihm Freund¬
3868 542 6283 890 sich den Weg. Beide schreiten über
3876 751 6365 1095 den Felsenpfad wieder Hütte des Wein
3842 942 6485 1271 bes z hinan. Hier hällt es dem Wandrer
3872 1147 6283 1443 zum ersten Mal ins Auge, dass die
3880 1323 6335 1611 Natur der Kunst gewichen, daß der
3887 1499 6301 1824 Pfad von Menschenhand gebahnt sei,
3887 1693 6343 2007 daß die Spuren ordnenden Geistes
3853 1876 6324 2246 nicht zu verkennen seien. Weiter
3928 2056 6432 2437 führt ihn die Frau: ein morsbedecktes
4896 2228 5905 2403 dessen Steige
3951 2276 6432 2605 Architrav auf dem halbverwischse eine
4313 2452 4784 2613 Inschrift,
4007 2456 6320 2788 steht, zieht des Wadrers
3965 2635 6402 2983 Aufmerksamkeit auf Eich, in dessen
5255 2818 5550 2964 schon
3962 2840 6283 3110 Steinen, wenn auch verwischt, eine
5150 2971 6055 3154 eingegrassen
3969 3042 6305 3330 Inschrift zu bemerken ist, zieht des
3977 3244 6316 3558 Wandrers Aufmerksamkeit auf
4007 3397 6257 3752 sich der diese Inschrift des Nach¬
3969 3584 6391 3939 welt zu Zeugen seines daß es
3977 3794 6294 4108 der Vergangenheit lassen wollte
4070 3962 6432 4250 ein künstler Mann, der der Kunst
6847 4022 7049 4283 Votre ami
4111 4171 6425 4530 als Führerin folgte, dachte der Sta¬
