7448 4984
3793 301 6288 677 Vierzehntes. Kriemhild sieht den todten
1047 464 3598 821 Siebentes: Verlobung zwischen Günther und Brun¬
3724 570 6099 903 Gatten vor ihrer Schwellle liegen und
1028 664 3611 984 bild, sowie zwischen Siegfried und Arienchild.
3705 752 6125 1072 starrt mit entsetztem Blick auf den
1003 853 3498 1179 Achtes: Siegfried schenkt seiner Gemahlin
3730 972 4338 1166 Leichnam.
1084 984 3554 1279 Gürtel und Ring, welch beide er Brunchild
3730 1041 6175 1392 Fünfzehntes. Im Dom. Kriemchild vor
1091 1166 3391 1436 als er diese überwand, abgenommen hatte.
3755 1229 6200 1555 Siegfrieds Leiche. Hagen ist zur Bahre ge¬
1084 1367 3598 1611 Nuntes. Vor der Kirche. Viele Helden
3730 1398 6125 1693 treten; das Blut des Todten fließt aus
1110 1498 3567 1824 und Jungfrauen ringsum. Kriemhild und
3724 1561 6206 1906 der offenen Wunge. Die übrigen Personen
1141 1674 3579 2025 Brunhild auf den Stufen des Domes in
4633 1743 5159 1862 beinahe
3730 1724 6125 2056 verschwinden großen Theilien Halb¬
1160 1912 1599 2113 Streit.
3699 1968 4344 2213 dunkel.
1204 1918 3579 2307 Zehntes. Brunchild berät in einsamem Ge¬
3774 2044 6137 2382 Und hier sind wir beim mittleren Bogen¬
1103 2169 3504 2482 mach mit Hagen den Olon, an Siegfried
3768 2163 6194 2558 Fenster angelangt. Zwischen diesem und
1191 2382 2276 2645 Rache zu nehmen.
3774 2382 6306 2696 der Decke ist auch ein Gemälde zu erblicken.
1147 2539 3648 2859 Eilftes. Kremhild bittet Hagen, für Sieg¬
3768 2533 6275 2909 Es stellt Kriemhild in ihrer Trauer über den
4946 2727 5354 2877 gelden
1135 2714 2677 3003 Fried Sorge zu tragen.
3749 2733 6087 3059 unvergeßlichen Gemahl dar. Sie Eitzt
1116 2827 3692 3185 Zwölftes: Siegfried's Abschied von der wei¬
3736 2902 6131 3222 einsam in ihrem Gemach, still und ernst
1135 3090 6181 3454 Drerzehntes. Im Walde nächst einer Quelle zu Boden sehend. Das Bloude tockenhaar fällt
1110 3047 2319 3297 nenden Kriemsild.
3799 3216 6219 3536 aufgelöst über Schultern und Nacken. Die eine
1260 3335 3680 3667 Der kühne Held Siegfried liegt sterbend
3805 3404 6087 3736 Hand stürzt das leidenschwere Haupt, die
1197 3523 3605 3836 am Boden. Gunther hat sich mit düsteren
3749 3567 6031 3905 andre siekt müde an der Seite herab.
1222 3680 3686 4012 Blicke weggewandt, Hagen blickt trotzig
3811 3711 6281 4050 Krumhild denkt ihres früh gestorbenen Helden.
1210 3849 3598 4188 vor sich hin. Die andern Jäger stehen
3799 3924 6143 4256 Gemahls. Und siehe da! Noch einmal er¬
1229 4025 3253 4382 schon zur Erde sehne rings herum.
3799 4056 6331 4438 blicken wir den herrlichen Helden - denn
