7544 4920
1907 365 3114 744 III. Schularbeit
1504 774 3599 1109 Wie ist die italienische Politik
1764 1006 3456 1324 der Ottonen zu beurtheilen?
1446 1378 3807 1678 Der ewig blaue Himmel des Südens, die warme¬
1487 1644 3722 1924 hat stets eine seltsame Anziehungs¬
1487 1791 3718 2139 kraft auf die Bewohner des trübern
1484 1992 3766 2258 Nordens ausgeübt; eine eigentümliche
1484 2170 3821 2545 Schusucht nach den blühenden Gefilden
1494 2354 3797 2688 sener warenen Landstriche zieht den
2108 2572 2456 2702 einer
1480 2596 3824 2872 Menschen  rauheren Gegens in jene
1453 2784 3844 3111 nach den gesagte gesegnetern, schönern
1515 2923 3340 3220 Ländern Aber nicht nur d
1491 3128 3814 3479 in gesegnetere, schönere Länder. – Und
1515 3319 3793 3630 eben diese Sehnsucht, die, wenn sie sich in
1528 3555 3810 3814 dem Herzen eines unbedeutenden, für
1549 3684 3739 4032 sich lebenden Mannes regt auf die
1586 3896 3851 4220 Fortentwicklung des ganzes Volkes¬
1600 4073 3831 4424 weiter keinen Ein fluss ausübt.
1627 4254 3746 4629 sie ergriff auch Mauer, die an
246 4476 406 4656 r 7r
3896 413 6301 692 dem Spitz & eines Staates standen, und
3875 573 6280 877 an denen das Wohl und Wehe eines großen
3879 754 6188 1071 theilen der ganzen Menschheit hing.
3971 914 6226 1259 Ihr Hier genau das persönliche Ge¬
3913 1115 6236 1457 fühl eine weitgehende Bedeutung,
3933 1337 6208 1634 indem es in einem Menschen von
3957 1504 6260 1835 Bediutung entstanden war. Ein
3940 1692 6352 2006 konnte mehr wünschen ist. Denn der
3988 1903 6273 2197 Unter Thau jenes sagenhaft schöne¬
4008 2112 6400 2381 Land nur zu sehen, zu bewohnen wünschte,
3978 2268 6376 2582 so wollte der Kaiser das selbe als
3988 2463 6290 2760 Eigentum besitzen, der Herrscher
3909 2651 6348 2988 erwollte es sein nennen und es beherr¬
3954 2842 6150 3172 sehen. Jahrhunderte hiedurch ließ
4005 2998 6396 3312 diese Idee die Monarchen Deutschland
4042 3251 6509 3524 nicht ruhen; wunderbar lockend erschien
4029 3408 6280 3735 es sie ihnen, und liest sie beinahe
4056 3585 6437 3913 ihre Heimat, ihr Vaterland vergessen.
4100 3773 6352 4076 Seit karl dem Großen, dem zu
4100 3960 6239 4227 Beyin eines neuen Saeculum's
4076 4165 6819 4510 Der Papst die krone aufs Hauptgesetzt,
