7576 4952
3718 507 6096 803 Die Religionen einer vergangnen
1309 543 3609 898 Ewig, unwandelbar dehnt sich der
3734 648 6307 1033 Zeit schwinde hin, Götter verflossene
2803 822 3060 921 um
1230 839 3639 1086 weite Himmelsraumung, er breche
3747 872 6258 1211 Tage sinken in den Staub. Völker
1244 1000 3635 1349 sich hin ohne Saum - ohne Ganze.-
3777 1066 6057 1441 blühen auf, wachsen und welken;
3797 1181 6462 1632 Ideale erstehen und werden gestürzt.-
1253 1207 3556 1527 er ist da, ohne je entstanden zu
1273 1369 3573 1721 sein, und dauert fort, ohne
3820 1457 6287 1750 Bedauernswerter, der die nicht ver¬
1247 1606 3639 1908 se zu vergehen. Und unmitten
3810 1622 6146 2010 schmerzen kauft, wenn du deine
3826 1790 6297 2171 Wege, deine Ziele ändern mußt:
1178 1767 3609 2102 des Immergleichen, Wiewechselnden
3853 1958 6261 2287 Siehst du die nicht, daß es selbst
1158 1944 3560 2194 lebt und webt das Menschen¬
1191 2138 3649 2491 geschlecht, stets hinschwindend und
3820 2168 6314 2504 nationen mit der dasselbe Schick¬
1280 2336 3603 2645 stets wieder aufs neue sich gebä¬
3807 2362 6261 2767 sal theilen? Was glaubst du denn
1240 2540 3619 2856 rend xx in unaufhörlichem Erstehen
3780 2573 6129 2931 immer, daß die kommenden Tage
1194 2718 3556 2968 und Vergehen, in nie rüstender,
3807 2770 6100 3158 schlimmeres bringen, als die ver¬
1260 2908 3678 3224 ruheloser Bewegung. Ein neues
3820 2941 6126 3353 gängern? Was lobst di stets
1250 3096 3682 3408 Geist athmet im selben Weltenreich, -
3856 3149 6139 3547 eine Zeit, die nun einmal
1293 3300 3566 3612 im gleichen Raum wirkt und
3846 3343 6146 3747 auf Nun erwiedersehen dahin ist
1303 3474 3728 3777 schafft ein junges, anders denkendes
3839 3510 6300 3853 und die kein Wunsch, kein Sehnen
1319 3652 3672 4001 Geschlecht; - wegsum dieselbe ruhig
3846 3701 6290 4080 zurückbringen wird? Sinke vertrau
1425 3853 3655 4168 schlummende Unendlichkeit; doch
3820 3859 6274 4221 ensvoll der neuen Zeit in die
3830 4057 6373 4478 Aare und sei gewiß, - auch sie
1329 4057 3665 4320 durch sie wohl ein neuer, veran¬
1204 4244 2244 4590 derter Hauf.
