2904 3464
2376 312 2529 480 125
471 457 2430 670 andere mehr kommen. Er ist ja dieser (lächerlichen,
471 599 2501 781 benteuer müde. (Er fühlt, dass sie seiner nicht mehr
463 732 2339 937 würdig sind) Er hat eseigentlich immer gefühlt.
1337 866 1505 931 der
468 891 2106 1076 Mathilde: Was hat mir das bisher genützt?
962 988 1337 1079 Menn die de
471 1002 2507 1195 Helene: Du musst nur ein wenig klug sein,Kindskopf.
471 1121 2515 1351 Mathilde: (Ich hab gar kein Talent klug zu sein) Was
474 1243 2668 1505 du so nennst, dieses klussein ist inner ein bischen un-
474 1448 897 1556 anständig.
474 1502 2478 1732 Helene: Und)was du anständig nennst, ist vielleicht
471 1692 1468 1840 manchmal etwas zu klug.«
483 1769 2529 1987 Mathilde: Ob auch eine wirkliche Mutter so spräche.
1405 1888 1720 1970 mit de¬
494 1916 2563 2123 Helene: Seine bin ich(und dazu deine Schwester, Ma-
494 2095 812 2206 thilde.
494 2163 2649 2399 Mathilde: Das sind mir zu verwickelte Verwandtschafts-
505 2305 2487 2509 verhiltnisse. Dd reicht mein Kindskopf nicht aus.
488 2424 2467 2637 Holene:Uch Gott, ich wollte ja par, dass Ihr Beide
505 2555 2646 2745 glicklich werdet! Iur seid ia so geschaffen für einen-
500 2705 1908 2907 der und beide fürs Verheiratetsein.
494 2813 2773 3074 Mathilde: Es ist viellgecht eine, die ihn nicht los lisst.
