2856 3464
2102 246 2240 363 159
537 353 1877 491 Inspizient: Hören Sie, Herr doktor?
535 499 1136 621 Karl: Was denn?
535 609 1880 772 Inspizient: Mäuserlstill sein st.
542 731 2593 875 Eine Zeitlang vollkommene Stille, nur das Geraune von
532 890 2476 1005 der Bühne her. pötzlich Gelächter auf der Bühne.
527 997 1688 1141 kart: Was ist denn plötzlicht
527 1120 1407 1253 Man hirt anplaudieren.
537 1243 2350 1419 Eiblein: Das ist doch die Stelle mit dem Witz.
1166 1371 1384 1468 lin we
522 1378 1946 1560 karl: Den die hineingedichtet haben.
527 1509 1292 1675 Eöblein: Sie schen.
1985 1614 2384 1726 in Scheinaten
455 1632 2432 1800 (Karl: Da hätte an Ende xuak der Herr Grimm auch
512 1772 2074 1946 als Aff auftreten können, sill ei mit jula
514 1898 2468 2066 Dregulein: Haben sich schon wieder beruhigt. Heut
519 2031 1233 2182 lacht keiner mehr.
2092 2130 2527 2261 (in der Rell
509 2136 2353 2378 Man härt von der Bühne her franzls Stinne; Ich
512 2322 1430 2463 bring es gleich, Mutter.
512 2419 2519 2560 Jüre auf, Franzl tritt hervor. Füre wieder zu, Pranzl
514 2568 1542 2693 bleibt regungslos stehen.
512 2650 2414 2867 Kerl:(tritt zu ihri biebes Präulsin, ich hebe sie
496 2813 2491 2992 nach dem zweiten Akt leider nicht sprechen können.
501 2972 2463 3199 Ich kann Innen nur sagen, die sind wundervoll. Sie
