2808 3400
598 350 2425 532 Franzi: Nun und was weiter? Was geht dicht
586 473 2359 631 was geht mich das m? Nur du und ich sie
596 643 1196 797 auf der Melt.
610 761 2366 908 Richard: Er wird wieder kommen. In weni
593 875 2477 1045 gen Wochen wird er wieder da sein. Du wirst
605 1038 1158 1165 ihm begegnen.
1435 1090 1806 1187 Un wie¬
605 1168 2194 1307 Franzi: Das ist je Wahnsinn, Richard.
617 1272 2324 1404 Richard: Ich habe schon gedacht mit dir
610 1399 2480 1577 von hier fort zu gehen,irgendwo anders hin,
1671 1508 2546 1657 tricme ondeno leb kent¬
615 1532 1536 1681 in eine andere Stadt.
1785 1581 2274 1683 mai ex lest u
607 1662 2468 1834 Franzi: Die Flucht ergreifen? Ja, was fällt
600 1808 1158 1938 dir nur ein?
619 1905 2137 2099 Pichamd: Nein, das ist nicht Flucht.
612 2064 2288 2243 Franzi: Wie willst du das denn nennen?
607 2203 2392 2350 Richard: Befreiung. Ich fühle ja,dass es
643 2302 2298 2472 kollheit ist. Aber sie ist nun einral
598 2470 766 2593 da.
605 2550 2333 2742 Franzi: Ich traue wir die racht zu dich
607 2728 2390 2858 wieder ganz vernünftig zu machen.O, warum
612 2829 2515 2978 bist du dort gewesen! Warum hast du ki ihn
617 2959 2428 3113 reden lassen? Warum hast du dich mit mir
