<?xml version="1.0" encoding="UTF-8" standalone="yes"?>
<PcGts xmlns="http://schema.primaresearch.org/PAGE/gts/pagecontent/2013-07-15" xmlns:xsi="http://www.w3.org/2001/XMLSchema-instance" xsi:schemaLocation="http://schema.primaresearch.org/PAGE/gts/pagecontent/2013-07-15 http://schema.primaresearch.org/PAGE/gts/pagecontent/2013-07-15/pagecontent.xsd">
    <Metadata>
        <Creator>prov=READ-COOP:name=PyLaia@TranskribusPlatform:version=2.7.0:model_id=50870:lm=none:date=22_01_2024_17:28</Creator>
        <Created>2023-09-27T14:34:27.785+02:00</Created>
        <LastChange>2024-01-22T17:28:31.763+01:00</LastChange>
        <TranskribusMetadata docId="1589032" pageId="60123201" pageNr="129" tsid="145629760" status="IN_PROGRESS" userId="40391" imgUrl="https://files.transkribus.eu/Get?id=TXFVZCBQRHMBMSUAJCYQHCWH&amp;fileType=view" xmlUrl="https://files.transkribus.eu/Get?id=YIWFZASBIIIHSHPJOIRJPMFP" imageId="48548279"/>
    </Metadata>
    <Page imageFilename="1589032_0129.jpg" imageWidth="2920" imageHeight="3496">
        <ReadingOrder>
            <OrderedGroup id="ro_1711793913793" caption="Regions reading order">
                <RegionRefIndexed index="0" regionRef="tr_1"/>
            </OrderedGroup>
        </ReadingOrder>
        <TextRegion orientation="0.0" id="tr_1" custom="readingOrder {index:0;}">
            <Coords points="438,335 438,2977 2680,2977 2680,335"/>
            <TextLine id="tr_1_tl_1" custom="readingOrder {index:0;}">
                <Coords points="2180,420 2221,420 2238,407 2257,423 2296,423 2346,396 2371,398 2371,266 2313,274 2293,263 2249,285 2199,268 2180,271"/>
                <Baseline points="2194,376 2220,378 2246,379 2272,381 2298,380 2324,377 2350,376 2376,376"/>
                <TextEquiv>
                    <Unicode>116</Unicode>
                </TextEquiv>
            </TextLine>
            <TextLine id="tr_1_tl_2" custom="readingOrder {index:1;}">
                <Coords points="420,589 1112,553 1115,456 1051,445 988,479 816,420 658,495 501,465 462,495 423,484"/>
                <Baseline points="438,546 471,546 505,545 539,543 573,546 607,544 641,542 675,540 709,540 743,540 777,540 810,540 844,540 878,538 912,536 946,534 980,534 1014,532 1048,531 1082,533 1116,540"/>
                <TextEquiv>
                    <Unicode>verstehen würden.</Unicode>
                </TextEquiv>
            </TextLine>
            <TextLine id="tr_1_tl_3" custom="readingOrder {index:2;}">
                <Coords points="1696,606 2030,581 2061,600 2091,581 2315,600 2318,509 2285,501 2243,537 2191,509 2144,528 2091,487 1972,523 1928,476 1859,470 1793,503 1751,487 1698,506"/>
                <Baseline points="1710,591 1740,591 1771,589 1801,587 1832,585 1863,583 1893,582 1924,582 1954,582 1985,581 2016,579 2046,577 2077,579 2107,582 2138,582 2169,580 2199,579 2230,579 2260,577 2291,575 2322,573"/>
                <TextEquiv>
                    <Unicode>Alterchortamt</Unicode>
                </TextEquiv>
            </TextLine>
            <TextLine id="tr_1_tl_4" custom="readingOrder {index:3;}">
                <Coords points="988,633 1068,609 1159,631 1184,609 1234,606 1261,622 1314,606 1347,614 1347,534 1320,526 1284,542 1173,542 1154,559 1129,542 988,562"/>
                <Baseline points="1003,603 1028,603 1053,603 1078,603 1103,604 1128,606 1153,606 1179,606 1204,606 1229,605 1254,604 1279,603 1304,603 1329,602 1355,600"/>
                <TextEquiv>
                    <Unicode>Halleti¬</Unicode>
                </TextEquiv>
            </TextLine>
            <TextLine id="tr_1_tl_5" custom="readingOrder {index:4;}">
                <Coords points="432,728 697,739 791,683 968,672 1087,716 1170,678 1828,714 1923,667 2282,639 2620,675 2622,517 2589,509 2423,526 2288,600 1751,609 1582,515 1284,625 777,581 434,606"/>
                <Baseline points="447,674 556,677 665,676 774,675 883,674 992,668 1101,665 1210,662 1319,660 1428,658 1537,656 1646,656 1755,650 1864,650 1973,647 2082,641 2191,640 2300,636 2409,635 2518,632 2627,632"/>
                <TextEquiv>
                    <Unicode>Frick: Mir wollen es vorläutig beim Konjunktir bewenden</Unicode>
                </TextEquiv>
            </TextLine>
            <TextLine id="tr_1_tl_6" custom="readingOrder {index:5;}">
                <Coords points="437,830 1029,813 1126,849 1906,794 2028,824 2166,780 2299,822 2539,769 2498,714 2385,725 2136,650 1698,730 1259,739 1032,697 808,747 440,744"/>
                <Baseline points="453,809 557,809 662,806 766,805 871,803 976,800 1080,797 1185,794 1290,794 1394,790 1499,786 1604,782 1708,782 1813,780 1918,776 2022,773 2127,771 2232,770 2336,770 2441,765 2546,758"/>
                <TextEquiv>
                    <Unicode>lassen. Na und darum keine Feindschaft nicht. (Immer-</Unicode>
                </TextEquiv>
            </TextLine>
            <TextLine id="tr_1_tl_7" custom="readingOrder {index:6;}">
                <Coords points="434,949 586,990 952,976 1059,929 1278,976 1668,913 1790,968 2072,913 2584,921 2614,766 2299,819 2174,777 2011,824 1687,791 1198,863 882,808 434,882"/>
                <Baseline points="450,937 558,934 666,937 775,934 883,930 992,928 1100,925 1208,925 1317,919 1425,919 1534,917 1642,913 1750,911 1859,910 1967,904 2076,901 2184,901 2292,899 2401,898 2509,892 2618,898"/>
                <TextEquiv>
                    <Unicode>hin verspreche ich Ihnen, dass ich nicht zischen werde.</Unicode>
                </TextEquiv>
            </TextLine>
            <TextLine id="tr_1_tl_8" custom="readingOrder {index:7;}">
                <Coords points="454,1073 2169,1073 2360,1029 2669,1068 2672,921 2545,902 2183,954 1950,918 1798,968 1048,979 1001,946 456,999"/>
                <Baseline points="468,1062 578,1068 689,1062 799,1059 910,1059 1021,1056 1131,1055 1242,1053 1352,1049 1463,1048 1574,1047 1684,1042 1795,1042 1905,1041 2016,1035 2127,1033 2237,1035 2348,1029 2458,1027 2569,1022 2680,1021"/>
                <TextEquiv>
                    <Unicode>(er geht mit seiner Frau, Begründung vepher). Sie sollten</Unicode>
                </TextEquiv>
            </TextLine>
            <TextLine id="tr_1_tl_9" custom="readingOrder {index:8;}">
                <Coords points="448,1142 492,1134 545,1154 650,1129 678,1148 703,1134 769,1151 794,1134 860,1151 938,1137 938,1073 448,1073"/>
                <Baseline points="462,1134 487,1132 512,1131 538,1131 563,1131 589,1131 614,1129 640,1128 665,1128 691,1128 716,1128 742,1128 767,1128 793,1128 818,1128 844,1128 869,1126 895,1123 920,1122 946,1122"/>
                <TextEquiv>
                    <Unicode>doch ablegen</Unicode>
                </TextEquiv>
            </TextLine>
            <TextLine id="tr_1_tl_10" custom="readingOrder {index:9;}">
                <Coords points="448,1242 954,1198 1239,1245 1696,1178 2094,1181 2066,1129 1892,1101 451,1142"/>
                <Baseline points="465,1197 546,1197 628,1199 709,1197 791,1193 873,1191 954,1191 1036,1188 1118,1188 1199,1183 1281,1182 1363,1180 1444,1179 1526,1176 1608,1176 1689,1176 1771,1173 1853,1168 1934,1169 2016,1167 2098,1164"/>
                <TextEquiv>
                    <Unicode>khegen, Sie werden sich verkühlen.-</Unicode>
                </TextEquiv>
            </TextLine>
            <TextLine id="tr_1_tl_11" custom="readingOrder {index:10;}">
                <Coords points="434,1350 517,1353 545,1333 584,1353 628,1328 675,1358 877,1331 929,1342 932,1253 902,1264 882,1242 797,1278 747,1250 656,1250 622,1231 545,1278 517,1259 437,1267"/>
                <Baseline points="450,1331 475,1331 501,1330 527,1329 553,1328 578,1328 604,1326 630,1325 656,1325 682,1324 707,1323 733,1322 759,1322 785,1322 811,1322 836,1322 862,1322 888,1322 914,1322 940,1322"/>
                <TextEquiv>
                    <Unicode>Karl-Helene.</Unicode>
                </TextEquiv>
            </TextLine>
            <TextLine id="tr_1_tl_12" custom="readingOrder {index:11;}">
                <Coords points="974,1380 1015,1402 1026,1394 1051,1397 1065,1383 1087,1391 1093,1386 1098,1394 1123,1380 1165,1391 1167,1306 1148,1306 1134,1295 1115,1297 1101,1311 1087,1303 1062,1311 1043,1295 1024,1295 1012,1306 976,1306"/>
                <Baseline points="988,1376 1014,1376 1040,1376 1066,1376 1092,1375 1118,1373 1144,1373 1170,1373"/>
                <TextEquiv>
                    <Unicode>tale</Unicode>
                </TextEquiv>
            </TextLine>
            <TextLine id="tr_1_tl_13" custom="readingOrder {index:12;}">
                <Coords points="426,1499 929,1466 1170,1499 1364,1444 1649,1483 2188,1466 2470,1427 2473,1364 2418,1331 2219,1367 1931,1306 1018,1405 965,1372 426,1408"/>
                <Baseline points="441,1462 548,1459 655,1459 762,1451 870,1450 977,1447 1084,1447 1192,1441 1299,1440 1406,1439 1514,1436 1621,1434 1728,1430 1836,1427 1943,1430 2050,1424 2158,1423 2265,1418 2372,1416 2480,1415"/>
                <TextEquiv>
                    <Unicode>Karl: Ihr Herr Papa ist im Grunde ein interessanter</Unicode>
                </TextEquiv>
            </TextLine>
            <TextLine id="tr_1_tl_14" custom="readingOrder {index:13;}">
                <Coords points="440,1613 553,1643 952,1580 1007,1613 1505,1571 1654,1621 1734,1580 2379,1574 2382,1483 1914,1447 443,1533"/>
                <Baseline points="456,1588 552,1585 649,1585 745,1584 842,1582 939,1580 1035,1577 1132,1576 1228,1570 1325,1570 1422,1566 1518,1564 1615,1565 1711,1561 1808,1564 1905,1558 2001,1558 2098,1555 2194,1552 2291,1549 2388,1552"/>
                <TextEquiv>
                    <Unicode>Mensch. Schade, dass ich ihm nicht sympathisch bin.</Unicode>
                </TextEquiv>
            </TextLine>
            <TextLine id="tr_1_tl_15" custom="readingOrder {index:14;}">
                <Coords points="899,1679 999,1649 1065,1671 1115,1646 1181,1665 1292,1640 1347,1671 1389,1646 1497,1640 1497,1602 1450,1577 1245,1596 1187,1574 1054,1610 902,1593"/>
                <Baseline points="916,1647 945,1647 974,1647 1004,1645 1033,1645 1063,1644 1092,1638 1121,1636 1151,1636 1180,1634 1210,1634 1239,1636 1268,1636 1298,1636 1327,1636 1357,1634 1386,1633 1415,1633 1445,1633 1474,1632 1504,1630"/>
                <TextEquiv>
                    <Unicode>R. wrKutbulin</Unicode>
                </TextEquiv>
            </TextLine>
            <TextLine id="tr_1_tl_16" custom="readingOrder {index:15;}">
                <Coords points="440,1726 2523,1693 2526,1560 2490,1557 2368,1596 1804,1585 1707,1632 1580,1591 1350,1668 1295,1635 938,1676 755,1615 443,1649"/>
                <Baseline points="456,1722 559,1716 663,1715 767,1713 871,1710 974,1712 1078,1705 1182,1701 1286,1701 1389,1701 1493,1696 1597,1692 1701,1691 1804,1689 1908,1689 2012,1686 2116,1681 2219,1677 2323,1680 2427,1677 2531,1677"/>
                <TextEquiv>
                    <Unicode>Helene: Das glaube ich nicht einmal. Er ist jetzt in</Unicode>
                </TextEquiv>
            </TextLine>
            <TextLine id="tr_1_tl_17" custom="readingOrder {index:16;}">
                <Coords points="2061,1751 2221,1734 2243,1748 2277,1737 2313,1757 2357,1729 2420,1737 2420,1690 2404,1685 2349,1698 2246,1682 2219,1704 2174,1687 2138,1698 2119,1685 2094,1701 2061,1693"/>
                <Baseline points="2077,1731 2102,1729 2127,1728 2152,1728 2177,1728 2202,1728 2227,1728 2252,1728 2277,1726 2302,1724 2327,1723 2352,1721 2377,1719 2402,1720 2427,1722"/>
                <TextEquiv>
                    <Unicode>lu tet et po</Unicode>
                </TextEquiv>
            </TextLine>
            <TextLine id="tr_1_tl_18" custom="readingOrder {index:17;}">
                <Coords points="1676,1748 1743,1754 1759,1770 1801,1743 1815,1757 1845,1748 1859,1759 1892,1740 1939,1743 1967,1765 2006,1757 2008,1701 1942,1715 1898,1693 1876,1715 1842,1707 1823,1718 1737,1696 1707,1712 1679,1704"/>
                <Baseline points="1692,1743 1718,1742 1745,1740 1772,1740 1798,1739 1825,1738 1852,1737 1878,1737 1905,1735 1932,1734 1958,1734 1985,1733 2012,1731"/>
                <TextEquiv>
                    <Unicode>k. i 4</Unicode>
                </TextEquiv>
            </TextLine>
            <TextLine id="tr_1_tl_19" custom="readingOrder {index:18;}">
                <Coords points="960,1784 985,1779 999,1795 1043,1795 1068,1781 1093,1795 1156,1795 1159,1723 1142,1723 1120,1743 1109,1737 1101,1746 1093,1737 1073,1740 1065,1729 1032,1740 1015,1740 1001,1726 960,1732"/>
                <Baseline points="976,1776 1003,1775 1030,1773 1057,1771 1085,1770 1112,1770 1139,1771 1167,1773"/>
                <TextEquiv>
                    <Unicode>pee</Unicode>
                </TextEquiv>
            </TextLine>
            <TextLine id="tr_1_tl_20" custom="readingOrder {index:19;}">
                <Coords points="451,1887 741,1900 1272,1831 1369,1889 1444,1848 1726,1895 1812,1840 2008,1823 2454,1837 2456,1751 2011,1784 1696,1746 1646,1779 1458,1732 1380,1781 1311,1751 999,1795 924,1726 454,1726"/>
                <Baseline points="465,1848 564,1845 664,1845 764,1842 864,1842 963,1841 1063,1837 1163,1836 1263,1833 1362,1832 1462,1832 1562,1830 1662,1824 1761,1824 1861,1822 1961,1818 2061,1821 2160,1817 2260,1812 2360,1810 2460,1809"/>
                <TextEquiv>
                    <Unicode>übiek Stimkunte-wegen Richard, (Sie waren ja gestern</Unicode>
                </TextEquiv>
            </TextLine>
            <TextLine id="tr_1_tl_21" custom="readingOrder {index:20;}">
                <Coords points="448,2014 993,2019 1140,1967 1336,2000 2537,1967 2539,1831 2501,1820 2440,1856 1925,1856 1781,1911 1422,1864 916,1931 631,1887 451,1923"/>
                <Baseline points="462,1982 566,1979 670,1978 774,1976 878,1973 982,1970 1086,1970 1190,1967 1294,1964 1398,1962 1502,1958 1606,1955 1710,1955 1814,1952 1918,1952 2022,1949 2126,1944 2230,1943 2334,1940 2438,1938 2543,1940"/>
                <TextEquiv>
                    <Unicode>mit ihm zusammen. Sie behaupten immer mein Freund zu</Unicode>
                </TextEquiv>
            </TextLine>
            <TextLine id="tr_1_tl_22" custom="readingOrder {index:21;}">
                <Coords points="462,2174 705,2180 1104,2102 1333,2136 1402,2097 2550,2102 2553,1972 2481,1945 2277,1994 1884,1959 1643,2014 1071,1981 465,2069"/>
                <Baseline points="477,2116 581,2113 685,2110 789,2107 893,2107 998,2098 1102,2098 1206,2097 1310,2095 1414,2092 1519,2092 1623,2086 1727,2083 1831,2083 1935,2083 2040,2077 2144,2077 2248,2074 2352,2073 2456,2071 2561,2071"/>
                <TextEquiv>
                    <Unicode>sein) Beweisen Sie ss. Was ist es eigentlich mit ihne</Unicode>
                </TextEquiv>
            </TextLine>
            <TextLine id="tr_1_tl_23" custom="readingOrder {index:22;}">
                <Coords points="1588,2152 1715,2174 1787,2147 1950,2163 2050,2130 2141,2136 2130,2077 2086,2100 2014,2083 1909,2111 1853,2083 1743,2108 1726,2091 1701,2108 1591,2100"/>
                <Baseline points="1606,2143 1633,2143 1660,2143 1687,2143 1714,2142 1741,2140 1768,2140 1796,2140 1823,2138 1850,2136 1877,2134 1904,2131 1931,2128 1958,2130 1986,2131 2013,2131 2040,2129 2067,2127 2094,2126 2121,2123 2149,2119"/>
                <TextEquiv>
                    <Unicode>la nois im. ide</Unicode>
                </TextEquiv>
            </TextLine>
            <TextLine id="tr_1_tl_24" custom="readingOrder {index:23;}">
                <Coords points="974,2188 1098,2163 1170,2183 1259,2163 1383,2185 1519,2172 1519,2136 1452,2136 1402,2097 1333,2133 1220,2136 1189,2105 1112,2138 1059,2113 1032,2136 974,2130"/>
                <Baseline points="988,2167 1014,2167 1041,2166 1068,2165 1095,2163 1122,2161 1149,2161 1175,2161 1202,2161 1229,2161 1256,2161 1283,2161 1310,2162 1337,2163 1363,2165 1390,2167 1417,2169 1444,2170 1471,2170 1498,2169 1525,2167"/>
                <TextEquiv>
                    <Unicode>sebi thie Mirt</Unicode>
                </TextEquiv>
            </TextLine>
            <TextLine id="tr_1_tl_25" custom="readingOrder {index:24;}">
                <Coords points="487,2313 1154,2232 1687,2268 1762,2227 2534,2227 2509,2113 2310,2160 2080,2127 1394,2185 490,2169"/>
                <Baseline points="501,2248 602,2242 704,2242 806,2236 908,2236 1010,2233 1111,2230 1213,2228 1315,2228 1417,2224 1519,2223 1620,2219 1722,2218 1824,2218 1926,2215 2028,2213 2129,2206 2231,2206 2333,2205 2435,2201 2537,2203"/>
                <TextEquiv>
                    <Unicode>Karl: Ich schwöre Innen, dass ich es nicht weiss. Er</Unicode>
                </TextEquiv>
            </TextLine>
            <TextLine id="tr_1_tl_26" custom="readingOrder {index:25;}">
                <Coords points="467,2426 672,2387 1201,2418 1516,2362 1577,2396 1925,2354 1970,2393 2537,2354 2539,2238 2437,2266 2371,2219 470,2293"/>
                <Baseline points="483,2373 586,2373 689,2370 792,2370 895,2369 998,2369 1101,2364 1204,2361 1307,2358 1410,2358 1513,2355 1616,2353 1719,2350 1822,2346 1925,2346 2028,2346 2131,2344 2234,2345 2337,2336 2440,2334 2543,2331"/>
                <TextEquiv>
                    <Unicode>ist ziemlich verschlossen, und wir sind sa eigentlich</Unicode>
                </TextEquiv>
            </TextLine>
            <TextLine id="tr_1_tl_27" custom="readingOrder {index:26;}">
                <Coords points="456,2537 705,2545 858,2515 885,2537 927,2515 960,2542 1046,2523 1120,2542 1123,2420 1090,2407 1054,2432 1007,2393 924,2434 880,2404 816,2434 775,2407 534,2440 459,2426"/>
                <Baseline points="474,2513 506,2513 539,2511 572,2508 605,2507 638,2507 671,2505 703,2503 736,2501 769,2501 802,2499 835,2498 868,2498 901,2498 933,2500 966,2500 999,2498 1032,2498 1065,2496 1098,2496 1131,2498"/>
                <TextEquiv>
                    <Unicode>ger nicht intim.</Unicode>
                </TextEquiv>
            </TextLine>
            <TextLine id="tr_1_tl_28" custom="readingOrder {index:27;}">
                <Coords points="1668,2592 1696,2592 1715,2575 1743,2581 1759,2598 1793,2581 1840,2578 1887,2592 1878,2379 1820,2373 1806,2390 1795,2382 1765,2398 1746,2382 1660,2371"/>
                <Baseline points="1680,2510 1706,2508 1733,2507 1759,2507 1786,2508 1812,2510 1839,2512 1865,2513 1892,2513"/>
                <TextEquiv>
                    <Unicode>un</Unicode>
                </TextEquiv>
            </TextLine>
            <TextLine id="tr_1_tl_29" custom="readingOrder {index:28;}">
                <Coords points="1906,2592 2019,2564 2100,2595 2130,2575 2177,2598 2257,2595 2279,2573 2321,2581 2321,2443 2257,2443 2210,2409 2141,2440 2066,2407 2008,2448 1906,2459"/>
                <Baseline points="1922,2513 1947,2513 1972,2513 1998,2513 2023,2512 2048,2511 2074,2511 2099,2513 2125,2510 2150,2507 2175,2509 2201,2510 2226,2510 2251,2509 2277,2507 2302,2510 2328,2513"/>
                <TextEquiv>
                    <Unicode>Se teb p</Unicode>
                </TextEquiv>
            </TextLine>
            <TextLine id="tr_1_tl_30" custom="readingOrder {index:29;}">
                <Coords points="752,2647 835,2647 863,2664 885,2645 921,2658 946,2642 999,2675 1071,2672 1120,2647 1201,2658 1206,2548 1095,2545 1054,2526 985,2545 935,2515 885,2537 858,2512 758,2545"/>
                <Baseline points="770,2609 795,2609 821,2609 847,2609 873,2606 899,2603 924,2605 950,2605 976,2604 1002,2602 1028,2600 1054,2600 1079,2599 1105,2596 1131,2594 1157,2594 1183,2595 1209,2597"/>
                <TextEquiv>
                    <Unicode>Frbechin</Unicode>
                </TextEquiv>
            </TextLine>
            <TextLine id="tr_1_tl_31" custom="readingOrder {index:30;}">
                <Coords points="570,2777 736,2788 769,2761 816,2799 963,2763 1029,2799 1098,2752 1300,2777 1289,2625 1021,2680 891,2642 824,2686 575,2667"/>
                <Baseline points="588,2740 625,2745 663,2746 701,2747 739,2749 777,2749 815,2746 852,2743 890,2741 928,2738 966,2737 1004,2737 1042,2736 1079,2732 1117,2729 1155,2728 1193,2729 1231,2730 1269,2728 1307,2725"/>
                <TextEquiv>
                    <Unicode>Ihsercht inns</Unicode>
                </TextEquiv>
            </TextLine>
            <TextLine id="tr_1_tl_32" custom="readingOrder {index:31;}">
                <Coords points="728,2877 1040,2888 1308,2838 1521,2885 1527,2725 1416,2683 1250,2772 1021,2802 935,2775 808,2794 730,2761"/>
                <Baseline points="743,2857 782,2858 821,2860 860,2860 900,2860 939,2855 978,2852 1017,2849 1057,2845 1096,2841 1135,2839 1174,2839 1214,2839 1253,2839 1292,2837 1331,2838 1371,2840 1410,2842 1449,2842 1488,2842 1528,2842"/>
                <TextEquiv>
                    <Unicode>enur. anteus</Unicode>
                </TextEquiv>
            </TextLine>
            <TextLine id="tr_1_tl_33" custom="readingOrder {index:32;}">
                <Coords points="614,3018 846,3010 885,3037 1018,2988 1148,3018 1237,2988 1292,3001 1297,2860 1184,2846 1087,2899 979,2871 888,2924 617,2899"/>
                <Baseline points="629,2955 662,2956 696,2958 729,2956 763,2955 797,2955 830,2954 864,2947 897,2937 931,2937 965,2936 998,2934 1032,2934 1065,2936 1099,2937 1133,2937 1166,2937 1200,2939 1233,2939 1267,2936 1301,2934"/>
                <TextEquiv>
                    <Unicode>nen t ilet.</Unicode>
                </TextEquiv>
            </TextLine>
            <TextEquiv>
                <Unicode></Unicode>
            </TextEquiv>
        </TextRegion>
    </Page>
</PcGts>
