2840 3400
543 372 2164 558 Richard: Und was wilist du eigentlicht
551 515 2595 686 Ludwig: Ein Telegramm ins Hotel Danteli, das 1
540 642 946 800 sie lobt.
545 770 2457 940 Richard: So bescheiden? Nicht vielleicht auf
525 890 2383 1076 dass sie sehnlichst deine Rückkunft erwar-
525 1014 2243 1193 tet, um wieder deine Geliebte zu werden?
543 1132 2414 1318 Ludnig: Alles nicht nötig. Dass sie lebt ge-
517 1274 2393 1483 nügt. Ich will vor allen die geruhigung ha-
510 1417 698 1560 bon.
515 1522 2419 1708 Richärd: Marun eigentlicht Es bedeutet viel-
515 1680 2419 1827 leicht ein Raffinement mehr zu denken in der
505 1789 2388 1963 Hochzeitsnacht, dass sich indess die einsti-
502 1919 2378 2062 ge Geliebte ungebracht hat in den Arnen ei-
494 2052 1007 2207 nes Andern.
497 2154 2401 2391 Antoinette:seit den Vater erscheint in näch
500 2309 1096 2454 sten Zinner).
507 2437 1659 2633 Richard:(sicht sie zusretl
502 2577 2205 2712 Vaterklumarnt Antoinette,küsstf sie auf
489 2727 1025 2875 die Stirnel.
161 2773 520 2939 Parlim
492 2801 2238 3018 Ludnig: (zu Richard) Also, du bist’'s. (sie
194 2921 370 3028 meg
140 2985 398 3094 Ruh da
484 2967 2398 3160 sohen einander starr in die Augen.Schweigen
173 3066 431 3153 udund
173 3104 489 3234 enelte
