2792 3496
249 249 605 452 2.11.1927.
1005 449 1530 635 vieftes Bild.
405 602 1393 734 Bühner im Probenzustand.
561 709 1311 802 Kuatolenen des S. W.d Morten
411 693 2612 895 Der Vorhang bildst( den Hintergrund (des Bühnenbildes, Der
419 838 2518 1046 Zuschanarraun(aloö, der später sichtbar wird, ist rück-
419 1024 996 1133 wärts gedacht.
928 1059 1240 1183 Bey dert
416 1120 2486 1289 Coulissen, resp. Selterwände der Dekoration rechts und
419 1265 2543 1418 links, eine Zimmertüre rechts;links ist die Dekoration
416 1388 2453 1517 unvollständiger. Dort sieht man auch Bühnenarbeiter
427 1478 2524 1640 u. s.w. Das kleine Regietischchen nahe am Vorhaug. Zum
427 1648 2384 1788 Löblein, der Regisseur, sitzt an diesem Tische. Im
427 1747 2472 1944 Sonehlonrkastdn did Sontklause, das Soslcht also den
1476 1911 1987 2059 1. elol 1 n 1.
433 1924 1224 2072 Publikum zugewandt.
435 2028 2554 2258 Auf der Bühne der schausploler Grosor hin und her ge-
427 2198 646 2346 hend.
460 2264 2497 2434 Man hört hinter der Bühne rufen: "Fräulein Roveda!“
438 2412 1166 2576 nprauletn Rovodair
2324 2538 2549 2680 Binne
433 2549 1552 2718 Löblein: Nun, woran liegt esr
435 2644 2551 2855 Inepbzlentlkonnt von linke, zu Leblelnl Fräulein Rore-
430 2850 1328 3025 da ist noch nicht des.
419 2924 1829 3156 Gregor: (vermelfelt, enpörte beste.)
427 3069 2100 3285 töblein: Polsfonteren Sie noch sinmal hin.
