2840 3480
2154 278 2281 399 67
1481 315 1939 440 Iu hohem s.
673 399 2391 573 reuling: Bin ich. (Nur verzichte ich erf-
614 525 2368 712 stans aufs schreiben und beschränke nich
598 712 1982 833 zweitens nicht auf das Theater.
605 798 2334 979 Gragor: Im Thivater beschränken sie sich
607 938 2357 1074 auf vierte Stallknechte, dritte jakaien-
1252 1052 1540 1145 sunere
605 1072 2430 1246 Dteuling: Undsersten Nagel zu Ihrem Sarg.
616 1184 2247 1346 Gregor: Was Sie sich nicht einbilden.
616 1323 2195 1467 Zwölfter Nagel, bestenfalls zwölfter.
616 1460 2382 1595 Armin: Meine Herren, machen Sie das unter-
620 1583 2423 1757 einander ab. Ich bin gekommenum von Ihnen
625 1690 2179 1857 zu erfahren -(er schält eine Sanatas
614 1884 1713 2051 schnitte mit den Eingernl
625 2083 2350 2247 Richard:(tritt ein), will sich an einen
1204 2245 2309 2384 setzen) Guten Abend, weine
630 2261 1173 2430 andern Fisch
1193 2331 2450 2471 Billandraute.. A U blof zug bei
620 2395 958 2530 Herren.
639 2482 2432 2669 Karl: AxEx Erlauben Sie, dass ich bekannt
636 2576 2439 2792 mache. Dr Richard K., ein Herr aus dem Pu-
970 2724 1424 2804 in dtuclatere
636 2719 2466 2938 blikun. Herr Armin,Chofredakttur der „60w
636 2904 922 3041 1isse
648 2975 2482 3235 Arwin: Herr aus den Publikum kann ich such
