2888 3448
2211 282 2381 440 154
714 445 943 600 lichl
717 566 2658 729 Gregor: (mit Frau von linkel du sollst schweigen.
714 702 2600 868 Fr. Gregor: Ich hab gesehen, dass du sie wirklich
714 836 1237 996 geküsst hast.
697 894 2598 1147 Cregor: Ich lass dich von dem Regisseur von der
700 1098 1327 1247 Bühne schaffen.
702 1210 2270 1397 Fr. Gregor: Gesieh, tüg wenigstens nicht!
707 1368 2508 1516 Gregor: Ja, ich hab sie geküsst, ich hab sie in-
700 1468 2430 1657 die Eipren gebissen, ich hab sie an mich ge-
707 1626 2454 1774 presst, ich habe ihre beidenn Briste gespürt
979 1740 1864 1823 in tet ini in de Kinlen gegeriht
690 1798 1983 1908 aber schau,dass du weiterkommst.
690 1893 1903 2046 Eiblein: estl (näher zu ihnen)
695 2017 2496 2165 Fr. Gregor: Herr Regisseur, da haben Sie wieder
680 2129 2462 2274 einmal eine Meisterarbeit geleistet. Wie ich
1096 2245 1604 2343 ponact- Cesl p
688 2282 2537 2430 das Stück(gelesen hab,hab ich gedacht, man kann
882 2381 1193 2469 wr ute
1876 2391 2549 2510 dobl. M inaus
688 2391 1835 2561 es überhaupt nicht spielen.
2019 2488 2168 2586 mit
688 2515 2641 2690 Inspizient:(gibt Franzi wieder ein Zeichen, thea-
685 2685 2605 2824 terarbeiter öffnet die Füre, Franzi tritt auf die
683 2809 2240 2950 Bühne, Empfangsgeräusch, Türe wieder zu).
673 2940 2532 3103 Garderobiere:(zu Dregulein) Die spernzelt aber
