2808 3384
2294 270 2428 366 139
518 342 2557 572 kinnen Sie nichte vorsplegeln, nie, darauf müssen sie
528 538 1040 644 gefasst sein.
528 659 1251 762 Eichard: Mathilde-
518 785 1249 937 Mathilde: (fragend)
528 896 2503 1066 Richard: Du sagst mir Sie und merkst es gar nicht.
510 1048 2580 1215 Mathilde: Ich spüre heute auch kein du zwischen uns.
533 1192 1831 1272 Fichari: Wie kannst. du das sagen?
507 1275 2503 1470 Mathilde: Ech weiss nicht, wo du bist) Aber du bist
518 1445 927 1548 wo anders.
525 1566 1993 1728 Richard: (matt) Ich bin ganz bei dir.
510 1697 2508 1880 Mathilde: Das Stück erinnert dich an was, an irgend
520 1844 1367 1924 was aus deinem Leben.
525 1952 2475 2104 Eichard: Ich habe alles vergessen. Es gibt kein
520 2091 2379 2184 Stück, das mich an irgend was erinnern könnte-
525 2207 1172 2384 Resenc. bett te
706 2341 2251 2526 Matl. Eiier zu frat. Kalte dich nuf fo gehrt
796 2441 2377 2583 Mienant ee Senen en Ichseit - devellest d
801 2547 1965 2730 z mir Abe ich lin gedetn dazu¬
2003 2567 2472 2748 (zu reit
353 2663 855 2917 Zrecler teherten
919 2670 1748 2925 CheMitte . Mith.
989 2881 1980 3033 gets von echtwh us
1092 2966 2202 3167 v tnt sind auf Re. Snd
