2840 3464
635 366 1549 606 (Es läytet draussenl.
628 541 1895 697 Franzi: (ihre jugen leuchten)
628 661 2434 823 Baronin: Jetzt willich aber nicht weiter
628 777 1554 960 stören. (will gehen)
640 911 2352 1085 Dienstmäichen: (tritt ein) Es war zurdie
633 1041 2511 1188 Zeitung (Soll ich nicht ein bisl nachlegen?)
633 1140 2537 1347 Baronin: Bringen Sie für alle Fälle noch ei-
623 1306 1397 1465 nen Küoel herein.
628 1426 2119 1566 Stubenmädchen: (ab) mit dem Kübel).
620 1534 2318 1724 Baronin: Ja, damals, im infang,bei jedem
628 1671 2523 1847 Läuten hab ich mir eingebildet, er könnte es
633 1809 2547 1960 sein, auch nach vonaten noch, wie er gar nicht
1352 1926 1893 2001 tet uit antun
633 1943 2484 2112 mehr am Leben war,Nein, Fräulein, nur keiner
630 2076 1436 2237 Spieler heiraten.
633 2186 2564 2342 Franzi: Man muss ja überhäupt nicht heiraten
1869 2297 2006 2367 Ma
625 2340 2540 2494 Baronin: Das kommt drauf an.Ich hätt's auch
2419 2422 2638 2499 wie ich
1328 2436 2294 2530 Mureit hell in elle stonvenhuse i
1715 2465 2633 2621 r die jungen Män-me-
623 2487 1705 2612 besser treffen-können.Ab
933 2569 1388 2660 man wisrler
633 2636 2499 2747 ner wissen ja nicht, wo sie das wahre Glück
625 2730 1008 2879 finden..
616 2855 1395 3018 Franzi:(schweigt)
