2824 3560
245 172 386 303 56.
412 217 2292 467 daf it eine viel geliehtte er enn¬
308 423 2393 652 Io Cnlniht gernck. Ich veelein ih nicht
321 582 2226 796 d ich het et gelebt., Besle Aber. ich bii
290 723 1477 900 ih bur wehnet.
347 874 2443 1096 B. bo der mncstine uf di und se
1843 994 2106 1174 Od
407 1054 1652 1188 wel vel lieb et meit
423 1169 1733 1375 zu wnrlen wengetz
720 1253 2323 1566 sweih richt im Iit wilrt habe
480 1496 2391 1780 Richen, er wan ert ich beeil nich Noch
540 1670 2469 1937 seit nach. Ich rach wie sih ich de Act
2062 1858 2216 2010 ic
462 1882 2018 2078 + doh iten Alle beit - dich ich
499 2012 1824 2258 ei Eart. nicht wribell4
483 2216 2472 2448 R. Uer. jeszt fetlt o wilel Eetwas
496 2414 2169 2628 Fass, - i1 aurch unteei wir
613 2550 1456 2798 u. Hahertit
535 2722 2380 3015 Fiag. Win -al turf nicht. Ies ben
1349 2928 2265 3182 noch nicht led inan
