2824 3416
2258 249 2392 380 90
634 405 2370 551 gesprochen.Niemand wäre überraschte als sie,
632 519 2070 683 wenn sie eine Ahnung hätte, dass ich-
627 585 2331 846 Srektor: Wie konnen Sie senn auf die Tdoer
627 771 2314 949 Fräulein Sner hat einige unbeträchtliche
632 927 2563 1093 Kollen gespielt(in denen sie weder def Regisseur,
654 1044 2480 1212 noch dem Publikum, noch der Kritik aufgefallen.
632 1171 2578 1354 ist f Für die Emmi Werner in Ihrer Komödie reicht
632 1329 2548 1488 sie eoen aus/ (Sie hat ein panr hübsche Augen, das
632 1478 1054 1605 ist alles.
632 1556 2570 1732 Karl: Sie hat mehr, Herr Direktor, sie hat Echtheit
663 1695 2514 1888 und Herz. Das ist auch in dieser kleinen Kolle
632 1829 2446 2007 zu bemerken. Glauben Sie mir, Herr Direktor, es
637 1985 1505 2117 wäre den Versuch wert.
1163 2061 1478 2163 de in he
637 2092 2600 2229 Direktor: Ein Versuchf, bei dem Ihr ganzes Stück
1432 2200 2300 2346 ine, Mürticeis Mahr)
624 2268 1456 2370 kaput gehen könnte.
2127 2292 2273 2383 Ferl
632 2327 2546 2553 Kerl:(So meit sind wir noch nicht) Ich würde E-
637 2468 2407 2629 xen vorschlagen, dass wir heute von Fräulein
637 2578 2597 2768 Finder die Rolle einfach lesen lassen. Dann mögen
637 2717 2478 2919 sie selbst entschelden. Sie darf natürlich ger
632 2883 2436 3014 nicht wissen, dass sie für die Darstellung der
871 2987 1154 3068 guller
632 2992 2400 3183 Fenny (in Betracht käne. Der murt inbefange ceg
