2936 3496
554 398 2462 672 all den den, monit. Sie mir so meh tun wollen, höre
562 575 1827 754 ich nur ein tiefes Leid heraus-
575 678 2547 881 Roveda: (auf der Brücke) Ich bitte um meine sofor-
580 894 1221 1023 tige Entlassung.
585 891 2539 1134 direktor: Schreiben Sie Ihr Gesuch,Fräu Roveda, es
596 1083 1661 1294 wird nichts im Wege stehen.
583 1189 2499 1400 Roveda:(wieder zurück auf die Rühne, fassungsles,
630 1308 2605 1563 ninnt das Buch des Rogisseugs und heut es auf den
606 1460 2618 1687 Boden tstürzt von der Brücke in den Zuschauerraun
622 1613 2101 1830 rückwärts, bleibt aber wieder stehenl.
630 1740 2423 1922 Direktor: Bitte fortzufahren,Fräulein Binder.
646 1840 2700 2104 Trenzl: Der ich werde dieses beld von Ihnen nehmen.
641 1975 2570 2201 Ich werde es, ich kann es)denn ich liebe sie. Ich
654 2088 2721 2317 wahe ja kein Recht von Ihnen irgend etwas zu fordern
659 2214 2681 2481 Ichwage nicht an der Echtheit Ihrer Liebe zu zwei-
672 2359 2631 2576 feln mit der Frage, ob ich nicht auch einen Irrtum
672 2549 1608 2721 in Ihrem Leben bedeute.
683 2623 2810 2895 Tranaturg:(konnt mit der Korrektur des Phesterzettels
683 2773 2723 3019 Direktor: Jamohl, die Preniere findet Sanstag statt.
1779 2855 2378 2968 kut bder nein
701 2884 2758 3116 mlles in Ordnung. Nur diese Korrektur. (er korriglert
712 3045 2697 3235 im Tetiel) Fanny Theren, Fräulein Franziska Binder.
