2856 3448
2082 250 2252 397 179
489 345 2422 593 Liblein:(zu Kerll Sie müssen noch einmal heraus!
500 538 2043 675 Vielleicht erholt sie sich unterdessen.
495 631 2453 793 Richard:(kommt auf die Bühne von links) tek weiss
502 817 1997 917 noch nicht was geschehen, irrt herum)-
510 927 2337 1072 Gregor: Zum Teufel hinein, man soll sie von der
497 1028 2507 1234 Bühne fortschaffen. Wir müssen noch einmal heraus.
505 1226 1556 1316 Dr. Boyer: (rasch von links)
508 1316 1981 1507 Dregulein: (ihm entgegen) Herr Doktor!
508 1450 1582 1584 Dr. Boyer: Was ist denn los?
510 1551 2445 1772 Eine Schausnieibrinfdrin neben Franzl) sie rührt
508 1752 961 1829 sich nicht.
1837 1705 1976 1847 N
523 1816 2520 1966 Ezblein: Also, alle heraus! Fräulein Mayer, Fräulein
510 2004 917 2092 Windisch!
515 2064 1966 2275 Gregor: Herr Doktor, konnen Sie doch!
528 2203 2398 2339 (Doktor Boyer ist indess auf die Bühne.Direktor
513 2383 1404 2476 kommt rasch von links)
513 2476 2453 2630 Direktor: (zu Liblein) Was ist das für eine Wirt-
520 2610 2594 2813 schaftz Marun fü plötzlich der Zutschensktsvorhangt
518 2733 2362 2893 Die Leute werden meinen, es konnt noch ein Akt.
523 2849 2476 3071 Liblein: Fräulein Franzi ist ohnnächtig geworden.
510 2994 1301 3179 Direktor: Wiez Masz
