2824 3432
573 398 2291 597 unser verehpter Freund anständige Damen
661 549 1452 707 jawohl es gibt-ein
1538 549 2238 707 ganze Rehe hoch-
556 673 1239 827 achlbarer Damen
568 781 2377 956 Armin: kommen wir zur Sache, meine Herren.
549 923 2411 1097 Also die Reveda hat die solle hingeschmis-
566 1052 2487 1224 sen. Sie sprachen früher von einer möglichen
558 1174 2449 1351 Umbesetzung. So weit ich ihr Theater konne,
558 1292 2473 1478 gibt es keine. ohne die Rovoda könnt ihr zu
549 1435 2360 1617 sperren. Ja, das sage ich, obwohl sie meine
549 1570 2406 1747 Frau war, obwohl sie unter allen Euern Men-
544 1675 2322 1886 schern die ärgste Kanaille ist. Aber ein
542 1816 2236 1986 Genie. Sie wird sie auch betrügen,Herr
542 1979 913 2121 Dichter.
537 2078 2358 2260 Karl: (ruhig) Es ist mir völlig unfassbar,
544 2221 2401 2391 wie Sie mich mit Fräulein Rovoda in irgend
549 2358 2396 2526 einen Zusarmenhang bringen können. (Es wird
539 2502 987 2650 getrunken)
539 2605 2334 2794 Armin: Was segen Sie, meine Herreywie vor-
527 2753 1129 2916 nehm das ist.
554 2856 2272 3062 (ie Geseltschaft nuss grässer seinllt
