2792 3416
2142 184 2305 320 188.
468 368 2433 537 het das Zimmer nicht aufgegeben und eines schönen
481 527 2311 688 Abends, keine vier Wochen nach der Hochzeit, war
481 635 2362 791 sie auch wieder da. Wenn man einen Mann wirklich
481 763 2541 939 gern hat. Also vergessen Sie mich nicht, Herr Doktor.
1197 865 1978 962 Iu du wim eine ramnt
476 921 2433 1062 Und fir alle Fälle, wenn Herr Doktor mich sprechen
478 1026 2469 1190 wollen, am besten bitte Vormiltag zwischen zehn und
478 1192 652 1325 elf.
519 1282 2349 1469 Richard: (noch einmal den Blick ringsum) Adieu,
481 1443 1453 1604 ligte Frau Baronin. (ab)
486 1566 1328 1714 Marie: (komnt herein)
486 1673 2523 1876 Baronin: Jetzt machen S' aber geschwind das Fenster
491 1853 627 1991 zu.
512 1919 2513 2111 Marie: (beim Fenster) Ueberhaupt schon wie im Früh-
496 2093 704 2249 ling.
502 2231 1707 2382 Baronin: (ordnet einigermassen)
496 2318 2433 2490 Marie: Kinnen Sich erinnern, Frau Baronin, vor dreil
509 2479 2377 2612 Jahren, wie wir an die zwei Parteien vermietet
496 2582 2477 2771 gehabt haben und wie der kleine Schwarze, ein Ungar
486 2728 2446 2863 war es, mit der Seinigen gekommen ist - er hat die
486 2853 2418 3030 Tage verwechselt, stalt amxkag Sonntag ist er am
