2840 3464
174 220 376 413 7.11.
543 451 2121 620 ellner: sbringt frmin einen Zettell.
526 618 2434 758 Armin: Was ist das? Ich habe noch nicht an
504 714 2222 929 Ende soupiart. Und ausserden zahlt Herr
502 859 820 1025 Gregor.
502 967 2444 1127 Kellner:(auf den Zettel deutend) Das ist von
511 1170 1054 1271 vorigen Mal.
497 1247 2169 1423 Armin: Gott haben sieg ein Gedächtnis.
526 1365 2386 1539 (nimmt den Zettel und gibt ihn Gregor) Es.
511 1520 2282 1667 geht in einen. (zum Kellner) Bringen Sie
511 1624 2415 1800 mir ein Stück Torte, überhaupt Backwerk, auch
521 1742 2393 1978 für die anderen Herren. Und Cognac. Hennenz
516 1891 1308 2075 siek, drei eteme.
514 1949 2268 2261 Proeor:leühselig lschentlsie rutaieren
511 2164 767 2343 nich.
524 2277 2217 2499 Armin: Allerdings hätte ich Sie in der
524 2456 760 2574 Hand.
526 2533 1136 2704 Breuling: Häf
531 2630 2224 2832 Arnin: Sie lachen. Ich habe schon mehr
536 2801 2275 2963 Exisinzen verichtet als Sie ahnen. Ich
545 2902 2480 3170 könnte ihnen von einer jungen Depe erzählen,
