2920 3512
250 1974 441 2104 16
261 2064 490 2200 begaln
2232 321 2407 457 120
476 444 2537 672 Karl: Einunddreissig. Es gibt grosse Dichter, die in
1288 561 2009 648 undte brminet
474 637 2039 741 diesem Alter schon lang begraben waren.
915 711 1503 806 cessirueler dec
474 708 2521 898 Helene: Würden Sie um den Preis ein grosser Dichter
1887 819 2412 1007 Wir ub rlhet
487 885 996 1013 sein wollen?
904 977 1067 1054 nen
504 958 2486 1179 Karl: Absolut nicht. Daran liegt's wohl. Nein, den
501 1127 1702 1323 heöligen Ernst habe ich nicht.
515 1241 1857 1421 Helene: Ueberhäupt wenig Heiliges.
1519 1339 1922 1437 mur suum
506 1369 2649 1574 Karl: Mag sein. Mber nun muss ich wirklich gehen.(Uhrl
1364 1470 1715 1634 ohn. Entel
509 1525 1198 1666 Eine Vexabredung.
495 1604 2646 1840 Holens: o, ich habe nicht gefragt. (Uobrigens mette ich,
2197 1715 2360 1800 hern
512 1764 2461 1957 dass Sie(zur Roveda gehen.- Um mind! U.Buhmi
1876 1870 2080 1941 te die
1402 1873 1748 1955 1. Fel 1or
520 1889 2706 2099 Karl: Sie haben gewonnen. Aber ich versichere Sie - bit
520 2028 2246 2213 be sohon die. (gibt ihr eine Kerts zu lesen)
512 2162 2039 2298 Helene: (liest) Verehrter Herr Doktor-
528 2295 2083 2423 Karl: abei bin ich nicht einmal einer:
536 2399 2608 2573 Helens:(weiterlesend) Darf ich Sie bitten nich heute
534 2510 2644 2695 Nachmittag fünf in einer wichtigen künstlerischen An-
566 2665 2516 2829 gelegenheit - zweinal unterstrichen - zu besuchens
539 2744 2687 2889 und handelt sich nicht etwa un Ihr Srünkk neues Stück
547 2821 2592 2981 Es ist dringend. Dreinal unterstrichen Zrintere
547 2948 2189 3093 AraxxnexenStürker Mit aller Nochächtugg
803 3071 1007 3242 n. 6.
