2872 3480
174 2577 377 2698 In 11
150 2653 414 2788 1 hes
203 2827 353 2967 gnt
1320 374 1810 572 (kaul fest
401 432 1120 590 Dreuling: 16,36.
540 519 2105 704 Ti kliine Suhilen. (der die Firmell prolt¬
416 653 2395 883 AnMin:(kennt mit einer verkonnenen Pleganz ge-
422 804 2234 1004 kleidet. Junges Gesicht, fast ergraut, rau-
414 949 2372 1112 chend) Guten abend, meine Herren. Ah,da treff
411 1030 2316 1254 ich Sie gleich beisamren. Höchst erwüngcht.
432 1199 2321 1370 regor: Guten Abend, »oktor. Furchbbar nett,
427 1325 2237 1502 dass Sie sich wieder einmal sehen lagsen.
1497 1426 1721 1526 A. M.
432 1462 2306 1631 Dreuling: Und couragiert.)Wie lange ist es
2029 1560 2403 1668 A. bideti
422 1573 2506 1752 her seit dem letzten Hinauswurf? C h.sh- Rld.
448 1723 2564 1908 Armin; Das lebt auch noch? - Herr kartHerr Bul
435 1831 2348 2034 Botz, wenn ich nicht irre? (stellt sich vor)
1686 2021 2274 2132 (Siemun atlan
435 1976 1349 2158 chefredakteur Armin.
451 2103 2314 2266 nreuling: Chefredakteur der „Coulisse".ken
435 2234 1873 2424 nen sie das Blättohen überhäupt?
2105 2292 2364 2429 Ansler
453 2356 2361 2559 Arwin: Blättehen geben sie gut. 25000/. beht
466 2506 1787 2664 ins Ausland. Bis nach Cahada.
1194 2588 1966 2704 Wie telle den Ihu Sei
472 2611 2445 2859 Dreuling: Da müssen Sie ein schweres Leben h
458 2719 2435 2951 ben. (zu Karl/ Er ist nänljeh nicht nur chef-
456 2917 1847 3078 redakteur, er ist auch Austräger
1397 2959 2137 3080 itercteciiuntin
469 3025 2437 3241 Arwin: Sie würden andere reden, dreuling, wein
