<?xml version="1.0" encoding="UTF-8" standalone="yes"?>
<PcGts xmlns="http://schema.primaresearch.org/PAGE/gts/pagecontent/2013-07-15" xmlns:xsi="http://www.w3.org/2001/XMLSchema-instance" xsi:schemaLocation="http://schema.primaresearch.org/PAGE/gts/pagecontent/2013-07-15 http://schema.primaresearch.org/PAGE/gts/pagecontent/2013-07-15/pagecontent.xsd">
    <Metadata>
        <Creator>prov=READ-COOP:name=PyLaia@TranskribusPlatform:version=2.7.0:model_id=50870:lm=none:date=22_01_2024_17:28</Creator>
        <Created>2023-09-27T14:34:24.541+02:00</Created>
        <LastChange>2024-01-22T17:28:25.842+01:00</LastChange>
        <TranskribusMetadata docId="1589032" pageId="60123058" pageNr="95" tsid="145629723" status="IN_PROGRESS" userId="40391" imgUrl="https://files.transkribus.eu/Get?id=GIGVPGKWDISMOLNOMJCEXSAE&amp;fileType=view" xmlUrl="https://files.transkribus.eu/Get?id=DBJVCRBORZTLGSAMKFAXTNPC" imageId="48548136"/>
    </Metadata>
    <Page imageFilename="1589032_0095.jpg" imageWidth="2792" imageHeight="3464">
        <ReadingOrder>
            <OrderedGroup id="ro_1711793869596" caption="Regions reading order">
                <RegionRefIndexed index="0" regionRef="tr_1"/>
                <RegionRefIndexed index="1" regionRef="tr_2"/>
            </OrderedGroup>
        </ReadingOrder>
        <TextRegion orientation="0.0" id="tr_1" custom="readingOrder {index:0;}">
            <Coords points="176,1651 176,2003 456,2003 456,1651"/>
            <TextLine id="tr_1_tl_1" custom="readingOrder {index:0;}">
                <Coords points="173,1758 252,1720 343,1722 366,1707 417,1732 445,1727 463,1600 361,1605 313,1628 275,1595 196,1595"/>
                <Baseline points="191,1726 217,1722 244,1719 270,1717 297,1714 323,1711 350,1705 376,1700 403,1692 429,1690 456,1690"/>
                <TextEquiv>
                    <Unicode>hl.</Unicode>
                </TextEquiv>
            </TextLine>
            <TextLine id="tr_1_tl_2" custom="readingOrder {index:1;}">
                <Coords points="160,1870 183,1870 219,1839 249,1832 265,1847 308,1834 328,1819 354,1832 361,1783 310,1788 300,1776 293,1781 287,1773 259,1768 209,1791 170,1788"/>
                <Baseline points="179,1836 205,1830 231,1826 257,1823 283,1820 309,1818 335,1815 361,1812"/>
                <TextEquiv>
                    <Unicode>11e</Unicode>
                </TextEquiv>
            </TextLine>
            <TextLine id="tr_1_tl_3" custom="readingOrder {index:2;}">
                <Coords points="183,1903 242,1908 254,1921 303,1895 318,1908 348,1900 376,1926 397,1918 412,1903 440,1900 438,1798 389,1806 371,1798 331,1832 315,1826 272,1847 247,1832 181,1859"/>
                <Baseline points="194,1899 219,1897 244,1897 269,1899 295,1897 320,1895 345,1900 371,1905 396,1902 421,1899 447,1899"/>
                <TextEquiv>
                    <Unicode></Unicode>
                </TextEquiv>
            </TextLine>
            <TextLine id="tr_1_tl_4" custom="readingOrder {index:3;}">
                <Coords points="170,2043 214,2053 244,2043 272,2058 326,2007 356,1994 404,2015 432,2002 425,1918 379,1926 343,1898 318,1908 303,1895 270,1923 211,1915 198,1903 181,1918 158,1915"/>
                <Baseline points="176,1967 201,1967 227,1967 253,1965 279,1968 305,1975 331,1981 357,1984 383,1983 409,1981 435,1979"/>
                <TextEquiv>
                    <Unicode>Misipel</Unicode>
                </TextEquiv>
            </TextLine>
            <TextEquiv>
                <Unicode></Unicode>
            </TextEquiv>
        </TextRegion>
        <TextRegion orientation="0.0" id="tr_2" custom="readingOrder {index:1;}">
            <Coords points="537,539 537,3239 2642,3239 2642,539"/>
            <TextLine id="tr_2_tl_1" custom="readingOrder {index:0;}">
                <Coords points="524,656 572,674 783,618 992,644 1099,613 1165,649 1262,631 1262,521 1137,488 913,537 796,509 679,537 598,504 524,514"/>
                <Baseline points="537,597 573,597 610,597 646,597 683,597 720,595 756,594 793,593 829,591 866,591 903,591 939,593 976,593 1012,591 1049,591 1086,591 1122,591 1159,591 1195,591 1232,592 1269,594"/>
                <TextEquiv>
                    <Unicode>wo ist der Dienerz</Unicode>
                </TextEquiv>
            </TextLine>
            <TextLine id="tr_2_tl_2" custom="readingOrder {index:1;}">
                <Coords points="532,776 644,806 967,733 1002,763 1239,720 1641,733 1641,641 1458,664 1300,623 1010,679 908,626 730,679 532,664"/>
                <Baseline points="546,731 601,728 656,728 711,725 766,725 821,725 876,723 931,722 986,719 1041,719 1097,719 1152,719 1207,719 1262,718 1317,716 1372,716 1427,716 1482,713 1537,713 1592,715 1648,716"/>
                <TextEquiv>
                    <Unicode>Löblein: Was. für ein Diener?</Unicode>
                </TextEquiv>
            </TextLine>
            <TextLine id="tr_2_tl_3" custom="readingOrder {index:2;}">
                <Coords points="527,900 738,923 1384,850 1575,895 1684,847 2488,880 2488,730 2137,771 1669,733 1562,799 1140,740 964,811 771,763 687,804 529,789"/>
                <Baseline points="543,860 640,860 738,855 835,854 933,854 1030,851 1128,851 1225,851 1323,851 1420,848 1518,847 1615,845 1713,845 1810,842 1908,842 2005,839 2103,842 2200,836 2298,836 2395,836 2493,833"/>
                <TextEquiv>
                    <Unicode>Dögelmann: Der mir die Türe öffnet, mir Winterrock</Unicode>
                </TextEquiv>
            </TextLine>
            <TextLine id="tr_2_tl_4" custom="readingOrder {index:3;}">
                <Coords points="527,995 697,987 794,1023 890,995 956,1020 977,1000 1007,1028 1058,1010 1124,1038 1190,1028 1190,931 1104,885 936,928 908,913 870,941 707,906 527,951"/>
                <Baseline points="540,988 572,986 605,985 638,985 671,985 704,985 737,985 769,985 802,982 835,982 868,983 901,985 934,983 967,982 999,982 1032,982 1065,982 1098,982 1131,983 1164,985 1197,988"/>
                <TextEquiv>
                    <Unicode>und Hut abnimmt.</Unicode>
                </TextEquiv>
            </TextLine>
            <TextLine id="tr_2_tl_5" custom="readingOrder {index:4;}">
                <Coords points="527,1162 766,1188 900,1122 1259,1107 1585,1173 1806,1107 2004,1145 2004,1038 1801,1012 1567,1056 1185,1020 1035,1071 527,1040"/>
                <Baseline points="540,1122 613,1116 687,1116 760,1116 834,1116 908,1113 981,1110 1055,1111 1128,1110 1202,1107 1276,1105 1349,1106 1423,1107 1496,1106 1570,1101 1644,1104 1717,1106 1791,1104 1864,1103 1938,1101 2012,1107"/>
                <TextEquiv>
                    <Unicode>Löblein: Sie haben draussen abgelegt.</Unicode>
                </TextEquiv>
            </TextLine>
            <TextLine id="tr_2_tl_6" custom="readingOrder {index:5;}">
                <Coords points="2292,1178 2315,1175 2338,1160 2343,1165 2363,1162 2381,1173 2414,1170 2429,1178 2432,1079 2399,1073 2391,1081 2338,1068 2320,1086 2294,1089"/>
                <Baseline points="2308,1152 2334,1150 2360,1149 2386,1149 2412,1149 2439,1149"/>
                <TextEquiv>
                    <Unicode>d de</Unicode>
                </TextEquiv>
            </TextLine>
            <TextLine id="tr_2_tl_7" custom="readingOrder {index:6;}">
                <Coords points="544,1310 1254,1318 1557,1249 1999,1236 2241,1280 2414,1249 2417,1173 1974,1140 1870,1183 1610,1183 1511,1137 1361,1193 1096,1155 880,1201 544,1178"/>
                <Baseline points="558,1251 651,1251 744,1248 837,1246 930,1245 1023,1245 1116,1242 1210,1242 1303,1239 1396,1239 1489,1239 1582,1236 1675,1233 1768,1235 1862,1233 1955,1231 2048,1230 2141,1227 2234,1227 2327,1227 2421,1224"/>
                <TextEquiv>
                    <Unicode>Oogelmenn: ferdon, ss ver(so errangiert, dass min</Unicode>
                </TextEquiv>
            </TextLine>
            <TextLine id="tr_2_tl_8" custom="readingOrder {index:7;}">
                <Coords points="532,1386 959,1389 1048,1430 1307,1386 1414,1435 1582,1379 2249,1399 2475,1381 2478,1292 1849,1272 1498,1330 1307,1292 532,1325"/>
                <Baseline points="546,1382 642,1379 739,1382 836,1379 933,1379 1029,1373 1126,1373 1223,1373 1320,1370 1416,1370 1513,1368 1610,1365 1707,1367 1803,1361 1900,1361 1997,1360 2094,1358 2190,1356 2287,1357 2384,1355 2481,1367"/>
                <TextEquiv>
                    <Unicode>sieht, wie ich dem Diener den Winterrock übergebe,</Unicode>
                </TextEquiv>
            </TextLine>
            <TextLine id="tr_2_tl_9" custom="readingOrder {index:8;}">
                <Coords points="534,1549 666,1534 700,1547 761,1516 783,1531 852,1514 911,1534 964,1511 997,1524 997,1463 918,1460 906,1442 728,1452 702,1432 666,1455 633,1424 600,1445 534,1447"/>
                <Baseline points="549,1505 574,1506 599,1508 624,1508 649,1509 675,1512 700,1513 725,1509 750,1508 776,1508 801,1508 826,1508 851,1508 876,1507 902,1506 927,1505 952,1505 977,1504 1003,1502"/>
                <TextEquiv>
                    <Unicode>Hut, Stock-</Unicode>
                </TextEquiv>
            </TextLine>
            <TextLine id="tr_2_tl_10" custom="readingOrder {index:9;}">
                <Coords points="544,1702 1168,1664 1244,1697 1318,1656 1514,1699 1809,1656 1933,1689 2185,1646 2307,1692 2406,1646 2584,1671 2587,1554 2325,1531 2241,1564 2020,1519 1915,1557 1852,1514 1679,1580 1216,1580 1147,1544 1007,1587 806,1529 702,1597 547,1554"/>
                <Baseline points="558,1642 659,1639 761,1642 863,1641 964,1635 1066,1633 1168,1630 1269,1630 1371,1627 1473,1627 1575,1627 1676,1625 1778,1624 1880,1624 1981,1618 2083,1618 2185,1618 2286,1617 2388,1615 2490,1615 2592,1621"/>
                <TextEquiv>
                    <Unicode>Greuzlhg: (der den Diener spielt, erscheint plötzlich</Unicode>
                </TextEquiv>
            </TextLine>
            <TextLine id="tr_2_tl_11" custom="readingOrder {index:10;}">
                <Coords points="1717,1768 1964,1768 2116,1725 2315,1748 2358,1725 2478,1768 2480,1666 2419,1646 2307,1689 2223,1659 2170,1692 2111,1648 1959,1661 1905,1702 1811,1661 1720,1671"/>
                <Baseline points="1734,1752 1771,1734 1809,1732 1846,1732 1884,1732 1922,1732 1959,1731 1997,1729 2035,1729 2072,1727 2110,1726 2148,1726 2185,1726 2223,1726 2261,1723 2298,1718 2336,1719 2374,1720 2411,1720 2449,1721 2487,1729"/>
                <TextEquiv>
                    <Unicode>Grepe Erltive- ut de</Unicode>
                </TextEquiv>
            </TextLine>
            <TextLine id="tr_2_tl_12" custom="readingOrder {index:11;}">
                <Coords points="542,1819 1295,1837 1699,1798 1699,1717 1631,1684 1330,1722 883,1679 542,1704"/>
                <Baseline points="555,1773 612,1770 670,1770 727,1769 785,1768 842,1770 900,1767 957,1767 1015,1769 1072,1767 1130,1767 1187,1766 1245,1762 1302,1761 1360,1763 1417,1761 1475,1758 1532,1758 1590,1758 1647,1762 1705,1752"/>
                <TextEquiv>
                    <Unicode>boi der Füre, grüsst privat)</Unicode>
                </TextEquiv>
            </TextLine>
            <TextLine id="tr_2_tl_13" custom="readingOrder {index:12;}">
                <Coords points="1900,1809 2030,1837 2063,1806 2188,1791 2244,1814 2287,1786 2513,1786 2635,1832 2638,1704 2498,1720 2401,1770 2338,1735 2264,1727 2228,1760 2193,1727 2119,1725 1903,1765"/>
                <Baseline points="1914,1788 1950,1790 1986,1791 2023,1790 2059,1788 2096,1788 2132,1788 2168,1788 2205,1790 2241,1788 2278,1782 2314,1785 2350,1785 2387,1788 2423,1790 2460,1787 2496,1785 2532,1785 2569,1785 2605,1788 2642,1788"/>
                <TextEquiv>
                    <Unicode>nicht meyluch i t sat hos</Unicode>
                </TextEquiv>
            </TextLine>
            <TextLine id="tr_2_tl_14" custom="readingOrder {index:13;}">
                <Coords points="537,1951 791,1987 923,1910 2450,1903 2450,1804 2294,1786 2017,1837 1834,1783 1669,1839 1033,1811 707,1852 539,1814"/>
                <Baseline points="552,1899 647,1899 742,1899 837,1900 933,1899 1028,1893 1123,1896 1218,1893 1314,1890 1409,1890 1504,1890 1599,1890 1695,1887 1790,1884 1885,1883 1980,1878 2076,1878 2171,1878 2266,1875 2361,1875 2457,1872"/>
                <TextEquiv>
                    <Unicode>Löblein; Das hält doch alles auf. Der Diener hat</Unicode>
                </TextEquiv>
            </TextLine>
            <TextLine id="tr_2_tl_15" custom="readingOrder {index:14;}">
                <Coords points="544,2030 707,2086 1882,2022 2445,2055 2567,2012 2569,1938 2269,1949 2198,1905 1748,1900 1603,1969 1323,1976 646,1982 547,1943"/>
                <Baseline points="558,2015 658,2028 759,2031 860,2030 961,2024 1062,2024 1162,2024 1263,2022 1364,2024 1465,2020 1566,2016 1666,2018 1767,2015 1868,2014 1969,2010 2070,2009 2170,2006 2271,2007 2372,2006 2473,2003 2574,2006"/>
                <TextEquiv>
                    <Unicode>Sie ja schon früher gemeldet. Indess hat Fedor hier</Unicode>
                </TextEquiv>
            </TextLine>
            <TextLine id="tr_2_tl_16" custom="readingOrder {index:15;}">
                <Coords points="539,2188 794,2167 878,2211 1292,2160 1549,2198 2373,2142 2503,2175 2577,2157 2579,2032 2231,2091 2094,2040 1796,2091 1463,2096 1407,2053 852,2114 539,2086"/>
                <Baseline points="552,2167 653,2165 755,2162 856,2163 958,2163 1059,2162 1161,2155 1262,2153 1364,2153 1465,2150 1567,2149 1669,2147 1770,2144 1872,2144 1973,2139 2075,2141 2176,2138 2278,2137 2379,2138 2481,2138 2583,2135"/>
                <TextEquiv>
                    <Unicode>mit Fanny gesprochen, in der Zwischenzeit hatten sie</Unicode>
                </TextEquiv>
            </TextLine>
            <TextLine id="tr_2_tl_17" custom="readingOrder {index:16;}">
                <Coords points="2017,2223 2216,2218 2254,2236 2328,2213 2539,2251 2539,2177 2513,2170 2424,2175 2366,2149 2256,2175 2017,2157"/>
                <Baseline points="2030,2215 2055,2215 2081,2215 2107,2215 2132,2215 2158,2215 2184,2215 2209,2215 2235,2213 2261,2212 2287,2212 2312,2213 2338,2215 2364,2216 2389,2218 2415,2220 2441,2222 2466,2223 2492,2223 2518,2221 2544,2218"/>
                <TextEquiv>
                    <Unicode>lie iellus nthrem</Unicode>
                </TextEquiv>
            </TextLine>
            <TextLine id="tr_2_tl_18" custom="readingOrder {index:17;}">
                <Coords points="1954,2322 1989,2333 2017,2320 2045,2343 2195,2317 2228,2338 2297,2307 2366,2300 2366,2228 2317,2218 2261,2233 2216,2218 2172,2241 2144,2221 2058,2216 1956,2238"/>
                <Baseline points="1970,2275 1995,2271 2020,2270 2045,2271 2070,2272 2095,2272 2120,2271 2145,2269 2170,2269 2195,2269 2220,2269 2245,2268 2270,2267 2295,2266 2320,2266 2345,2266 2371,2266"/>
                <TextEquiv>
                    <Unicode>Mnartaerire</Unicode>
                </TextEquiv>
            </TextLine>
            <TextLine id="tr_2_tl_19" custom="readingOrder {index:18;}">
                <Coords points="542,2315 682,2348 1033,2312 1101,2348 1170,2310 1519,2310 1689,2345 1692,2198 1486,2236 1211,2238 1056,2185 908,2244 542,2226"/>
                <Baseline points="555,2293 612,2294 669,2293 726,2290 783,2288 841,2290 898,2287 955,2287 1012,2289 1069,2290 1127,2290 1184,2290 1241,2288 1298,2287 1355,2287 1413,2287 1470,2287 1527,2285 1584,2286 1641,2284 1699,2287"/>
                <TextEquiv>
                    <Unicode>im Vorzimmer längst abgelegt.</Unicode>
                </TextEquiv>
            </TextLine>
            <TextLine id="tr_2_tl_20" custom="readingOrder {index:19;}">
                <Coords points="544,2478 1702,2485 1913,2419 2546,2470 2546,2358 2404,2330 1511,2371 1063,2371 936,2322 730,2376 544,2348"/>
                <Baseline points="558,2424 657,2424 757,2424 857,2423 957,2421 1056,2419 1156,2418 1256,2418 1356,2414 1455,2415 1555,2412 1655,2409 1755,2411 1854,2408 1954,2406 2054,2403 2154,2403 2253,2402 2353,2401 2453,2397 2553,2397"/>
                <TextEquiv>
                    <Unicode>Gregor: (wieder in seiner Kolle) Das ist schön, dass</Unicode>
                </TextEquiv>
            </TextLine>
            <TextLine id="tr_2_tl_21" custom="readingOrder {index:20;}">
                <Coords points="539,2597 682,2567 799,2618 951,2559 1409,2595 1486,2551 1954,2546 2208,2607 2546,2587 2549,2467 2411,2488 2246,2445 1720,2495 1636,2462 542,2478"/>
                <Baseline points="552,2556 652,2554 752,2553 852,2553 952,2552 1053,2550 1153,2548 1253,2547 1353,2547 1453,2546 1554,2542 1654,2538 1754,2541 1854,2540 1954,2538 2055,2538 2155,2535 2255,2534 2355,2530 2455,2530 2556,2529"/>
                <TextEquiv>
                    <Unicode>du dich wieder einmal blicken lässt. (Da Dögelmann</Unicode>
                </TextEquiv>
            </TextLine>
            <TextLine id="tr_2_tl_22" custom="readingOrder {index:21;}">
                <Coords points="544,2747 2498,2666 2498,2577 906,2640 733,2597 547,2635"/>
                <Baseline points="558,2687 655,2687 752,2687 850,2687 947,2687 1044,2684 1142,2684 1239,2679 1336,2678 1434,2675 1531,2675 1628,2675 1726,2673 1823,2669 1920,2669 2018,2669 2115,2666 2212,2665 2310,2663 2407,2661 2505,2660"/>
                <TextEquiv>
                    <Unicode>nicht resgiert; schrefentd) Das lst schön, das ist</Unicode>
                </TextEquiv>
            </TextLine>
            <TextLine id="tr_2_tl_23" custom="readingOrder {index:22;}">
                <Coords points="549,2864 1145,2818 1290,2852 1651,2821 1727,2862 1938,2803 2406,2834 2409,2704 2373,2691 2322,2727 1524,2709 781,2778 552,2750"/>
                <Baseline points="564,2824 656,2819 749,2818 841,2818 934,2815 1026,2815 1119,2813 1211,2810 1304,2812 1396,2809 1489,2807 1582,2806 1674,2802 1767,2802 1859,2802 1952,2799 2044,2798 2137,2798 2229,2798 2322,2795 2415,2795"/>
                <TextEquiv>
                    <Unicode>schön, dass da dich wieder einmal blicken lässt.</Unicode>
                </TextEquiv>
            </TextLine>
            <TextLine id="tr_2_tl_24" custom="readingOrder {index:23;}">
                <Coords points="547,3007 2531,2948 2531,2864 2394,2834 1651,2882 1414,2836 1325,2885 549,2864"/>
                <Baseline points="564,2956 662,2953 761,2950 860,2948 958,2947 1057,2941 1156,2941 1254,2943 1353,2943 1452,2939 1551,2938 1649,2935 1748,2933 1847,2934 1945,2933 2044,2932 2143,2929 2241,2928 2340,2924 2439,2926 2538,2935"/>
                <TextEquiv>
                    <Unicode>vögelmenn: (tritt ein, in der Kollel Sa, mein Lieber,</Unicode>
                </TextEquiv>
            </TextLine>
            <TextLine id="tr_2_tl_25" custom="readingOrder {index:24;}">
                <Coords points="544,3121 1676,3073 1804,3119 1887,3075 2063,3103 2116,3070 2315,3116 2315,3002 2198,2966 1982,3012 1880,2981 990,3025 817,2994 720,3035 544,3007"/>
                <Baseline points="558,3084 646,3081 734,3079 822,3078 910,3075 998,3074 1086,3073 1174,3074 1262,3072 1350,3072 1439,3071 1527,3069 1615,3066 1703,3063 1791,3063 1879,3066 1967,3060 2055,3062 2143,3057 2231,3060 2320,3066"/>
                <TextEquiv>
                    <Unicode>wenn man Bräutigam ist. Ah, welch ein Parfüm.</Unicode>
                </TextEquiv>
            </TextLine>
            <TextLine id="tr_2_tl_26" custom="readingOrder {index:25;}">
                <Coords points="542,3253 771,3294 913,3228 1224,3210 1666,3276 1842,3236 1951,3284 2160,3289 2236,3246 2373,3297 2460,3279 2460,3114 2414,3098 2284,3152 1989,3098 1898,3136 1854,3098 1742,3131 1407,3083 1035,3157 542,3119"/>
                <Baseline points="555,3213 650,3210 746,3210 841,3210 937,3207 1032,3207 1128,3207 1223,3206 1319,3207 1414,3205 1510,3202 1606,3201 1701,3204 1797,3201 1892,3204 1988,3203 2083,3201 2179,3201 2274,3203 2370,3201 2466,3201"/>
                <TextEquiv>
                    <Unicode>Lobleln: aber Herr Dögelmann, schnuppern die doch</Unicode>
                </TextEquiv>
            </TextLine>
            <TextEquiv>
                <Unicode></Unicode>
            </TextEquiv>
        </TextRegion>
    </Page>
</PcGts>
