2840 3384
701 238 1218 422 Kimerde hnt.
539 365 2505 561 Marte an der Bühnentür, begleite sie nach kar-
1476 517 1686 642 wle
556 559 2392 770 Eichard: Du bist vollkommen - Ich habe sie
552 708 2439 882 seit sechs Monaten nicht gesehen. In welcher
544 863 2388 1020 Eigenschaft, unter welchem Vorwand soll ich
544 990 2429 1130 plötzlich - sie weiss vermutlich gar nicht,
539 1125 1853 1270 dass du heute geheiratet hast.
534 1238 2432 1392 Ludwig: Sie weiss. Wenn sie es nicht weiss,
542 1358 1851 1498 so fühlt sie, so wie ich fühle
539 1483 1115 1642 Richard: Nas2
1598 1522 2106 1662 ein pteinmm
520 1618 2307 1782 Ludwig: (ungehemmt) dass der Zusammenhang
529 1760 2429 1880 weiterbesteht, dass eine ledenschaft wie die
527 1890 2243 2059 unsero hie enden kann, ihre so nenie wie
517 2012 802 2113 meine;
534 2111 2297 2243 Richard: Du gehst auf die Hochzeitsreise:
529 2272 2365 2422 Ludwig: Aber ich komme wieder. Und wenn sie
517 2370 2341 2564 ein Dutzend Liebhaber gehabt hat, ich hole
517 2530 1213 2623 sie mir zurück.
1584 2554 2285 2689 bes avsels tant
515 2652 2238 2802 Richard: Du bist in Begriff eine kleine
520 2780 1449 2939 Schürkerei zu begehen.
520 2841 2441 3084 lutrie: In der liobo geltensdieso begriefe
500 3042 880 3184 nicht.
954 3000 1677 3211 tig uarel ver
