2888 3448
323 228 554 481 1198.
2246 349 2406 510 160
471 393 2194 603 machen mir geradezu mein Stück sympathisch.
484 567 2544 727 Franzi: Sie sind sehr freundlich zu mir, Herr Doktor,
486 704 1133 859 ich danke Ihnen.
476 823 1617 986 Karl: (von rechts nach linksl
468 965 2031 1123 Mili: Fräulein Franzi - küss die Hand.
489 1087 2474 1255 Franzi: Was machen Sie denn noch daz Warum schauen
484 1247 2479 1387 Sie sich den dritten Akt nicht lieber von oben an?
479 1379 2538 1527 Mili: Ich geh gleich wieder hinauf zu der Frau Mama.
479 1493 1571 1648 Die hat eine Erangd Freud-
481 1620 1853 1788 Franzi: Ich lass sieschön grüssen.
481 1749 2549 1912 Mili: Wissen Fräulein Franzi schon, dass ein wunder-
489 1886 2246 2039 schönes Buket in die Garderobe gekommen ist?
486 2018 1672 2148 Franzi: Von wem denn?) ( B
468 2117 2453 2329 Mil1: Die Frau Wenzel bringt gleich das Brieferl
476 2246 655 2417 m1t.
476 2370 2487 2567 Franzl: Wo bleibt sie denn? Ich muss gleich wieder
492 2541 903 2670 auftreten.
489 2637 2572 2831 Karl: (wieder herüber) Eine tote Stelle, So lange Sie
484 2807 2538 2963 nicht auf der Bühne stehen ist das Stück überhaupt
489 2924 657 3097 606.
