2872 3496
478 405 1138 616 Franzi-Richard.
483 559 1897 728 Franzi: Die redet ein bisl viel.
1583 587 2479 751 Kront wers mohl kyrn
478 694 1331 847 Richard:(nickt.) Je.
1448 707 2310 865 -leur hebus keine en
1642 806 1843 946 Mirtig
483 821 1055 982 Franzi: Na -2
486 860 2578 1117 Kichard: (nach unmerkliche Zögern, umarmt sig (lan
2274 990 2534 1065 rmen
483 1034 2448 1245 dann geht er zur Ofen) Martest du schon lang?
481 1143 2253 1344 Franzi: Nicht sohr.: 2/ls mit aut fat
483 1286 2560 1502 Richard: (Ich warein wenig aufgehalten./ Mujet
2365 1346 2653 1473 der Prol.
470 1411 2295 1645 Franzi: Wie werden wir das nur(wieder) ma-
483 1559 2388 1759 chen, wenn das neue Stück dran konnk? Da hab
868 1705 1058 1775 sun
483 1668 2427 1884 ich noch im letzten Akt zu tundln jedem Akt/
504 1819 2360 1993 Immer nur ein paar Worte und vor zehn komn.
502 1967 1393 2131 ich doch nicht fort.
504 2087 1557 2269 Richard: (sitzt am Ofenl.
509 2201 2386 2393 Franzi: (zu ihm,setzt sich auf seinn Schoss,
1679 2305 2617 2471 (bratertmnlit wart der
512 2365 1627 2521 Vielleicht fallt s durch.
494 2453 2513 2674 Richard: Du kannst (aber doch)nicht drauf rech.
502 2583 2417 2762 neu, dass du auch weitem in inrer nur Rollen
496 2734 2365 2892 haben wirst, die mit dem ersten Akt zu Ende
515 2879 728 3004 sind.
512 2942 1193 3194 Kranzi: leider.
