2824 3448
1228 403 2400 580 ist unschuldig, Ihre Herven
401 423 1140 595 Dreuline: Der Aus
403 523 2283 732 versagen. Das kommt vor. Man muss eben wis-
416 662 1955 842 sen, was man sich noch zumuten darf.
413 789 2378 981 Gregor: Eine Karambolpartie mit Ihnen ist al-
416 886 2323 1118 lerdings eine Zumutung: Ueberhaupt der Ver-
413 1036 2363 1235 kehr mit lhnen. (Der Wiveauunterschied ist zu
1803 1150 2079 1250 Sie ubertig
421 1185 1775 1360 gross. DDer Weid frisst-sie auf.
426 1295 2328 1494 Dreuling: Ech bin garf nicht neidisch. aber
418 1427 2191 1619 Sie nuten sich überhaupt zu viel zu.) Man-
1848 1472 2420 1614 bei gebrindende I
416 1571 2383 1728 darf nicht Raubbau mit sich treiben(mit soi-
408 1673 2276 1875 nem Talent, mit seiner Kraft// Nienand hätte
421 1823 2363 1997 Ihnen einen Vorwurf daraus gemacht, wenn Sie
408 1950 2373 2159 die Rolle dem Direktor einfach zurückgegeben.
418 2089 752 2276 hätten.
433 2224 1374 2408 Grogor: Melche Rolle?
433 2336 2418 2522 preuling: In dem neuen stück selbstverständ-
443 2470 2440 2657 lich. Wenn sie einfach gesagt hätten, dazu, ver
451 2605 2430 2786 ehrter Herr Direktor, bin ich doch nicht mehr
473 2734 1803 2948 jung genug. (er splelt wiederl.
2468 1526 2602 1604 secot
