2808 3448
2112 360 2275 506 151
472 398 1359 521 Bühne gesprochen wird.
539 478 2319 687 or Inoptzlent steht links zienlich vorn lalse
472 659 2482 784 rückwärts in Hinsicht auf die Residenztheaterbühne)
470 799 2518 909 das Regiebuch in der Hand. Jetzt gibt er zwei Schau-
1384 932 2372 1037 Frack, ein Zeichen; diese
462 935 1205 1039 spielern, Herren im
470 1055 2352 1182 Schauspieler setzen sich in Positur,er gibt ein
475 1203 2298 1318 zweites Zeichen,ein Theaterarbeiter öffnet die
478 1318 2508 1433 Seitentiire, die beiden Herren im Frack treten durch
475 1410 2495 1568 diese fire auf die Bühne. Man hört nun das sprechen
472 1545 2232 1696 auf dar Bühne etwas leuter für einen Moment.
470 1698 2462 1880 Der Inspizient geht pun rasch von rechts nach vor
467 1849 2459 1961 an dem Prospekt vorbei,begegnet eben Dregulein,der
475 1933 2510 2079 von rechts kommt. Er geht auf den Lchenspitzen nach
472 2074 2439 2224 linke. Der Inspizient verschwindet eine Weile für
457 2191 2319 2334 dad Publikun, konnt aber bald wieder. Dregulein
465 2334 1785 2482 langsam nach Tinke, zum Regisseur.
1926 2457 2298 2656 Gier ju.
455 2462 1772 2646 Dregulsin: fassen fabelhaft suf.1
455 2618 2472 2807 Löblein: (wär's nur schan vorüber. (Ich zittere für
465 2743 1121 2942 densaritiof axt.
1578 2830 2551 2998 Efar, die links auf ihren
470 2868 1548 3013 Eine Garderobiere steht bei
636 2990 1070 3162 den Mop
