2840 3448
536 419 2384 609 Karlstritt einl: Guten Abend, meine Herren.
528 564 2084 731 Bitte, lassen sie sich nicht stören.
538 703 2392 876 Cregor: (Ganz im Gegenteil/ Ich habe genue.
553 825 1363 1021 (legt den Queu hinl
543 988 1386 1140 Dreuling: 39 zu 15.
533 1097 2478 1277 Gregor: Sie kommen eben zurecht, Herr Doktor.
538 1196 2351 1358 Karl: Ich bin nicht Doktor. Ich bin ganz
2166 1307 2381 1373 cet es
1292 1318 2054 1409 inder et de int preselte
531 1361 2516 1493 einfach Dichter. (zum Kellner) Einen Absinth.
536 1462 2485 1676 Dreuling: (bs inth das ist auch nicht von Ih-
538 1589 1556 1759 nen, das ist von lusset.
543 1706 2437 1945 Karl: (Donnerwetter/woher haben sie die Bil-
541 1853 1216 2001 dung7, Dreuling?
559 1947 2600 2133 Gregor: Hören Sie nal, Herr Bery, ich nohwe denh
541 2117 1704 2300 an, sie sind ein Ehrenmann.
556 2252 1538 2407 Karl: Gemagte innahme.
559 2374 2287 2524 Cregor: Menn wan Sie ads Gowissen etwds
553 2501 2193 2653 fragt, sprochen Sie doch die Mahrheit?
559 2633 1346 2795 Karl: Nicht inm r.
553 2734 2521 2930 Grogor: Diesmel werden sie es tun. Ihre Pre-
553 2879 2546 3072 wiere steht auf dem spiel, zum mindesten mein
546 3011 2120 3242 Mitwickung. Klipp und klar, Meister.
