2920 3528
621 436 2451 661 trährend der groben ist doch so viel Gele-
574 656 940 788 genheit.
1204 696 2232 815 Aus da sefet. tu f de centoracht
576 696 2479 933 Karl:(Da wirg freilichst meistens probiert)
603 830 2494 1045 Jodenfallsskann ich sid zurthrar Beschwieh
576 983 2499 1177 tigung ihrels Neddes) versichern, dass ich bis-
581 1102 2387 1297 her nicht einmal mit der kleinsten Episo-
589 1232 2439 1431 distin nähere Beziehungen angeknüpft habe.
1683 1349 1983 1434 11 ret 1.
594 1362 2444 1546 sidon: Da müssen Sie's aber, verzeihen sie,
608 1504 1815 1673 recht ungeschickt anfangen.
611 1601 2377 1828 Rakl: Vielleicht. Mer es sind noch drei
603 1761 2466 1925 Tage bis zur Première und ich will mir die
606 1910 1324 2067 Sache überlegen.
618 1960 2504 2172 sidon: Menn ich ein Dichter wärs - nm janng¬
611 2122 2374 2327 Karl: Konmerzlalräte haben auch chansen.
1107 2287 1249 2377 sub
658 2252 2516 2439 sidon: len habe die Neicht der Euug Kore-
628 2389 2631 2591 da anlässlich der Previdre Blunen zu schicken,
621 2521 2564 2698 ich gewundere sie seit langer Zeit,als Kunst
623 2678 1486 2858 lorin und als reib.
626 2783 2464 2975 Barl: das lässt sich auch schwer trennen,
643 2930 2229 3180 so wenig wie Konnerzialrat und Menn.
