2840 3416
2264 205 2418 405 103
544 429 2685 653 Ffanzi: Guten Tag, vielmehr guten Abend. (küsst flüchtig
547 621 997 725 die Mutter)
547 752 2090 875 Mutler: Heut ist es aber spät geworden.
563 843 2562 1019 ranzi: Guten Morgen, Fräulein Milly. (rasch Hut und
555 1024 997 1122 Jacke fort)
576 1112 2656 1237 Mutter: (bringt auf den Tisch vom Ofen her das Essen)
555 1256 2626 1418 Franzi: (die Arbeit der Milly betrachtend) Wird ganz
552 1394 2010 1573 gut. Ja wirklich, hübsch. Drei Reihen?
549 1493 1672 1714 Milly: Vier, Tröulein Franzi.
563 1618 2656 1826 Franzi: Und am End werd' ich's gar nicht brauchen kön-
557 1810 733 1904 nen.
579 1882 2469 2093 utter: (hat eben den Teller niedergestellt) Was?
555 2042 2181 2189 Haben s’ dir die Rolle wieder abgenommen?
568 2146 1754 2325 Franzi: Ich spiel eine andere.
549 2272 2322 2488 Mutter: Jetzt im letzten Moment kriegst du-
573 2434 2581 2616 ranzi: Bis Sanstag ist noch Zeit,wird schon gehen.
555 2592 1373 2712 Die Fanny spiel ich.
549 2682 2466 2880 Mutter: Fanny oder Emmy, wird kein grosser Unter-
563 2856 1066 2997 schied sein.
555 2880 2560 3146 Frenzl: Es schon ein Unterschied, Mutter. Die Kann.
555 3064 2448 3223 das ist nämlich die Hauptrolle.Ja, was sagst du
