2872 3448
2158 192 2337 411 173
502 348 1146 485 (Andere Schauspi
1545 371 1928 545 anzi hin.1
487 497 2516 671 Inspizient: (in der Mitteltür) Was ist da geschehen?
492 644 1267 755 (Steigende Erregung.
469 772 2390 931 Läblein: (Was machen wir?) Her Dichter soll allein
474 906 2443 1078 herauskommen. (zum Inspizienten) Nicht den grossen-
474 1032 2193 1199 Vorhang! (ruft hinaus) Den Zwischenvorhang
467 1151 2456 1317 hinunter, grossen hinauf! Herr Doktorl, Herr Doktor!
472 1300 1822 1476 Sie müssen heraus. Von der Seite.
469 1418 997 1534 Karl: Alleinz
459 1532 2332 1746 droguloin: (zum Ansäger) Den Doktor Boger rufen!
469 1686 1070 1825 aber geschwind!
454 1769 1779 1989 Ansager: Eo ist ja schon wer soge
449 1936 1721 2097 Karl: Ja, was ist denn geschehen:
459 2069 1459 2239 Liblein: Kommen sie. komm
449 2198 904 2287 die Bühne).
452 2324 2092 2524 Kerl: ltritt vor, Applaus verstärkt sich, er
442 2471 669 2557 rück)
485 2582 2221 2774 (1das ist natürlich von Publikun aus vorlänt
439 2723 1083 2819 nicht zu sehen))
442 2857 2390 3036 Progaloin: (wieder auf die Bührel Friutein Franzl!
