2792 3368
2317 355 2529 511 steht
1987 374 2273 509 die Für
415 385 1943 563 (In dem Augenblick öffnet Helene wieder
412 522 662 649 starr)
410 596 2265 767 Roveda: (bemerki sie) Ja, Fräulein, das komnt vor.
415 750 2029 913 Helene: (verschwindet wieder in ihre Logel
401 860 1957 1067 Karl: (geht auch in die Loge von Helenel
410 1042 1267 1187 Roveda:(in die ihrel-
418 1127 2444 1262 Der dritte Akt hat angefangen,die Bühne eine Weile
407 1286 2183 1383 leer. Richard kommt mit dem Logenschllesser).
2314 1297 2622 1457 Iit Trer
410 1418 2251 1583 Richard: Also, ich kann mich darauf verlassen.-
418 1512 2449 1657 Logenschliesser: Verlassen,gnädiger Herr. Ich gebte
418 1679 2383 1814 das Brieferl der Garderobiere. Sie ist meine Frau
423 1800 2056 1946 richard: Da haben Sie auch für Ihre Frau.
423 1899 2628 2040 Logenschliesser: Ist ja nicht notwendig. (nimt und geht
418 2180 2603 2378 Richard: (will in seine Loge, plötzlich erscheint Ludwig.
418 2339 2259 2430 Schwarz,Ueberzieher,hinaufgeschlagener Kragen)
418 2468 1440 2622 Richard: Wie, du bist hier?
1009 2548 1281 2631 we e nut
415 2587 1644 2738 Ludwig: Ja, incognito natürlich.
429 2702 2548 2823 Eichard: Heute Früh hat man deinen - Vater begraben?
2051 2795 2617 2914 direbt tietirtg
1152 2815 1605 2900 bere dici in
421 2806 2411 3037 Ludwig:/Ich habs Eine n verstockten Platz auf der
1888 2977 2224 3153 lnto
