2872 3432
568 408 829 534 sin
1916 421 2373 566 der nicht s
1287 447 1871 584 Kleinbürgerlich
476 495 1216 589 wohnung von Bransi.
2244 503 2576 666 ertöhter
1702 521 2208 676 Tisch. Bras
476 550 1542 639 redezu Ermlich. In der Witt
471 653 2471 763 Irker gegen den Hintergrund, in dem die Nhmaschine
492 766 2602 903 stort. Techts vorn ein alter Schreibtisch mit süchern,
566 926 2434 1037 rierer etc. In der linken Ecke ein bescheidener
484 997 2581 1155 Lachelofen mit Nische. Bilder sto., zum Feil Familien-
503 1166 2344 1321 ortrts: der verstorbene Vater von Franzl. ste.
487 1302 2500 1416 Links eine Fir in das Uebenzimmer, rechts der Kaupt-
497 1429 2339 1547 eingang, ins Vorzimmer führend. (W. de 4ri).
534 1539 2600 1731 ie Mutter von Franzisnlcht altq, agar etwas verhärmte
550 1673 2523 1850 rau, mit messgerättigkeit gekleidet, bei der Näh-
492 1823 2447 1984 masohine beschäftigt. Die Hausschneiderin Milly,
497 1910 2487 2116 nicht mehr ganz jung, aber mit dubitionen, an Pisch,
1045 2058 1216 2144 ein
495 2087 2402 2226 nänt Volants an helles Fleid. Später Nachmittag.
508 2208 2118 2323 Eine Weile nur Klasern der Nähmaschine.
503 2329 2373 2484 Mutier: Sehn s' denn noch genug,Fräulein Millye
505 2492 1818 2647 Milly: Aber genug, Frau inanzrat.
510 2618 1910 2742 Mutter: Das ewige Schneien heuer.-
510 2718 2123 2894 Milly: Ja davon wird's sa früh dunkel.-
513 2844 2626 3042 Mutier: (nach einer Pause)-Die Probe heut nimmt wie-
503 3026 1055 3134 der kein End“
