2856 3480
1567 382 1993 524 se mehe wen
529 455 2417 646 neun Uhr zehn. Zeitgenues. Nur noch unkleiden.
923 573 1398 661 Ae Reinem Ma
531 578 2341 781 Maxer: Die Sachen liegen in meinen Zibmer
536 744 1215 896 für dich bereit
913 759 1932 891 Cit. tit iider drreb gebartt.
539 847 2427 1019 Ludwig: Na also, fin meiner Wohnung habe ich
1682 962 2635 1058 Ich bitteiger wollt it auh twert
531 1002 2248 1171 ja nichts mehr zu tun./Es ist wohl auch
512 1117 1986 1273 nicht mehrcherstelefoniert worden?
2047 1122 2564 1315 Artmerten an
517 1249 2285 1418 Mayer: Es wird dich wohl kein Paticnt an
2182 1335 2576 1445 Vieleren
526 1366 2013 1550 deinem Hochzeitstag holen lassen?
2086 1403 2635 1570 arzoger selibt
524 1481 2432 1658 Ludwig: Hoffentlich.- (sinnt nach),plötzlicht
681 1606 1290 1697 Ich wollte die anhalb
522 1643 1690 1817 Sag einmal, lieber -Vater:
526 1770 2130 1949 Mayer: Dass du dich nur endlisch ent-
526 1890 1802 2062 schliesst mir Vator zu sagen.
529 2032 2419 2192 Ludwig: Weisst du, wenn man seit zehn Jahren
997 2126 1668 2216 gelegenteit ptibt 1.
504 2172 2204 2339 nicht mhrVater gesagt hat und Mutter
1579 2277 1741 2341 wa
512 2260 2476 2459 auch nicht- --- also farfkst so gut sein,
1024 2388 1731 2459 lei en dem feit ite
514 2424 2365 2586 lieber Vater,gelegentlich nachzuschauen-in
1687 2520 2395 2620 opusicnabit weil
1357 2525 1548 2610 nie de
512 2574 1895 2721 meiner Wohnung wagen Adaptierung
1920 2601 2603 2740 reit genu puat sut
512 2679 2268 2855 Maxor: Aber natürlich, ich habe nichts an
509 2789 2319 2973 dores zu tun. In dem Haus da-(Blick
522 2926 2233 3083 in der Runde, jorial) Na schön ist es ja
502 3063 2204 3245 nicht, Ludenig, dass du wirhmit den Mädel.
492 3193 1036 3338 davonfährst.
