2824 3480
2167 251 2295 408 66
467 327 2258 566 Karl: Das tut sie jeden Rag.dann hebt si
482 531 1154 684 sie wieder auf.
1365 514 2502 632 dit tecum de Corc. Vor pta sehe co
1806 615 2177 676 ninme
482 622 2384 807 Armin: Verlassen sie sich nicht darauf) Man
485 758 2298 945 hat schon erlebt, dass sie an Tag der Pre-
482 895 2322 1082 miere einen Sselbstwordversuch gemacht hat.
482 1041 2300 1228 Preulins: Bein zweiten Mal wirkt so etwas
490 1188 770 1341 nicht.
846 1196 2017 1326 Cursiblinebesell kantinon
494 1284 2293 1469 Karl: Man kann die Kolle unbesetzen, auch
1727 1370 2465 1508 zeht die kleine mit den
1929 1439 2295 1557 mintead
490 1437 1597 1606 noch in letzten Koment..
1582 1476 2074 1592 Mande c. a
494 1545 2303 1724 Dreuling: Man lann auch ein anderes Stück
2165 1599 2522 1720 dihnicte
497 1675 2428 1862 sp ielen. (zu Karl) Oder einfach Ihr voriges.
1469 1761 2450 1872 Eikuntcas insensechem
490 1820 1683 1988 Es ist ja sowieso dasselbe.
485 1919 2248 2096 Armin: (zum Kellner, der den Aufschnitte
502 2057 2401 2278 bracht hat) Das nennen Sie einen feinen Auf
502 2221 1031 2371 schnittz Na
494 2298 2416 2477 Dreuling: Haben cie nicht gesehen,Herr Chof-
502 2433 2359 2659 rodaktour, wie Gregor den Kellner zugewinkt
499 2615 699 2758 hat.
497 2681 2315 2903 Gregor: Skorpion, biktschlänge lich schnöre
502 2854 1609 3021 ihnen Herr Chefredakteur
504 2945 2485 3146 karl: (zu Dreuling) Sie hätten Kritiker werden
512 3092 1437 3287 sollenHHerr Dreuling.
