2856 3480
471 438 2425 656 ludnig:/ Wo in, wein Schatz, darauf darfst du von
473 581 2405 772 läufig nicht rechnenlich will nur rasch noch
461 721 2425 897 in meine Wohnung tolefonieren - wegen des Ge-
468 844 2197 1040 päcks. Und kleid nich auch gleich un. du
1100 969 1328 1042 de
453 984 2392 1197 wirst dich (wohl auch dazu entschliessen aüs-
458 1152 656 1263 sen.
461 1212 2044 1418 Antoinette: dag ist rasch geschehen.
448 1360 2312 1543 Ludwig: Iehr in einer halben stunde fahren
789 1490 1207 1576 mem jeliebe.
458 1490 2430 1686 wir. (da Richard eben zu ihm tritt) du willst
438 1641 1450 1806 doch noch nicht gehen?
453 1761 2260 1951 Richar d: Ich wollte allordings eben -))-
448 1884 2260 2079 Ludwig: Wenn du nicht sehr eilig bist, ich
451 2007 2365 2232 nöcht gern noch ein paar Norte mit dir spre-
446 2169 714 2327 chen.
2327 2257 2668 2457 Ka. Aelen
461 2265 1398 2435 Richerd-funschlässiel
2362 2410 2653 2523 ist aget
451 2420 2282 2558 Ludwig: In zehn Minuten bin ich wieder da.
2322 2502 2595 2600 eriec
2347 2558 2588 2683 dul
491 2540 969 2735 lrasch abl.
175 2618 396 2778 Richo
1120 2643 2174 2816 deemerber unt Nalbibr)
200 2718 754 2851 Ract murt frute
210 2793 2219 2983 mutroleno: (zu Rlchard) kommst du mit wir,Ri
438 2963 736 3101 chard?
448 3024 2305 3267 Richard: lch blolbe noch eine Relle.ladhle
