2872 3448
2140 276 2300 413 155
970 362 1113 465 mit
543 373 2500 589 ordentlich atex Ihnen, Herr dregulein. So euunl h.
2251 513 2500 578 eutsb
1035 522 2440 608 degule dee Sihll, du alle prpplar in uud
538 554 2535 732 Inspizient: (nach links,macht Gregor aufmerksandass
519 681 1767 851 gleich sein Auftritt erfolge)
1854 700 2465 857 zen ken wach da d Sor
530 803 2443 970 Gregor: Wenn ich dich nachher noch auf der Bühne
527 927 2473 1103 finde lasse ich dich verhaften. (er legt sein Ge-
527 1062 2362 1235 sicht in Falten, türe links auf, auf die Bühnel
1170 1162 1378 1249 kommt
511 1192 2524 1392 Das Stubenmädchen mit dem leeren Tablett durch die
538 1338 1211 1503 rückwärtige Füre
513 1443 2403 1640 Mili: (von rechts mit einem Paar Handschuhen, zur
519 1594 2557 1781 Garderobiere) (Die Handschuh hat s’’oben liegen las-
913 1700 1811 1865 erest. Riemch für d 1.
538 1738 719 1838 sen
513 1843 2473 2038 Garderobiere: Aber was fallt Ihnendenn eine Sie
527 1994 2105 2148 braucht doch keine Handschuh in dem Akt.
511 2121 2521 2254 Mili: (auf die Bühne lauschend) (Jetzt redet s’.) so
1857 2219 2127 2294 jewrte
519 2243 2575 2419 ganz anders ist ihre Stimme/. Fassen s' mich da her,
513 2384 2403 2524 Frau Wentzel, nur einen Moment. (sie sieht durch
516 2486 2513 2673 eine kleine Sralte auf die Böhne, dann zur Gardero-
305 2632 2473 2816 fueut bierinl Grad ist ein Liesenbuket in die Garderobe
1138 2754 2003 2919 Gen. Kerwer phlosten nrken
511 2797 913 2940 gekommen.
1559 2851 1830 2943 Meinkel
511 2902 2194 3081 srogulein:(konnt wieder) Was gibts's dennz
511 3035 2305 3202 Garderobiere: Das ist die Hausschneiderin vom
