2808 3400
2201 244 2346 356 148
549 371 2417 564 bin frei. (u bist es nichtl Du hast keine Recht
544 549 1044 666 mehr an sie.
546 638 2457 828 Eudwig: In diesen Dingen,mein Lieber, gibt es so
559 750 2036 938 wenig Rechte als Pflichten... Ich lt.
1197 884 1403 963 tone
569 915 2567 1072 Pichard: (Ich werde sie vor dir zu schützen wissen,
559 1022 2109 1207 Ludwig: Mollen sehen. (rasch ab links)-
577 1174 2399 1334 Richard: (einen Augenblick unbeweglich, dann, als
651 1306 2546 1469 lte er rechts ab, dann zurück, resch in die Loge.
724 1415 2595 1606 die Türe aufgeht sieht man Mathilde erwartungs-
574 1550 2518 1733 voll den Blick auf die Für gerichtet.Sie lächelt
569 1708 2501 1842 wie befreit, als Richard eintritt, doch verdüstert:
1959 1776 2137 1886 T.1e
605 1847 1842 1975 sich ihr Antlitz gleich wieder.1
579 1964 1774 2109 Richard:(schliesst die Türel.
567 2086 2607 2257 Bühne leor, Logenschliesser kommt. Setzt sich wieder
574 2221 1720 2374 auf das kleine rote Bankerl.
1164 2346 1494 2536 Vorhang.
353 2541 849 2686 Datn Hanelln
1105 2544 2401 2762 Auf Ke A. utch. in d furdon
333 2645 882 2783 ertol- oturs
1431 2699 2000 2816 ricum pler
409 2742 882 2859 alle ciut
521 2846 679 2994 im
994 2778 1812 3006 Auch helle- Mat
1080 2851 2313 3095 Ate zu treike de hegerings hatt
1227 3039 1893 3199 er tum mirren
