2808 3400
122 834 419 961 Auler
160 942 449 1047 kreskntt
195 1026 422 1142 hrad
168 1129 438 1275 rt
152 1245 398 1377 Mebh
2089 173 2252 390 155
944 352 1602 560 Stogentes Bild.
498 490 955 641 zengang
520 606 2560 790 Vier Eiren, geschlossen, 1,2,5,4 von rechts nach
514 755 2560 936 links. Lege 1 ist die Direktionslege, in der zreiten
530 885 2360 1031 die Soreda mit einem Herrn, in der dritien Frau-
517 1018 2349 1172 Feitz. Mathilde uns Richard, in der vierten Herr
517 1156 2241 1326 Trick, Holensund Karl. Jotzt alle unsichtbar.
520 1256 2690 1453 Auf einem kleinen Santsessel rechts: der logenschliesser
517 1421 2363 1567 Er wird eben dureüden lauten Applaus gereckt.
501 1545 2395 1724 Einige Thesterbesucher rasch durch den Gang von
509 1697 1237 1773 links nach rechts.
517 1781 2522 1897 zin Thexterdiener, der Ansager,klopft an die Logen-
520 1948 2552 2097 für Nr.4. 2s rührt sich nichts, Applaus dauert fort.
520 2057 2441 2233 Ansager klppft nochmals, öffnet dann die Füre, man
522 2200 2511 2373 sicht an der Bristung Frick und Helene sitzen, Karl
517 2322 2411 2490 steht nahe der Füre, wendet sich an den Ansager.
506 2449 2390 2617 Ansager: Herr Doktor, es istlhöchste Zeit, MInt
517 2566 2598 2736 Karl: Erst wenn der Vorhung zum fünften Mal aufgeht,
520 2714 1388 2858 früher komme ich nicht.
503 2741 2549 3036 Ansager: (ols wir unten sind kann der vorhang soche-
514 2990 2482 3161 mel in die Höhe gehenfwenn die Leut so lange Gedus
