2888 3480
213 1228 368 1321 Eiin
241 1424 600 1646 Volgenlrint.
246 1629 578 1739 Iu det um
236 1722 542 1808 sahmer ob
203 1792 437 1880 rinct
193 1839 511 1954 ce Ratzet
179 1923 404 2081 vibris
1111 365 1500 530 seno in
655 456 2542 652 Richard:Millst du ihr viellecht durch mich
1557 585 1720 666 nberhe
652 604 2403 772 eine Summe zur Verfügung stellen lassen?
638 757 2432 889 Diese Mission müsste ich leider ablehnen.
643 841 2489 1030 Ludnig: O, wie förmlich.Daran ist natürlich
640 987 2544 1116 nicht zu denken.Eher würde sie - Es sind im
621 1113 2475 1261 merhin noch kleine Ersparnisse da, also für
621 1233 2542 1402 die nächste Zeit - und die gage wird ja doch
631 1362 2515 1541 steigen.Vielleicht findet sie auch draussen
631 1481 1684 1629 im Reich ein Engagement.
626 1605 2465 1792 Richard: (mit kaum verhehlter Ungeduld) Du
616 1772 2155 1887 wolltest mich doch um etwas bitten.
616 1849 2413 2064 Ludwig: (sicht auf die Ohrl Ja, ich wollte
612 2007 2152 2150 dich bitten dich uy sie zu künmern.
607 2124 2446 2281 Richard: Wie? Wie stellst du dir das vor?
602 2245 2405 2422 Ludwig: O,ich dachte natürlich nicht, dass
592 2396 2362 2544 du dich ihrer annimnst - in finanzieller
2004 2501 2260 2589 gan nich
583 2503 2422 2687 Beziehung, aber - - ich wünschte(zu wissen,
592 2663 2508 2795 wie es ihr eigentlich geht - soolisch vor a
590 2800 781 2909 lem.
592 2850 2501 3072 Richard: Da wäre es doch wohl des Einfschstz
583 3036 1460 3208 ren, du persönlich-
