2888 3480
228 1406 450 1539 Sie colle
243 1517 475 1606 en eu
213 1579 470 1710 meiner.
522 418 2435 611 Richard: Die Sache mit Hanburg hat sich ver-
1849 554 2091 636 autul
510 582 2287 757 mutlich zerschlagen. Sie musste(wekl Froh
507 715 2215 876 sein, dass man sie hier behält. mein ih¬
515 832 2173 973 Antoinette:Wenn Sie sein Freund sind-
525 958 2450 1148 Richard:Sie baten mich selbst es zu bleiben.
520 1114 1210 1267 Ein Grund mehr.
522 1208 2453 1391 Antoinette: Sie können, ja Sie dürfen ihm na-
527 1356 2376 1530 türlich von unserem Gespräch nichts sagen.
530 1480 2497 1634 Ich bin ja auch nicht so töricht zu verlangen.
532 1619 2376 1765 oder es nur für möglich zu halten, dass Sie
522 1740 2396 1923 ihn verrieten. Aber es gibt hundert Möglich-
507 1851 2495 2034 keiten, Zufälligkeiten, die irgend etwas an den
1022 1992 1421 2067 sman, dlim
532 2015 2299 2180 Tag bringen Iich glaube, Ludwig kennt nich
517 2153 2468 2299 nicht: Sie, Richard, konnen mich wahrscheinlich
505 2265 2453 2406 besser als er. Wenigstens seit einer Viertel-
527 2386 2237 2604 stunde Iich werde nie eine Frau sein, die
522 2520 2354 2685 szenen macht.Ich werde auch nie eine Frau
535 2648 2460 2836 so in, die Augt und betrügt, abe an allerwenig-
530 2807 1762 2970 ston eine Freu, die verzeiht.
532 2903 2413 3104 Richard: Er wüsste es wohl ahnen, was für ei
515 3037 1629 3230 no Art von Freu Sie sind.
