2920 3512
2331 258 2473 484 128
503 497 742 659 lüset.
534 525 2659 784 Iolene: Und der sichts nicht gefallenden lässt siels
503 767 1084 909 entgelten,wie?
500 803 2662 1050 Karl: (daron ist mir nichts bekannt. Im übrigen Wird es
517 984 2631 1156 Sie vielleicht interessieren)dass sie in meinem Stück-
511 1137 1195 1292 nicht mit spielt.
520 1253 1648 1434 Helene: Sh. Non utdevemit
1048 1364 1231 1459 zun
522 1325 2754 1576 Kar(: Der Direktor hat ein Exenpler statuiert. Mir haben
528 1526 936 1676 umbesetzt.
528 1626 2003 1823 Helens: Das erzählen Sie so nebenbei?
1695 1681 2304 1820 nnhre milt der
531 1745 2645 1984 Karl: Wie es sich eben fügte.(Fräulein Franziska Bin-
534 1912 1381 2067 der spielt die Fanni.
1059 1976 1662 2120 N. . de cit di
542 2026 2073 2240 Helene: Die Zie Emny spielen sollte?-.
531 2173 1395 2351 Kerl: Das wissen Siez
1284 2237 1831 2356 de del., d Bent
539 2270 2659 2473 Helens: Ich kenn ja die Besetzung.(Toketterie. Franzi
1098 2412 1267 2504 Mirt
542 2404 2620 2570 sinder- das war doch die Geliebte von Doktor Ludnig?
550 2526 2587 2748 Kerl: So? Per neulich gehoiratet hatzsünser Freunde
556 2665 2562 2870 Uebrigens kein übler Goschnack. Mer wöher wissen
559 2848 900 2987 sie dasz
1025 2884 2009 3115 (Ahrus sar huro
