2840 3448
2011 236 2163 379 200
962 285 1369 469 mi meren
732 268 981 556 ven o4.
602 412 726 553 zewe
1008 431 2621 583 wär noch ein Jahr in Salzburg.geblieben.
1732 526 2434 637 en- Milstante
829 463 1650 664 hatt un in sweit sch de
897 591 2472 707 ie doch grosse Rollen gespielt. Die Gage
537 669 2623 854 war zwar noch kleiner wie da, aber das Leben war bil-
794 762 1322 848 hn erstikellen ict
553 810 2680 976 liger. Hix In einem kleinen Gasthof haben wir gewohnt,
556 946 2683 1127 ein ganz schönes Zimmer mit einem Alkoven, fünfundzwan-
553 1073 2607 1233 zig Gulden monatlich. Zu Mittag hab ich für uns Zwei
580 1211 2572 1358 oben am Zimmer ein Stückel Fleisch abgebraten,Reis
537 1328 2718 1499 oder Erdäpfel dazu, es ist uns sehr gut ausgegangen. Und
523 1463 2507 1634 hier - übermorgen bekommen Sie Ihr Geld,Fräulein
528 1615 1938 1756 Mil y. Da hol ich meine Pension ab.
528 1734 2561 1902 Milly: Mir ist nicht bang um mein Geld, Frau Finanz-
523 1859 715 1997 ret.
518 1984 2564 2152 Mutter: Sagen Sie mir doch nicht immer Frau Finanz-
526 2087 2450 2282 rat. (kommt mir vor, ich weiss nicht wie) infzehn
1266 2219 1515 2298 wie Ma
523 2241 2520 2396 Jahr lang ist der Herr Finanzrat tot. Wär" manches
512 2379 2591 2547 anders geworden,wenn er am Leben geblieben wäre. Nie
518 2523 2477 2699 häte er zugegeben, dass die Franzi Schauspielerin
504 2637 724 2778 wird.
509 2761 2577 2932 Milly: Aber, Frau Binder, sicher hätte er''s zugegeben,
504 2892 2428 3089 heut gewiss) Heut hat man jas auchf nicht mehr die
501 3038 962 3228 vorurteile.
