2904 3496
2162 334 2300 445 127
1582 435 2541 617 „schlossen, dass ich heute
498 450 1256 594 Mathilde: Sie haben
504 575 2441 779 Helene besuchen werde und dass es mir vielleicht
506 684 2507 885 nicht unangenehm wäre Ihnen bei dieser Gelegenheit
525 843 1948 1026 persänlich die Logennummer zu sagen.
533 1002 1736 1166 Zichard: Die heben sie schone.
517 1094 1974 1261 Mathilie: Erster Stock Numero sechs.
962 1211 1238 1296 Wustet
519 1195 2629 1436 Helene: Neben der unsern (Herr Berg hat uns nimlich«
522 1354 2184 1540 seine Autorerloge. überlassen.) Lt und h. 1.
533 1508 1654 1691 Zichard: So. Abarxdaxkaxdixx
1995 1558 2321 1659 Wichdel un
517 1598 2637 1828 Helene: Aber derke dirsèr war eben da- Die Hauptrolle
525 1722 2446 1908 snieli nicht die Roveda, sondern eine gen Kleine
1068 1863 1357 1942 dude an
533 1876 2441 2070 Schauspielerin, -die frühere Ergundin von Ludwig.
1012 1982 1786 2083 As- e eo perte de ta
538 1995 2531 2213 icherd: Mer - ist es myglicht. Na, das kann ja gut
533 2186 837 2321 werien.
543 2282 2671 2464 delene: Herr Berg sagt, dass sie sehr viel Talent hat.
1635 2361 2282 2457 d hene mchr tor so
1055 2382 1428 2467 H kn. 19 ken
538 2364 2597 2589 Zichard: Nun, nan wird ja schen. (er zündet sich eine
541 2549 1081 2722 augarette anl
535 2616 2512 2830 Mathilde: Mir haben die Absicht, Mana und ich nach
535 2764 2621 2997 der Preniere in Notel zu soupieren. Menn Sie nichts
543 2942 1293 3119 anderes vor haben.
