2792 3448
463 416 2436 609 nachmachen. In unseren Jahren ist man reif zum Hei-
2162 510 2345 627 na d
1785 515 2047 625 tas is se
998 523 1668 680 Ral. (Keklel kool
1657 578 2269 716 Krat ihn kelt?
470 580 734 706 raten.
2410 572 2619 727 Mte.
470 677 2355 857 Diener: (tritt zu Läblein, flüstert ihm etwas ins
463 839 664 970 Ohrl
515 964 1529 1095 Direktor: Was gibts denn?
484 1022 2143 1208 Löblein: Fräulein Roveda ist-noch nichtde
476 1184 2530 1414 Direktor: Msr (er geht über die Stiege von Zuschau-
484 1338 1320 1448 erraum auf die Bühne)
478 1472 1994 1600 Liblein: Ich habe telefonieren lassen.
552 1581 2355 1725 Diener: Das Fräulein kommt nicht zum Telefon.
476 1696 2436 1890 Direktor: (vornehm) Sagen Sie dem Fräulein,ich, der
484 1830 2582 2049 Direktor/lasse sie zum Telefon bitten und zwar unver-
481 1984 1618 2146 züglich. Weiter, meine Herren!
489 2107 1979 2290 Karl: (will ihr seinen Sitz anbieten).
1323 2214 1649 2305 Hovdle der
484 2250 1887 2415 Direktor: Bitte. (er bleibt stehen).
494 2386 2449 2556 Digelmann: (in der Rolle) Ich möchte fast sagen,es
497 2522 2334 2682 ist notwendig, besonders für einen jungen Arzt.
478 2656 1628 2828 Gregor:(in der Rollel Wiesor
486 2758 2488 2948 Digelnenn:/in der Rollel Das Junggesellenleben, das
1903 2859 2073 2940 mische
1490 2873 1743 2946 mersun
497 2925 2345 3087 hat doch immer irgend etwas Verdächtiges, diese
