2888 3496
182 1643 446 1788 denut
162 1768 449 1888 mir tzu
172 1868 444 1960 nalberd
180 1930 416 2032 sein
195 2005 401 2190 teitg
389 329 536 516 1927
589 466 2362 693 sochs, sieben Jahre hat das Verhältnis ge-
539 643 2506 828 dauert, eines schönen Tags war sie seine Frau.
546 766 2257 945 Richard: Und wurde die Ehe unglücklich?
541 883 2474 1090 Sidon: Jedenfalle hätte er jede Andere heben
526 1002 2384 1217 können. ein junges Mädchen aus gutem Haus
536 1170 2509 1329 mit viel Geld.O,lächeln Sie nicht.Es erleich-
539 1287 2541 1479 tort die Fristenz beträchtlich, fördert die Cer-
539 1411 2392 1596 kiöre).Das gesellschaftliche Fleventpist in
526 1529 2434 1733 einer Ehe dasnichtigste. Dutzende junger leu-
531 1666 2387 1873 te sind zu Grunde gegangen oder wenigstens
529 1800 2364 1993 nicht weider gekommen, weil sie sich nicht
2384 1880 2608 1985 Rufer |
2342 1945 2581 2042 decta
531 1945 2312 2112 zu rechter zeit loszureissen versuchten.
2329 2012 2521 2105 kan.
526 2050 2531 2242 Richardi Ich bitte Siens meinetwegen unbesorgt
524 2207 1706 2332 zu sein,Herr Konmerzialrat.
526 2282 2414 2499 Sidon: Onso besser, Herr Doktor, unse besser.
556 2431 2367 2596 Aber es handelt sich nicht nur darum sich
519 2551 2441 2741 rochtzeitig loszureissen, aach darum im rich-
1711 2678 2389 2815 Er gebticu prau Nac
564 2693 1943 2893 tigen Moment zuzugreifen. s. Eed.
516 2830 2471 3037 kart: stritt heran, um sich von Siden zu verab-
559 2997 1000 3125 schieden).
514 3075 2499 3282 Richerd.lbenützt den konent sich zu entfornent
