<?xml version="1.0" encoding="UTF-8" standalone="yes"?>
<PcGts xmlns="http://schema.primaresearch.org/PAGE/gts/pagecontent/2013-07-15" xmlns:xsi="http://www.w3.org/2001/XMLSchema-instance" xsi:schemaLocation="http://schema.primaresearch.org/PAGE/gts/pagecontent/2013-07-15 http://schema.primaresearch.org/PAGE/gts/pagecontent/2013-07-15/pagecontent.xsd">
    <Metadata>
        <Creator>prov=READ-COOP:name=PyLaia@TranskribusPlatform:version=2.7.0:model_id=50870:lm=none:date=22_01_2024_17:28</Creator>
        <Created>2023-09-27T14:34:34.225+02:00</Created>
        <LastChange>2024-01-22T17:28:47.227+01:00</LastChange>
        <TranskribusMetadata docId="1589032" pageId="60123529" pageNr="194" tsid="145629835" status="IN_PROGRESS" userId="40391" imgUrl="https://files.transkribus.eu/Get?id=WQZOXOWRLSNSUZDPPLEHFLBX&amp;fileType=view" xmlUrl="https://files.transkribus.eu/Get?id=SAOVRHCPFCFLZZSDQJPYTAPM" imageId="48548607"/>
    </Metadata>
    <Page imageFilename="1589032_0194.jpg" imageWidth="2808" imageHeight="3416">
        <ReadingOrder>
            <OrderedGroup id="ro_1711794003167" caption="Regions reading order">
                <RegionRefIndexed index="0" regionRef="tr_1"/>
                <RegionRefIndexed index="1" regionRef="tr_2"/>
            </OrderedGroup>
        </ReadingOrder>
        <TextRegion orientation="0.0" id="tr_1" custom="readingOrder {index:0;}">
            <Coords points="247,2209 247,2423 438,2423 438,2209"/>
            <TextLine id="tr_1_tl_1" custom="readingOrder {index:0;}">
                <Coords points="284,2266 298,2266 320,2249 337,2249 353,2238 362,2244 395,2244 403,2236 417,2236 420,2169 400,2169 389,2178 362,2158 345,2172 323,2147 315,2153 290,2153"/>
                <Baseline points="301,2248 331,2243 362,2240 393,2240 424,2242"/>
                <TextEquiv>
                    <Unicode>hel</Unicode>
                </TextEquiv>
            </TextLine>
            <TextLine id="tr_1_tl_2" custom="readingOrder {index:1;}">
                <Coords points="293,2340 309,2338 320,2346 353,2327 367,2329 375,2338 392,2329 406,2343 428,2343 431,2230 417,2230 397,2241 362,2244 353,2238 320,2249 312,2258 295,2258"/>
                <Baseline points="310,2311 335,2311 361,2311 386,2309 412,2310 438,2314"/>
                <TextEquiv>
                    <Unicode>7on</Unicode>
                </TextEquiv>
            </TextLine>
            <TextLine id="tr_1_tl_3" custom="readingOrder {index:2;}">
                <Coords points="232,2407 257,2409 270,2421 282,2412 298,2421 309,2409 320,2412 337,2404 345,2412 362,2409 378,2426 395,2426 397,2340 370,2340 359,2329 348,2329 323,2349 312,2340 304,2349 282,2340 235,2346"/>
                <Baseline points="247,2400 272,2400 298,2398 323,2397 349,2397 374,2397 400,2397"/>
                <TextEquiv>
                    <Unicode>Zich</Unicode>
                </TextEquiv>
            </TextLine>
            <TextEquiv>
                <Unicode></Unicode>
            </TextEquiv>
        </TextRegion>
        <TextRegion orientation="0.0" id="tr_2" custom="readingOrder {index:1;}">
            <Coords points="435,260 435,3034 2693,3034 2693,260"/>
            <TextLine id="tr_2_tl_1" custom="readingOrder {index:0;}">
                <Coords points="2070,364 2087,367 2106,351 2172,342 2194,328 2211,339 2274,326 2274,251 2252,243 2244,251 2216,248 2208,257 2175,237 2158,237 2133,262 2120,251 2106,257 2070,251"/>
                <Baseline points="2084,322 2111,322 2139,321 2167,319 2194,318 2222,317 2250,320 2278,325"/>
                <TextEquiv>
                    <Unicode>182</Unicode>
                </TextEquiv>
            </TextLine>
            <TextLine id="tr_2_tl_2" custom="readingOrder {index:1;}">
                <Coords points="1087,555 1546,549 1617,527 1620,411 1535,384 1455,436 1355,386 1256,431 1090,414"/>
                <Baseline points="1104,507 1130,504 1156,505 1182,507 1208,505 1234,504 1260,504 1287,503 1313,501 1339,499 1365,498 1391,498 1417,498 1443,498 1470,498 1496,498 1522,496 1548,496 1574,497 1600,499 1627,501"/>
                <TextEquiv>
                    <Unicode>Neuntes Bild.</Unicode>
                </TextEquiv>
            </TextLine>
            <TextLine id="tr_2_tl_3" custom="readingOrder {index:2;}">
                <Coords points="420,707 1866,662 2001,729 2238,646 2564,643 2570,519 2423,489 2120,560 2040,494 1518,563 422,541"/>
                <Baseline points="435,650 541,649 648,647 755,644 862,647 969,638 1076,636 1183,633 1290,630 1397,628 1504,627 1610,620 1717,618 1824,617 1931,612 2038,612 2145,613 2252,606 2359,605 2466,597 2573,600"/>
                <TextEquiv>
                    <Unicode>das Aösteigguartier bei der Baronin Dunont. Sie nacht</Unicode>
                </TextEquiv>
            </TextLine>
            <TextLine id="tr_2_tl_4" custom="readingOrder {index:3;}">
                <Coords points="425,792 1129,787 1148,698 428,704"/>
                <Baseline points="441,788 476,783 512,782 547,781 583,779 618,779 654,776 689,776 725,776 760,776 796,776 832,773 867,771 903,770 938,770 974,770 1009,768 1045,769 1080,771 1116,774 1152,776"/>
                <TextEquiv>
                    <Unicode>im Zimmer Ordnung.</Unicode>
                </TextEquiv>
            </TextLine>
            <TextLine id="tr_2_tl_5" custom="readingOrder {index:4;}">
                <Coords points="450,969 2202,919 2205,806 2009,759 1695,809 1620,770 1358,784 1300,737 1068,792 455,792"/>
                <Baseline points="468,916 555,907 642,907 729,904 816,902 904,901 991,899 1078,895 1165,893 1252,889 1340,884 1427,886 1514,885 1601,879 1688,877 1776,877 1863,873 1950,871 2037,868 2124,865 2212,871"/>
                <TextEquiv>
                    <Unicode>Eben zicht sie die Vorhinge des Ulkorens zu.</Unicode>
                </TextEquiv>
            </TextLine>
            <TextLine id="tr_2_tl_6" custom="readingOrder {index:5;}">
                <Coords points="422,1046 1871,1027 1982,1013 1984,922 787,966 707,936 422,991"/>
                <Baseline points="438,1045 515,1042 593,1042 670,1042 748,1036 825,1036 903,1031 980,1027 1058,1026 1135,1021 1213,1019 1290,1018 1368,1018 1445,1015 1523,1015 1600,1019 1678,1012 1755,1007 1833,1003 1910,1003 1988,1012"/>
                <TextEquiv>
                    <Unicode>Marie, das Stubenmädchen bringt Biumen.</Unicode>
                </TextEquiv>
            </TextLine>
            <TextLine id="tr_2_tl_7" custom="readingOrder {index:6;}">
                <Coords points="436,1179 781,1203 914,1167 969,1201 1212,1154 1405,1198 1634,1154 1769,1203 1863,1165 2087,1184 2150,1140 2305,1195 2553,1173 2556,1038 2421,1013 2280,1079 2222,1029 2125,1071 439,1112"/>
                <Baseline points="450,1179 555,1167 660,1164 766,1164 871,1164 977,1157 1082,1155 1188,1154 1293,1149 1399,1149 1504,1142 1609,1141 1715,1140 1820,1134 1926,1134 2031,1130 2137,1126 2242,1122 2348,1122 2453,1117 2559,1119"/>
                <TextEquiv>
                    <Unicode>((Eventuell vorher Klingeln, so dass ihr die Baronin.</Unicode>
                </TextEquiv>
            </TextLine>
            <TextLine id="tr_2_tl_8" custom="readingOrder {index:7;}">
                <Coords points="439,1319 524,1336 610,1308 712,1341 834,1292 1090,1305 1093,1217 1021,1220 914,1165 817,1209 753,1187 654,1223 624,1198 513,1214 439,1264"/>
                <Baseline points="453,1307 485,1302 517,1298 549,1298 582,1298 614,1297 646,1295 678,1295 711,1295 743,1295 775,1293 807,1292 840,1291 872,1289 904,1287 936,1286 969,1286 1001,1288 1033,1289 1065,1290 1098,1292"/>
                <TextEquiv>
                    <Unicode>aufmachen muss))</Unicode>
                </TextEquiv>
            </TextLine>
            <TextLine id="tr_2_tl_9" custom="readingOrder {index:8;}">
                <Coords points="431,1435 903,1421 944,1455 1198,1416 1297,1460 1402,1405 1891,1443 2233,1394 2443,1446 2470,1245 2191,1303 1827,1245 1548,1328 1402,1286 1289,1333 1212,1303 925,1350 649,1319 431,1374"/>
                <Baseline points="447,1433 548,1427 649,1426 750,1424 852,1421 953,1418 1054,1414 1155,1410 1257,1406 1358,1406 1459,1403 1560,1401 1662,1397 1763,1397 1864,1396 1965,1393 2067,1385 2168,1385 2269,1384 2370,1379 2472,1382"/>
                <TextEquiv>
                    <Unicode>Baronin: Wo bleiben Ste denn so lang? Geben. s' herl</Unicode>
                </TextEquiv>
            </TextLine>
            <TextLine id="tr_2_tl_10" custom="readingOrder {index:9;}">
                <Coords points="444,1576 2150,1515 2249,1576 2390,1512 2390,1441 2164,1397 1766,1455 1628,1402 1181,1466 927,1449 825,1493 447,1479"/>
                <Baseline points="459,1561 555,1558 652,1558 749,1551 846,1547 943,1547 1040,1544 1137,1543 1234,1540 1331,1534 1428,1534 1524,1531 1621,1528 1718,1525 1815,1525 1912,1522 2009,1516 2106,1517 2203,1515 2300,1508 2397,1513"/>
                <TextEquiv>
                    <Unicode>(sie verteilt die Biumen in einzelne Vasen) (icht</Unicode>
                </TextEquiv>
            </TextLine>
            <TextLine id="tr_2_tl_11" custom="readingOrder {index:10;}">
                <Coords points="442,1697 1007,1717 1325,1675 1769,1714 2236,1645 2484,1692 2520,1559 593,1595 442,1634"/>
                <Baseline points="456,1696 559,1690 662,1689 766,1687 869,1684 972,1680 1076,1678 1179,1675 1282,1672 1386,1666 1489,1663 1592,1660 1696,1659 1799,1657 1902,1654 2006,1650 2109,1646 2212,1645 2316,1642 2419,1637 2523,1645"/>
                <TextEquiv>
                    <Unicode>aufdecken, aber alles vorbereiten.(Um dreiviertelneun</Unicode>
                </TextEquiv>
            </TextLine>
            <TextLine id="tr_2_tl_12" custom="readingOrder {index:11;}">
                <Coords points="444,1824 858,1852 1366,1811 1507,1852 1899,1788 2432,1841 2434,1686 2087,1667 1775,1717 1604,1684 1430,1736 1245,1692 1192,1728 792,1700 444,1761"/>
                <Baseline points="459,1824 558,1821 657,1818 756,1815 855,1812 954,1809 1053,1806 1153,1805 1252,1803 1351,1800 1450,1800 1549,1794 1648,1790 1747,1788 1847,1785 1946,1782 2045,1779 2144,1776 2243,1773 2342,1770 2442,1776"/>
                <TextEquiv>
                    <Unicode>kommen die Herrschaften. Sie bleiben in der Küche.</Unicode>
                </TextEquiv>
            </TextLine>
            <TextLine id="tr_2_tl_13" custom="readingOrder {index:12;}">
                <Coords points="455,1962 651,1993 880,1960 922,1993 1214,1940 1363,1998 1496,1932 1786,1924 1860,1965 2040,1913 2249,1957 2382,1907 2531,1938 2534,1830 2459,1805 2200,1860 2026,1808 1739,1855 1355,1813 983,1838 894,1882 643,1835 458,1885"/>
                <Baseline points="471,1952 574,1949 677,1949 781,1946 884,1943 987,1940 1091,1940 1194,1934 1297,1935 1401,1929 1504,1925 1607,1922 1711,1918 1814,1914 1917,1914 2021,1907 2124,1906 2227,1908 2331,1904 2434,1900 2538,1896"/>
                <TextEquiv>
                    <Unicode>Ich mach selber auf. (Sie lassen sich überhaupt nicht</Unicode>
                </TextEquiv>
            </TextLine>
            <TextLine id="tr_2_tl_14" custom="readingOrder {index:13;}">
                <Coords points="455,2095 2299,2037 2445,2076 2448,1946 2169,1924 1910,1982 1736,1932 1477,1998 985,1998 880,1960 458,1998"/>
                <Baseline points="471,2090 570,2084 669,2084 768,2080 867,2072 966,2072 1065,2069 1164,2066 1263,2063 1362,2063 1461,2057 1560,2054 1659,2050 1758,2046 1857,2045 1956,2042 2055,2042 2154,2041 2253,2036 2352,2036 2451,2033"/>
                <TextEquiv>
                    <Unicode>sehen, (zieht die Rouleaux des Fensters zu, dann zu</Unicode>
                </TextEquiv>
            </TextLine>
            <TextLine id="tr_2_tl_15" custom="readingOrder {index:14;}">
                <Coords points="455,2219 2531,2183 2531,2092 2365,2048 933,2078 458,2139"/>
                <Baseline points="471,2218 574,2212 677,2212 781,2206 884,2206 987,2202 1091,2199 1194,2194 1297,2191 1401,2191 1504,2188 1607,2187 1711,2183 1814,2182 1917,2179 2021,2178 2124,2174 2227,2170 2331,2167 2434,2162 2538,2158"/>
                <TextEquiv>
                    <Unicode>dem kleinen schreibtioch hinl Josus, Da liegt ja noch</Unicode>
                </TextEquiv>
            </TextLine>
            <TextLine id="tr_2_tl_16" custom="readingOrder {index:15;}">
                <Coords points="1951,2329 2015,2302 2073,2324 2111,2291 2147,2307 2183,2280 2249,2277 2288,2302 2437,2274 2481,2310 2514,2302 2520,2191 2481,2202 2440,2180 2349,2211 2211,2175 2167,2208 2053,2180 1957,2197"/>
                <Baseline points="1970,2284 1997,2279 2025,2275 2052,2273 2080,2271 2107,2270 2135,2269 2162,2269 2190,2269 2217,2268 2245,2266 2272,2263 2300,2260 2327,2262 2355,2263 2382,2263 2410,2263 2437,2263 2465,2261 2492,2259 2520,2257"/>
                <TextEquiv>
                    <Unicode>seht kun, d</Unicode>
                </TextEquiv>
            </TextLine>
            <TextLine id="tr_2_tl_17" custom="readingOrder {index:16;}">
                <Coords points="464,2398 856,2340 1435,2363 1686,2329 1689,2244 466,2263"/>
                <Baseline points="480,2349 540,2346 601,2344 661,2344 722,2341 783,2341 843,2341 904,2338 965,2336 1025,2335 1086,2331 1147,2329 1207,2326 1268,2326 1329,2323 1389,2322 1450,2320 1511,2317 1571,2317 1632,2317 1693,2317"/>
                <TextEquiv>
                    <Unicode>der Brief für den Herrn Doktor.</Unicode>
                </TextEquiv>
            </TextLine>
            <TextLine id="tr_2_tl_18" custom="readingOrder {index:17;}">
                <Coords points="2076,2357 2125,2354 2164,2387 2219,2357 2266,2360 2302,2343 2368,2368 2398,2360 2401,2302 2352,2283 2299,2305 2227,2285 2169,2310 2111,2291 2100,2302 2078,2296"/>
                <Baseline points="2090,2349 2116,2348 2142,2350 2169,2353 2195,2355 2221,2355 2248,2351 2274,2347 2300,2345 2327,2344 2353,2344 2379,2343 2406,2341"/>
                <TextEquiv>
                    <Unicode>nicht mich</Unicode>
                </TextEquiv>
            </TextLine>
            <TextLine id="tr_2_tl_19" custom="readingOrder {index:18;}">
                <Coords points="458,2484 1212,2495 1642,2451 1772,2495 1835,2445 1921,2484 2396,2456 2490,2517 2625,2484 2628,2376 2512,2340 2164,2387 1951,2340 1877,2387 1540,2324 1380,2343 1308,2401 1115,2343 922,2387 789,2346 461,2401"/>
                <Baseline points="474,2481 587,2475 701,2472 814,2469 928,2466 1042,2463 1155,2460 1269,2455 1383,2454 1496,2449 1610,2445 1723,2443 1837,2442 1951,2437 2064,2433 2178,2436 2292,2440 2405,2448 2519,2451 2633,2466"/>
                <TextEquiv>
                    <Unicode>Marie: Wird ihn schon holen bei Gelegenheit. I Mehn.</Unicode>
                </TextEquiv>
            </TextLine>
            <TextLine id="tr_2_tl_20" custom="readingOrder {index:19;}">
                <Coords points="464,2614 1344,2625 1838,2581 2531,2611 2575,2608 2578,2501 2247,2509 2150,2459 1689,2501 1501,2462 1007,2506 466,2487"/>
                <Baseline points="480,2612 585,2606 690,2604 795,2600 900,2601 1005,2595 1110,2594 1215,2595 1320,2586 1425,2585 1531,2579 1636,2576 1741,2573 1846,2573 1951,2570 2056,2566 2161,2563 2266,2562 2371,2559 2476,2574 2582,2591"/>
                <TextEquiv>
                    <Unicode>Baronin: Er weiss jelmehrscheinlich gar nicht, dass 1g</Unicode>
                </TextEquiv>
            </TextLine>
            <TextLine id="tr_2_tl_21" custom="readingOrder {index:20;}">
                <Coords points="472,2760 1372,2732 1510,2796 1860,2782 2114,2702 2622,2741 2685,2727 2688,2614 2208,2589 2070,2633 1949,2581 1595,2636 1424,2589 1294,2639 803,2597 475,2639"/>
                <Baseline points="486,2744 596,2740 706,2738 817,2732 927,2730 1037,2726 1148,2723 1258,2717 1368,2716 1479,2714 1589,2710 1699,2708 1810,2709 1920,2703 2030,2702 2141,2700 2251,2693 2361,2692 2472,2700 2582,2710 2693,2717"/>
                <TextEquiv>
                    <Unicode>einer da liogt. Das Zinner hat er ja aufgegeben. Psfil</Unicode>
                </TextEquiv>
            </TextLine>
            <TextLine id="tr_2_tl_22" custom="readingOrder {index:21;}">
                <Coords points="458,2926 676,2887 1256,2898 1333,2859 1670,2895 1827,2846 2200,2832 2459,2887 2583,2835 2586,2766 1507,2796 1278,2732 1046,2785 720,2746 461,2796"/>
                <Baseline points="474,2875 579,2869 685,2866 791,2864 897,2857 1003,2857 1109,2857 1214,2854 1320,2847 1426,2845 1532,2842 1638,2841 1744,2836 1850,2833 1955,2830 2061,2827 2167,2825 2273,2824 2379,2820 2485,2818 2591,2815"/>
                <TextEquiv>
                    <Unicode>Mario:(beschäftigt((vielleicht, dass man ihn den Fräu-</Unicode>
                </TextEquiv>
            </TextLine>
            <TextLine id="tr_2_tl_23" custom="readingOrder {index:22;}">
                <Coords points="469,3039 632,3003 845,3039 1593,3006 1595,2859 1341,2870 1209,2931 1118,2890 472,2920"/>
                <Baseline points="483,3006 538,3001 594,2997 650,2997 706,2997 762,2993 818,2993 873,2992 929,2989 985,2989 1041,2987 1097,2986 1153,2986 1209,2985 1264,2982 1320,2980 1376,2980 1432,2977 1488,2977 1544,2977 1600,2977"/>
                <TextEquiv>
                    <Unicode>lein rzurückschicken könnte,</Unicode>
                </TextEquiv>
            </TextLine>
            <TextEquiv>
                <Unicode></Unicode>
            </TextEquiv>
        </TextRegion>
    </Page>
</PcGts>
