2840 3480
654 452 2450 689 sie nichts und halten sie nich nicht etwa
648 668 2365 824 für kokett oder gar - (Rasch) ich trete
645 776 2411 925 mit den besten bsichten in die Ehe. lch
659 916 2501 1104 liebe Ludwig.Ich lübe ihn sehr.Und wegn er
638 1031 1382 1178 wir treu bleibt.
1111 1148 1311 1249 Wir
650 1176 2308 1350 Richard: Weilche Gedanken am Hochzeits-
634 1332 941 1435 abend-
638 1403 2331 1603 Antoinette: Sie werden zugeben, dass sie
2142 1545 2294 1633 Aber
627 1557 2296 1715 nicht ganz ohne Berechtigung sind) Ich
638 1669 1950 1846 kenne ihm: Sie kennen ihn auch.
622 1823 2344 1961 Richar d: (förmlich) Er wird sich seines
636 1959 2289 2113 Glücks gewiss nicht unwürdig erweisen.
629 2078 2429 2260 Antoinette: (lachend) Sie sprechen wie ein
622 2225 2429 2370 Buch. Seien Sie ehrlich.Wie lang werde ich
629 2328 1414 2478 ihn halten köfnen?
1913 2404 2473 2537 erttu denl
659 2452 2416 2645 Richerd:(Jedenfallsf so lange Sie wöflen.
622 2622 2335 2806 Antoinette: Käm es nur darauf an. (plötz-
611 2707 1493 2866 lich) liebt er nicht
604 2831 2067 3031 Richard: Wie können Sie zweifeln?
592 2997 2432 3196 Antoinette: Er hat Andere geliebt vor mir.
