2840 3448
1642 329 2175 458 Sii eur p Hav
1156 359 1519 470 winsab
567 409 2393 557 Franzi: ABBR prachtvoll.Wenn s bei uns zu-
555 509 2500 683 haus je so warm werden wöchte.-(sie rückt ei
543 654 2330 807 nen Stuhl zum ofen und hält die Füsse zu
552 780 1352 928 der okentüre hinl.
547 875 2466 1068 Baronin: (Menn Fräule in noch etwas würchei-
555 1015 2435 1211 Franzi: Bitte, machen sie sich keine Unstän-
540 1165 703 1289 do.
1335 1192 1613 1308 leu¬
1083 1202 1298 1328 ware
543 1282 2408 1454 Baronin: Nünseken die Herrschaften hier zu
543 1429 1032 1563 soupieren?
543 1558 2461 1710 Franzi: kann ich noch nicht sagen,Frau Paro
514 1664 1982 1800 nin (as wissen wir nie im Voraus)
533 1793 2459 1967 paronin: Es ist alles vorgerichtet.Die Marie
523 1928 2389 2086 kann jeden roment was holen gehen.Brauchen
518 2057 1860 2209 dann nur zu klingeln,Fraulein.
518 2188 2422 2350 Franzi: Marum laufen S denn dävon, Frau Ba-
523 2326 802 2471 ronin?
1962 2347 2413 2481 gleich kin.
511 2452 2326 2604 naronin: ner Herr Doktor wird höffentlich
504 2585 1672 2720 nicht lange warten lassen.
1846 2594 2139 2730 Barm.
506 2684 2267 2878 Franzi: Menn er überhaupt kanmt, Das kann
504 2803 2396 2999 man ja auch nie wissen.ste Bis neun wird ge-
499 2943 2364 3140 wartet,so ist es ausgemacht. (Dann goht man
