2824 3448
485 359 2349 594 die Ich durch neine ingriffe einfach inden
495 530 2190 704 Tod getrieben habe. Es ist nicht meine
490 654 2311 825 Schuld, dass Fünsller so empfindlich sind,
504 768 2316 944 Dreuling: Dass man sie einen Menschen wie
516 915 2316 1120 Sie frei harumlaufen lässt, wenigstens zu-
504 1096 915 1232 weilen-
506 1172 2378 1334 Armin: Gerade bei mir wundert Sie dasz Hal
516 1308 2249 1484 Aber kommen wir zur Sache, meine Herren.
533 1415 2259 1612 ls sollte eine kleine Schauspielerin
523 1538 2430 1778 noch dabei sein, die vielleicht mit nreuling
540 1731 1160 1859 gekommen ist).
533 1833 2297 1990 Armin: Praudereien in einem Theatorcafé,
530 1945 2444 2147 so werde ich meine wöchentlchen Entrefilets
540 2078 2361 2266 nennan. Paraonen: ein jugendlicher schau-
542 2242 906 2397 spieler
547 2373 1224 2549 Gregor: (nickt)
566 2489 1900 2620 Armin: Ein alternder Künstler
556 2613 1731 2756 Gregor: Wer soll das sein?
585 2770 1415 2886 (Die Ändern lachen)
556 2865 1907 3036 Armin: Dann ein zweiter lakät.
561 2979 2306 3188 Gregor: Ein vierter lakai, ein siebenter
