2856 3480
542 405 1700 571 Karl: Ich bin kein Meister
557 535 1663 719 Breuling: (äs meiss Gottf
1121 645 1327 726 haben
552 633 2237 868 Karl: Ng. Sie KhArx heute inen guten Ta-
547 787 2359 949 Sie(dritter Landsknecht) vierter Verschwo-
552 900 2305 1101 ner. (zu Gregor) Also sprecht,edier Lord
547 971 2457 1226 creg or: Ein ich Ihnen zu alt für den CPedsor
554 1185 2195 1354 Karl: Wie kommen Sie auf den Einfall?
1023 1285 1239 1373 that in
559 1292 1619 1481 Tregor: Klipp und klar..
569 1413 2170 1626 Dreuling: (Oder wenigstens (klipp. sein
2119 1472 2511 1575 deturirte
567 1562 2465 1731 Gregor: Still, sechster Berittener. Bin ich
576 1651 2239 1884 ihnen zu alt für den Fedor oder nicht?
569 1810 2511 2031 Karl: Ich sbllte etwas dergleichen geäussert
581 1974 1707 2146 haben? Mer das behauptet.
571 2038 2543 2256 Dreul ing: Jehxniakke Nicht Sie, andere behaup-
2001 2212 2153 2367 Rip
581 2237 1655 2394 ten es, ich zum Beispiel.
1415 2298 1714 2406 sollt Ihre
589 2315 2482 2521 Kakl: Soten sit Toht verürttig, Gregor) (51e
581 2462 2430 2649 haben heute noch eine Haltung, eine Leiden-
598 2585 2568 2788 schaft wie ein zwanzigjähriger). Ich würde des
594 2676 2509 2914 stück zurückzichen, wenn Sie den Foror nicht
601 2865 1918 3039 spieten voltten. renihli ulet
979 2980 1256 3058 in dentum
589 2960 2114 3218 Gregor: Spielen wir weiter. 26,36
