2904 3512
2301 259 2450 374 115
505 476 966 660 Herr Betck.
516 584 2581 736 H.Frick: Ich mache Sie aufmerksam,Herr Berg, dass ich
518 691 2536 895 im Theater nicht zu applaudieren pflege, welbst wenn
531 853 1293 1023 ich begeistert bin.
531 948 2631 1157 Karl: Ich stelle es Ihnen anheim, Herr Landesgerichts-
531 1094 2633 1275 rat, selbst Ihrem eventuellen Missfallen auf die übliü
542 1222 2484 1416 che Weise Ausdruck zu geben.-Nicht unmöglich, dass
544 1345 2319 1523 ich mich-allerdings lautlos-daran beteilige..
675 1516 859 1605 Heler
552 1466 2659 1673 Fr. Frick: Es gibt keinen Autor, der so streng mit sich
555 1628 2102 1788 selbst ins Gericht ginge, wie Herr Berg.
1170 1746 1489 1835 dundhe
544 1746 2568 1913 Frick: könnte das nicht - Sie verzeihen- Herr Berg,
555 1892 2060 2044 eine besondere Art von Hochmut sein?
565 1989 2494 2201 Karl: Sie ahnen gar nicht, Herr Fandesgerichtsrat,
563 2170 1756 2309 wie wahr Sie gesprochen haben.
568 2230 2607 2455 Frick: Ich ehne nicht nur, sondern ich weisgfwas ich
576 2460 908 2623 spreche.
1461 2497 1688 2623 gewit
610 2549 2047 2709 Karl: Sie halten mich für hochmütigs
1851 2557 2722 2717 en Nuhent, ellent de bercht
576 2667 2570 2879 Frick: Wis alle jungen Tbute. Jugend, die ihrer be-
2141 2754 2340 2848 Vrille
573 2772 2680 3010 musst ist, ist schon an sich Hochmut. (nd ihre Beschel
1440 2911 2227 3073 sacde ce nitertet.
589 2963 1382 3112 denheit erst recht.
589 3060 2437 3295 karl: Ich elaube manchmal, dass wir uns sanz eut
565 3261 1139 3379 verahawer
