2888 3464
563 406 2363 602 Richard:(fast vor sich hinfts waren oben.
558 630 870 741 Andere.
558 685 2363 875 Antoinette:ste meinen-Mädchen aus anderen
644 826 847 923 nund.
565 861 2397 1004 Kreisen? Mädchen - und Frauen, die seine Ge-
563 951 2358 1128 liebten wurden.) Muss er sie darum weniger
570 1094 1193 1265 geliebt haben?
575 1218 2372 1394 sicher d: Wie inmerfSie hat er zur Gattin
561 1403 918 1516 gewählt.
558 1456 2379 1624 Antoinette: Sie haben recht, das ist inver-
554 1599 2337 1751 hin etwas, denn, ich darf es sagen, er hei-
1924 1728 2213 1798 delblount
570 1728 2381 1908 ratet nich um meiner selbst willen.Ich ha-
600 1867 2377 2017 be keine Mitgift.Mein Vater ist so zien-
568 1987 2414 2234 lich zugrürde gegangen und tudnig weiss es
554 2171 1048 2284 natürlich.
565 2197 2324 2393 Richard: tek begreife Ihre Skrugel iuvor.
558 2437 909 2543 weniger.
561 2467 2349 2688 Antoinette.Sio sind sein Freund, Sie kon-
551 2644 2409 2799 nen seine vergangenheit.Ich will nur eines
1410 2769 1645 2852 re se
563 2776 2370 2981 wisgenfist er mit allem förtig, was hinter
563 2958 1022 3064 ihm liegt?
549 3032 2337 3240 Richard: Holchen Grind haben sie zu znei-
