2840 3480
538 426 1648 656 Gradl: Ich nuss bitten..
554 588 1429 779 Rutte: lbeschwichtät)
507 729 2281 909 CGradi: Ne in, was zu viel ist, ist zu viel.
1364 836 1615 925 fiecut
1110 836 1264 927 du
538 873 1756 1048 Karl: Gans neine Ansicht.)
536 1027 2323 1160 Fr. Klinkosch: Aber meine Herren - (reicht
536 1142 2291 1298 Karl ihre Rechte zum Kügen hin,dem Baron
520 1262 2296 1432 die linke) So - und jetzt ist der Friede
1643 1335 2495 1513 Helem mipt aufkur sech
528 1403 1063 1534 geschlossen.
1884 1439 2513 1552 cistat r Aulriret
2372 1481 2550 1599 leten
541 1505 2565 1703 Charl und Gradl reichen einander die Hand), une
2346 1625 2602 1703 gest. - Nn
522 1641 2623 1829 die Unterhaltung zwischen ihnen geht wei- dem den
2174 1743 2532 1878 Glacht mit
520 1797 703 1936 torl
515 1852 2323 2077 Marferleit ludnig etwas nach vor rechts.
522 2030 2270 2208 sicht auf die Uhr) Gch denke, ihr solltet
504 2124 2479 2323 dooh allmählie vergehrnten. Mirt nicht bal
1965 2244 2278 2354 seit zu
946 2265 1223 2338 toll die
507 2273 2281 2469 Ludwig: Mi list du de ine Tochter durchaus
504 2427 1607 2586 schon aus den Hause haben?
502 2526 2255 2730 Magen: sninnt ihn bei der Schulter,schüt
507 2670 2262 2848 tolt ihn jovial) Na- ja Kinder -(er als
1123 2777 1596 2863 nerteinen dinger
483 2819 2302 2986 riechte er sich die augenl Ihr fahrt wohl
489 2944 1500 3111 heute Abend näht negt.
494 3054 2385 3255 ludnig: O doch. Mer der Zug geht ja erst un-
