2824 3432
2297 257 2459 379 102
546 463 912 609 (Elingel)
536 590 2283 720 Milly: Ja, das wird das Fräulein Franzi sein.
541 736 2583 901 Mutier: Nein, die hat einen Schlüssel, (ab,kommt bald
1831 828 1977 901 line
533 841 2524 1020 wieder mit Briefen etc.) Die Bühnenzeitung, so ein
527 990 2551 1133 dummes Blattel, das muss sie abonnieren. (ein anderes
530 1101 2478 1282 Couvert) Für einen Ball eine Einladung. Da liegen
525 1247 2578 1407 noch sechse. Beinah zu allen kriegt sie Einladungen.
522 1371 2378 1534 Milly: No ja, als junge(schöne) Schauspielerin-
519 1504 2445 1653 Mutter: Sie geht aber nirgends hin.. Muh huht-
1020 1582 1263 1672 11.14
519 1631 2616 1777 Milly: Schad“. Ich mächt ihr ein so schönes Ballkleid
498 1769 2470 1918 machen. Nur ein bisl herrichten das Eillkleid vom
517 1880 2529 2050 vorigen Jahr, das sie zu dem Vortragsabend getragen.
514 2031 2391 2167 hat. Ich garantier Ihnen, Frau Finanzrat, sie käm-
511 2150 2683 2313 als Verlobte-nachhaus, wenn sie's nicht schön vielleicht
514 2291 1142 2426 im Geheimen ist.
1185 2283 1485 2459 Aus an
503 2405 2526 2594 Mutter:(Verlobtf/-was weiss man von so einem Müdel.
546 2559 1266 2694 Gar nix weiss man.
533 2670 2437 2800 (Man hört wie sich draussen der Schlüssel dreht)
525 2819 2459 2946 (Franzi kommt herein,ganz beschneit, sehr montiert
