2792 3384
142 1128 365 1262 Wosert
2256 262 2398 376 137
428 319 2406 564 Dregulein: (verabschiedet sichl Habe die Ehre. ich
422 531 2545 687 will nur der Frau Roveda einen Kondolenzbesuch machen.
439 673 2627 818 (klopft an die Lögentür 2, öffnet sie, drin die Roveda und
433 774 2597 970 ein älterer Herr, die Füre schllesst sich gleich wiederl
411 913 1826 1022 (Mathilde und, Richard neben einander,
428 989 2482 1120 Richar: Nun, was sagen Sie? Was sagst du, Mathilde?.,
1665 1063 2583 1158 Ishott kan Utheil. Ich ben 1o1
420 1101 2504 1278 Mathilde: Ich weiss nicht, ob's gut ist.)Jedenfalls„
651 1188 965 1281 der Dichb
417 1251 2123 1390 muss er traurige Erfahrungen gemacht haben.
428 1379 937 1504 Richard: Wer?
420 1472 2155 1632 Mathilde: Herr Berg natürlich, der Verfasser.
428 1605 2491 1785 Richard: Vielleicht ganz lustige. Wozu wäre man denn
428 1728 2444 1899 ein Dichter, wenn man nicht aus lustigen Erfahrungen
422 1880 2562 2055 ein Trauerspiel und aus traurigen ein Lustspiel machen
428 2022 722 2123 könnte.
411 2153 2142 2303 Mathilde: Schauspiel steht auf dem, Zettel.)
420 2278 2477 2439 Richard: So? (sie setzen sichauf den kleinen Diwan.)
417 2409 2507 2572 (Helene ist in ihre Loge zurückgegangen, sie steht und
422 2537 2594 2720 sieht mit dem Opernzucker inden Zuschauerraum, der unten
417 2684 921 2834 gedacht istl
411 2801 1433 2973 EexkxixAxkzuxKxxExxXExxk
422 2932 2559 3134 Frick:(zu Frau Veith) Ich kann mir nicht helfen, gnädig
