2808 3400
1929 233 2060 400 32
544 420 2372 585 Direktor: Ich danke, Herr Dögelmann. Wir wollen
1529 529 2367 605 indec eni ut st se bte
544 590 2377 739 andere Szenen durchmachen,Herr Gregor ist mit
547 694 2410 866 seiner Kolle/so ziemlich fertig..Wir wollen die
547 813 2559 997 Hauptszenen durchgehen: (Fedorpfannz, Gregor- Rored
534 947 2354 1116 Ist Fräulein Roveda noch immer nicht da? Herr
524 1086 2508 1245 Löblein bringen Sie vielleicht die Stichworte oder
934 1182 1177 1261 die bent
233 1139 461 1314 Satzir
524 1215 2235 1362 eine der Damen, Ist Fräulein Binder hier?
218 1286 453 1380 plosti d
180 1344 1764 1481 A4.An Löblein:(ruft) Fräulein Binder?
187 1445 471 1554 nede
526 1445 2422 1602 Franzis Stimme: (aus dem Zuschauerraum) Jasbittes
182 1534 413 1630 Zum
167 1595 509 1736 d bintti
519 1574 2405 1747 Direktor: Eitte, fräulein Binder, wollen Sie sich
1595 1701 2263 1785 di mar. Aitrius s
2288 1704 2455 1830 tet
529 1724 2306 1904 vielleieht heraufbemühen. Bitte lesen Sie die
519 1871 2468 2040 Kolle der Eran Fanny. Ich möchte gern den Schluss
524 1977 2410 2167 des Aktes hören. (zur Souffleuse) Geben sie dem
524 2121 2549 2298 Fräulein Ihr Buch. (Es geschicht) sind sie im Bilde
519 2265 2473 2433 Franzi: Natürlich, Herr Direktor.- Ich kenne ja das
1445 2362 1663 2534 sl1
524 2402 1445 2567 Stück, (begrüsst kand
524 2491 1673 2668 karl: Morgen, Fräulein Binder.
524 2643 2554 2815 Löblein: Also, Fedor allein auf der Bühne. (lkest aus
519 2767 2465 2949 dem Stück) Wie können einen die Menschen quälen-
519 2903 2377 3081 Gregor: (in der Kolle) Wie können einen die Men-
516 3048 1050 3210 schen muälen.
