2920 3528
236 325 440 528 10/.
275 633 454 755 Tr. V.
246 741 490 843 cesent
198 807 557 958 seleblitige
2121 392 2250 561 28
580 490 2152 674 Richard: (stand etwa noch mit Gradl).
578 604 2480 798 ludrig: lkompt in grauem Reissanzuel Ich dar
576 767 2231 922 ko dir.,dass du so freundlich warst...
576 898 1319 1041 Richard: (schweist
573 989 2453 1175 Ludnig: (Eigentlch wollt ich schon all diese
566 1116 2372 1302 Tago f Es handelt sich nänlich um Frauzi.
676 1271 1777 1428 chard: Mas ist's mit ihr?
569 1369 2362 1596 Ludnie: Du hast nichts von ihr gehört in
573 1531 1161 1691 letzter Zeitz
580 1658 1686 1806 Richard: Noher sollt ich?
569 1761 2489 1947 lüdnig: Bewäro ju vögtiek. Sie hat dir auch
571 1925 1371 2069 nicht g schrieben?
578 2002 2413 2226 Richerd: Wir? Mas hätte sie wir zu schrei-
564 2179 776 2339 bon?
585 2248 2489 2470 ludrig: Das ist allordings richtig. Abor ida
561 2403 2379 2587 die Freignisse verlahfen nicht inner nach
569 2527 2243 2721 den Gosotion der logikfand insboondere
573 2666 1952 2835 nicht nach gefassten Vorsätzen.
576 2733 2429 2952 Richard:(Du sohinst irgendnie besorgf loh
576 2929 2432 3108 denke doch, Ihr seid in besten Einvernohnen
573 3053 2296 3249 geschieden - in Freundschaft sozusagen?
