2872 3464
2080 247 2246 437 140
623 429 2408 618 ranzi (Und ich sage dir, du hast mir nichts zu
583 565 2476 719 verzeihen, da spüre ich heute...) Nimm alle Schuld
570 697 2355 845 auf dich, was immer da draussen aus mir werden
565 810 2059 972 mag... (Es ist vorbei wieder einmal.:)
578 959 2602 1131 ((Gregor müsste vorher abgehen und zwar nach links)
535 1075 2362 1264 (Dann winkt der Inspizient den Andern, dass sie
578 1232 1880 1380 bereit halten wieder aufzutreten!
578 1340 2405 1524 Gregok: (geht an Karl vorbei) Man hat mich doch
580 1489 1176 1628 gut verstanden?
570 1600 1206 1779 Karl: Allerdings
573 1744 1517 1842 Gregor“:(entfernt sich),
573 1885 1726 2032 Ansagen: (zu Karl) Gratul iere.
583 2014 2451 2110 (Die Mitteltüre wird geöffnet,die Leute strömen
570 2138 1598 2281 alle wieder auf die Szenel
560 2256 1239 2408 Eann Franzi: (als
1315 2234 2592 2440 Tanni) pei unbesorgt, Mlana, jetzt
563 2398 2276 2557 ist alles in Ordnung, ich kenne meinen Weg.
1229 2499 2208 2688 Un auch Veeelehhee
1671 2637 1910 2743 An
