2872 3464
2182 249 2492 391 163 b
523 361 2327 556 Direktor: (von links, zum Regisseur hinl - E
541 513 2553 635 (Man hört wieder eine Weile nur das Geraune von der
518 660 772 815 Bühne1
505 749 2281 955 (Direktor: (zu Läblein) kein Tempo,kein Tempo!
488 914 1140 1085 Löblein: (Gestel
523 1054 1364 1176 Direktor: Hören Sie?
511 1171 1803 1331 Läblein: Was denn, Herr Direktorz
513 1300 1615 1463 Direktor: Die Leute husten.
513 1430 2294 1593 Eäblein: Gott, alle Menschen sind jetzt verkül
518 1588 1806 1732 bei dem (schrecklichen) Tauwetter.
518 1689 2344 1842 Direktor: In zweiten Akt war keiner verkühlt?.
523 1847 2400 1938 (Wieder nur das Geraune von der Bühne) und von
2240 1872 2637 1991 ntumt. Bet)
521 1910 2550 2103 dieser klelken Franal versteht man kein Wort. Rück-
2314 2045 2530 2123 Bran
508 2075 2469 2256 wirts versteht man keine silbe. Der Doktor Bejer-
511 2197 2179 2377 hat mir grad gesagt, er versteht kein Wort.
513 2357 1869 2517 Löbleön: Er ist doch schwerhörig..
523 2461 2565 2614 Direktor: Was werden wir morgen in den Zeitungen zu
508 2624 1130 2723 lesen bekommen!
511 2730 2540 2906 ((seine Bemerkungen über Franzi müssen schon im vo-
503 2885 1654 3043 rigen Bild vorbereitet sein)
