2792 3480
295 1212 453 1352 Wgln
487 388 2347 596 man mich so allmählig völlig aus Ihrer Komädie
508 562 2497 761 norausstreicht) bitte, sohen Sie sich das einmel
515 728 658 824 an.
515 790 2476 995 Karl: Ha, ja, das hahe ich gestern tatsächlich nach
518 948 1479 1111 der Probe(mit Löblein-
528 1077 2603 1233 (Indess ist löblein aufgestanden, zurhte steht rechte
521 1202 2600 1383 mit dem Dokorationsnaler, Sie besprochen etwas wegen
2012 1321 2455 1409 Ia der  11
2300 1378 2471 1453 ste
526 1318 1893 1520 der an der Mand hängenden Bilderl.
2277 1430 2554 1554 Eiessh A. 1
521 1471 2209 1614 Karl: Wir können es auch wieder aufmachen.
521 1588 2528 1774 Loblein: (hat sich nach ihnen ungewendet) Die Szene
528 1722 2414 1886 nimmt kein Ende. Herr Berg, Sie haben es gestern
531 1865 1360 2033 selbst konstatiert.
526 1971 2458 2168 Karl: (gelangweilt) Wir werden ja sehen. Sprechen
528 2111 2419 2279 Sie's heute immerhin, Herr Dögelmann. Wir wollen
541 2251 2523 2414 heute die Szene einmal ohne Unterbrechung durchge-
531 2391 1740 2551 hen, nicht wahr, Herr Regisseur?
1041 2473 1264 2562 susit
541 2512 2414 2691 Löbleln: die unterbrochen doch inner, Herr Berg.
544 2663 2460 2815 karl: Ich werde heute still sein wie ein - Niese
541 2779 1867 2955 sind sie überhaupt schon so meite
541 2885 1831 3074 Grevor: Die Koroda ist nicht da.
539 3038 2582 3217 karl: An, 80.(Da werden wir doch eine Unbesetzung in
