2872 3464
241 678 449 829 Anse.
202 785 493 893 Er kemulde
219 863 488 956 tine nicht
202 936 493 1015 inisonel
180 1005 407 1105 ale jei
178 1073 446 1178 ret slik
183 1141 390 1307 Aebe.
224 2288 400 2414 Me
156 2385 449 2497 ud emine
200 2453 488 2551 ov deull
2070 293 2212 441 20
578 427 2514 622 intoinette: Das ist es eben, er ahnt es nicht.
1427 556 1578 637 Schlic
556 558 2517 751 Richard: Und am Ende weiss ich doch nicht, wa
558 707 2390 873 rum Sie mir das alles sagen(Es wäre - ver
554 836 2356 990 zeihen sie -nicht sehr tektvöll von mir.
539 966 2441 1124 wenn ich mir vermässe meinen Freunde Ludwig
1780 1078 2002 1168 erkeit
556 1080 2361 1256 auf schluss über ihr Wgsen zu geben und im
544 1232 2414 1366 ErAxEx Ernstfall hülfe es auch niekt wenig.
537 1351 2439 1497 Antainette; Sie haben mit jedem Worte recht,
537 1468 2490 1636 Richardfaber ich wollte nicht auf diese Rei-
524 1597 2378 1763 se gehen, ehe einer in dieses Herz geschaut
522 1753 724 1885 hat.
568 1861 2290 2036 Sophie:(das Stubenmädchen ist auf Hörrn
519 2010 1329 2122 Sidon zugekommen).
524 2141 1963 2288 sidon: Da steht sie und plaudert.
519 2256 2346 2441 Antoinette: Ja, da bin ich schon.Sie haben
515 2397 2468 2578 wohl seken Angst gehabt, dass ich ganz verges
510 2531 2373 2705 se. Nunf, gehen wir. Auf Niederschen, Richard.
524 2658 1810 2834 Richard: (kusst ihr die gandl.
493 2780 1700 2924 Antoinette: (mit Söphie ab).
537 2897 2449 3090 Sidon und Rschard.Fr rät ihr auch zu heira-
500 3056 1829 3205 ton-Gefahr des Hängenblolpens.
490 3153 2092 3356 karl, der dazu thitt, and nntn sions.
