2888 3464
484 382 2426 571 lebendige, die Sie vor sich sehen und die Sie an-
505 516 2361 704 betet. Ich will nicht. zugrunde gehen an dem, was
503 636 2358 825 vergangen,was überwunden, was -(sie spricht ohne
510 835 730 937 Buch)
547 893 2450 1076 Stimme der Roveda: (im Zuschauerraum) Bemühen Sie
513 1021 2413 1220 sich nicht weiter, mein Fräulein. (rasch über die
524 1167 2335 1377 Stufen, die vom Zuschauerraun rückwärts auf die
529 1293 2424 1502 Bühne führen, steht jetzt auf der Brücke) Ich bin
529 1440 1992 1610 schon da. Guten Morgen,Herr Dirdktor.
534 1568 2345 1741 Direktor: (sieht sie nur an. Spannung ringsuml.
542 1701 2442 1840 Roveda:(stellt sich neben Franzi, schiebt sie weg-
544 1806 2531 2000 und spricht die Rolle weiter.) Ich xker will nicht
550 1932 2604 2115 zu Grunde gehen an dem, was vergangen,was überwunden,
552 2136 1304 2241 was nie erlebt ist.
544 2178 2646 2424 Direktor: Fräulein Roreda, Sie werden nicht benötigt)
555 2322 1487 2539 meiter, Fräulsin Binder.
568 2463 2607 2667 Trenzl:/in der Kolle, aber zögerndl Sie selbst haben
563 2602 2440 2809 mir die Rettung gezeigt und nun wollen Sie mich
573 2780 1000 2924 verderben?
610 2874 2125 3062 Roroda: (sprechlos, sicht rings un sich
589 2987 2463 3240 Gresor: (voltor in der Kollo, offenber befriedigt
