2792 3400
2105 202 2309 371 178
472 333 1590 522 ich spteie morgen die Kolle.
482 477 2466 674 Dregulein:(zu Richard) so ist wohl dieses Brieferl
485 686 881 792 von Ihnen?
485 722 1633 901 Richerd: Sie hat ihn nicht bl
474 881 2382 1070 Dregulein: War nicht möglich. Sie war ja auf der
482 1020 2324 1201 Bühne. Hätte es was geholfen,wenn sie ihn noch
490 1141 1045 1320 gelesen hitte?
482 1237 2428 1514 Licherd: Wkann seiner 5 inne nöchtig, zelgt iun den
482 1436 737 1580 Briefl
2100 1464 2506 1595 N.n lest Bre
492 1529 2506 1688 Tregulein: (liest, halb für sich) Verzeih miga, ich u.
2287 1638 2534 1767 nien
485 1663 2271 1840 llebe lich, mergeniIvor sich hinl Morgeni s
492 1817 1444 1941 Ludwig: (kommt von links)
500 1910 2080 2122 Richard: (ihm entgegen) Was willst du dar
500 2069 1315 2259 Ludwig:(keine Szene.)
1368 2102 1693 2234 Iet er
492 2206 1343 2350 Zichard: Sie ist lot.
1325 2163 2461 2360 nut d. d a Selleni temp
1941 2294 2420 2375 peulet a
1017 2317 1184 2395 Nm
490 2329 2433 2524 Luduig: Ich weiss. Sie hat ihren Schwur gehalten.
467 2468 2491 2594 (Du hast ihr leider auch nicht darüber hinweghelfen
1095 2564 1873 2723 vor Rel bekner.
492 2582 810 2789 kinnen
538 2680 1928 2842 Tregulein:(stellt sich vor sie hinl
502 2864 1890 3006 Ludwig: Was wünschen Sie, mein Herre
