2808 3448
563 420 1035 591 Ferittener
577 541 2132 701 Karl: Ein Königreich für ein Pferd.
580 670 1467 825 Armini: Der Richter-
582 799 1472 980 Karl: Zu freundlich.
594 909 2313 1088 Armin: Mit Anführungszeichen natürlich.
568 1030 2313 1226 Ein Herr aus dem Publikum. Und endlich:
563 1178 2483 1359 (er deutet auf sich, sieht plötzlich Drauling
587 1340 1841 1450 an) Wagen Sie es, Dreuling1
589 1400 2409 1591 Dreuling: Hab ich das Wort Revolvor über-
596 1567 2223 1732 haupt ausgesprochen oder nur gedacht?
611 1674 2440 1896 Ahin: (erhobt sich. Es sicht gefährlich aus.
608 1820 2440 1984 Pause) Aath Aretino war einer. (setzt sich)
603 1970 2378 2106 Und in eiier Gesellschaft abgeschmackter
606 2087 2483 2259 Gecken und abgefeinter Drnen ist der Revol-
613 2197 2366 2409 verjournalist inner noch das reinlichste
603 2392 1018 2538 Exepplar.
615 2480 2163 2674 Cregor: Sollen wir uns das gefellen
618 2652 942 2817 lassen?
613 2752 1209 2903 dreuling: Ja.
611 2786 2476 3017 Grogor: Vor allew nuss ich in Nanen neiner
625 2979 2399 3189 abmesender Kolleginnen protestieren, dass
