<?xml version="1.0" encoding="UTF-8" standalone="yes"?>
<PcGts xmlns="http://schema.primaresearch.org/PAGE/gts/pagecontent/2013-07-15" xmlns:xsi="http://www.w3.org/2001/XMLSchema-instance" xsi:schemaLocation="http://schema.primaresearch.org/PAGE/gts/pagecontent/2013-07-15 http://schema.primaresearch.org/PAGE/gts/pagecontent/2013-07-15/pagecontent.xsd">
    <Metadata>
        <Creator>prov=READ-COOP:name=PyLaia@TranskribusPlatform:version=2.7.0:model_id=50870:lm=none:date=22_01_2024_17:28</Creator>
        <Created>2023-09-27T14:34:19.422+02:00</Created>
        <LastChange>2024-01-22T17:28:17.442+01:00</LastChange>
        <TranskribusMetadata docId="1589032" pageId="60122867" pageNr="48" tsid="145629668" status="IN_PROGRESS" userId="40391" imgUrl="https://files.transkribus.eu/Get?id=MEOTGBBFUPCFUOMFSTUCITZO&amp;fileType=view" xmlUrl="https://files.transkribus.eu/Get?id=HTISOEUXKMBLIBFWBMNIRETP" imageId="48547945"/>
    </Metadata>
    <Page imageFilename="1589032_0048.jpg" imageWidth="2856" imageHeight="3480">
        <ReadingOrder>
            <OrderedGroup id="ro_1711793807790" caption="Regions reading order">
                <RegionRefIndexed index="0" regionRef="tr_1"/>
            </OrderedGroup>
        </ReadingOrder>
        <TextRegion orientation="0.0" id="tr_1" custom="readingOrder {index:0;}">
            <Coords points="498,459 498,3194 2518,3194 2518,459"/>
            <TextLine id="tr_1_tl_1" custom="readingOrder {index:0;}">
                <Coords points="585,542 1228,525 1426,573 1708,515 1891,563 2034,517 2348,550 2351,432 2205,419 2017,467 1951,432 1484,472 1175,432 811,465 718,409 588,439"/>
                <Baseline points="599,522 686,523 774,523 862,525 950,521 1037,522 1125,522 1213,517 1301,519 1388,518 1476,515 1564,516 1652,516 1739,516 1827,516 1915,515 2003,510 2090,510 2178,510 2266,513 2354,516"/>
                <TextEquiv>
                    <Unicode>Baronin: Hat's lhnen neulich geschmeckt,</Unicode>
                </TextEquiv>
            </TextLine>
            <TextLine id="tr_1_tl_2" custom="readingOrder {index:1;}">
                <Coords points="535,650 1020,691 1261,650 1512,698 1670,650 1966,650 2089,693 2330,640 2428,691 2446,588 2310,545 2049,598 1926,547 1833,605 1512,552 1002,608 535,578"/>
                <Baseline points="549,647 644,649 739,648 834,647 929,647 1025,649 1120,645 1215,644 1310,643 1405,643 1501,643 1596,641 1691,641 1786,638 1881,638 1977,636 2072,635 2167,635 2262,634 2357,632 2453,635"/>
                <TextEquiv>
                    <Unicode>Herr Doktor? Das war aus der Silbernen Glo</Unicode>
                </TextEquiv>
            </TextLine>
            <TextLine id="tr_1_tl_3" custom="readingOrder {index:2;}">
                <Coords points="520,804 540,801 550,811 578,804 600,821 633,804 653,811 676,799 696,804 698,723 658,728 633,713 605,708 595,716 578,711 565,718 522,718"/>
                <Baseline points="537,773 564,773 592,773 620,773 648,772 676,771 704,775"/>
                <TextEquiv>
                    <Unicode>cke</Unicode>
                </TextEquiv>
            </TextLine>
            <TextLine id="tr_1_tl_4" custom="readingOrder {index:3;}">
                <Coords points="535,954 917,964 999,919 1374,897 1434,937 1718,919 1791,957 2192,899 2192,821 2122,799 1529,834 1429,799 1349,839 1037,816 974,773 799,836 537,806"/>
                <Baseline points="549,901 631,898 714,900 796,900 879,899 961,897 1044,895 1126,898 1209,898 1291,895 1374,895 1456,895 1539,894 1621,895 1704,895 1786,893 1869,892 1951,889 2034,889 2116,887 2199,892"/>
                <TextEquiv>
                    <Unicode>Richard: (Nicht aus dem „Roten Rössi“?</Unicode>
                </TextEquiv>
            </TextLine>
            <TextLine id="tr_1_tl_5" custom="readingOrder {index:4;}">
                <Coords points="1042,969 1085,982 1115,969 1133,977 1160,969 1170,979 1188,969 1203,974 1241,967 1241,914 1183,927 1143,902 1120,917 1115,912 1095,919 1042,907"/>
                <Baseline points="1056,958 1082,958 1109,959 1136,960 1163,961 1190,961 1217,959 1244,958"/>
                <TextEquiv>
                    <Unicode>wil</Unicode>
                </TextEquiv>
            </TextLine>
            <TextLine id="tr_1_tl_6" custom="readingOrder {index:5;}">
                <Coords points="532,1047 846,1035 1173,1087 1246,1052 2393,1052 2393,927 2295,974 2057,904 1793,957 1620,922 1082,982 532,952"/>
                <Baseline points="546,1026 638,1026 731,1026 823,1027 916,1026 1009,1026 1101,1026 1194,1026 1287,1023 1379,1023 1472,1022 1565,1025 1657,1023 1750,1022 1843,1022 1935,1020 2028,1021 2121,1020 2213,1020 2306,1017 2399,1017"/>
                <TextEquiv>
                    <Unicode>Baronin: Da waren der Herr Doktor ein paar</Unicode>
                </TextEquiv>
            </TextLine>
            <TextLine id="tr_1_tl_7" custom="readingOrder {index:6;}">
                <Coords points="530,1210 1338,1153 1431,1198 2097,1165 2378,1203 2378,1045 1974,1097 1675,1042 1562,1087 1359,1055 1150,1105 530,1072"/>
                <Baseline points="543,1158 635,1155 727,1155 819,1152 911,1155 1003,1152 1095,1155 1187,1152 1279,1149 1371,1152 1463,1149 1555,1149 1647,1152 1739,1149 1831,1149 1923,1149 2015,1149 2107,1146 2199,1146 2291,1141 2384,1143"/>
                <TextEquiv>
                    <Unicode>Mal nicht ganz zufrieden. Orum haben wir's</Unicode>
                </TextEquiv>
            </TextLine>
            <TextLine id="tr_1_tl_8" custom="readingOrder {index:7;}">
                <Coords points="535,1326 987,1281 2067,1313 2067,1228 1996,1241 1934,1188 1678,1236 1502,1178 537,1238"/>
                <Baseline points="552,1280 628,1280 704,1280 780,1280 856,1278 932,1278 1008,1276 1084,1277 1160,1277 1236,1274 1313,1277 1389,1277 1465,1277 1541,1274 1617,1276 1693,1274 1769,1274 1845,1274 1921,1276 1997,1277 2074,1283"/>
                <TextEquiv>
                    <Unicode>zuletzt bei der „Glocks" versucht.</Unicode>
                </TextEquiv>
            </TextLine>
            <TextLine id="tr_1_tl_9" custom="readingOrder {index:8;}">
                <Coords points="879,1391 917,1386 929,1401 1020,1351 1075,1369 1120,1346 1266,1361 1268,1293 1193,1306 1140,1283 1123,1301 1065,1286 977,1308 952,1291 927,1306 881,1303"/>
                <Baseline points="892,1352 917,1348 942,1345 967,1344 993,1345 1018,1346 1043,1346 1068,1346 1094,1346 1119,1344 1144,1343 1169,1343 1195,1342 1220,1340 1245,1340 1271,1340"/>
                <TextEquiv>
                    <Unicode>gerilt leche</Unicode>
                </TextEquiv>
            </TextLine>
            <TextLine id="tr_1_tl_10" custom="readingOrder {index:9;}">
                <Coords points="537,1464 1336,1409 1672,1449 1806,1406 2280,1431 2280,1341 2195,1313 1698,1354 1565,1313 1421,1356 1338,1318 942,1391 683,1316 537,1331"/>
                <Baseline points="552,1408 638,1410 725,1407 811,1408 898,1411 984,1408 1071,1408 1157,1408 1244,1406 1330,1405 1417,1404 1504,1405 1590,1402 1677,1400 1763,1402 1850,1402 1936,1404 2023,1402 2109,1402 2196,1402 2283,1405"/>
                <TextEquiv>
                    <Unicode>Richard? Gut,bleiben wir bei der Glocke.</Unicode>
                </TextEquiv>
            </TextLine>
            <TextLine id="tr_1_tl_11" custom="readingOrder {index:10;}">
                <Coords points="522,1554 2253,1559 2253,1459 1911,1464 1838,1426 1452,1487 522,1472"/>
                <Baseline points="537,1540 627,1537 717,1540 808,1540 898,1540 989,1540 1079,1538 1170,1535 1260,1537 1351,1535 1441,1534 1532,1537 1622,1537 1713,1537 1803,1537 1894,1534 1984,1534 2075,1531 2165,1531 2256,1531"/>
                <TextEquiv>
                    <Unicode>Baronin: Ich möchte auch raten, der Wirt</Unicode>
                </TextEquiv>
            </TextLine>
            <TextLine id="tr_1_tl_12" custom="readingOrder {index:11;}">
                <Coords points="522,1680 1123,1713 1361,1675 1539,1715 1675,1685 1725,1723 1909,1672 2278,1678 2278,1557 522,1620"/>
                <Baseline points="537,1665 624,1668 711,1668 798,1668 886,1668 973,1666 1060,1667 1148,1668 1235,1668 1322,1665 1410,1665 1497,1665 1584,1665 1671,1663 1759,1665 1846,1664 1933,1662 2021,1662 2108,1662 2195,1662 2283,1659"/>
                <TextEquiv>
                    <Unicode>nimnt sich sehr zusammen.(Auch die Hoch-</Unicode>
                </TextEquiv>
            </TextLine>
            <TextLine id="tr_1_tl_13" custom="readingOrder {index:12;}">
                <Coords points="522,1833 992,1806 1158,1841 1338,1803 1404,1856 1657,1873 1808,1813 2335,1823 2335,1745 2182,1700 1979,1740 1871,1703 1620,1748 1431,1710 1346,1755 1193,1713 1045,1760 861,1753 819,1713 522,1748"/>
                <Baseline points="537,1796 627,1796 717,1796 807,1796 898,1796 988,1797 1078,1797 1168,1796 1259,1796 1349,1802 1439,1796 1529,1796 1620,1793 1710,1796 1800,1793 1890,1796 1981,1796 2071,1793 2161,1790 2251,1790 2342,1793"/>
                <TextEquiv>
                    <Unicode>zeitsdiners in der ganzen Amgebung werden</Unicode>
                </TextEquiv>
            </TextLine>
            <TextLine id="tr_1_tl_14" custom="readingOrder {index:13;}">
                <Coords points="505,1946 623,1979 824,1966 902,1986 1007,1949 1050,1979 1160,1984 1160,1861 939,1851 879,1878 773,1856 726,1891 673,1858 593,1881 505,1833"/>
                <Baseline points="519,1925 551,1925 583,1925 616,1925 648,1925 680,1925 713,1926 745,1928 777,1926 810,1925 842,1925 874,1925 907,1927 939,1928 971,1928 1004,1928 1036,1928 1068,1928 1101,1928 1133,1932 1166,1936"/>
                <TextEquiv>
                    <Unicode>dort bestellt.</Unicode>
                </TextEquiv>
            </TextLine>
            <TextLine id="tr_1_tl_15" custom="readingOrder {index:14;}">
                <Coords points="517,2114 1047,2077 1306,2135 1434,2059 1660,2119 1939,2054 2453,2122 2453,1966 2371,1954 2190,2022 1974,1969 1459,2009 1288,1954 1173,1994 994,1959 517,1979"/>
                <Baseline points="531,2056 627,2056 723,2056 820,2056 916,2053 1013,2056 1109,2053 1205,2053 1302,2053 1398,2053 1495,2053 1591,2053 1687,2053 1784,2053 1880,2053 1977,2055 2073,2054 2169,2055 2266,2055 2362,2050 2459,2050"/>
                <TextEquiv>
                    <Unicode>Richard: Also schönfwenn's auch nicht gleibh</Unicode>
                </TextEquiv>
            </TextLine>
            <TextLine id="tr_1_tl_16" custom="readingOrder {index:15;}">
                <Coords points="520,2202 824,2192 1057,2238 1276,2180 1396,2215 1836,2202 1836,2109 1708,2099 1258,2137 1210,2104 520,2117"/>
                <Baseline points="534,2184 599,2184 664,2184 730,2184 795,2184 860,2184 926,2184 991,2181 1056,2183 1122,2181 1187,2181 1252,2181 1318,2178 1383,2178 1448,2181 1514,2181 1579,2181 1644,2181 1710,2181 1775,2183 1841,2187"/>
                <TextEquiv>
                    <Unicode>ein Hochzeitsdiner seiy muss.)</Unicode>
                </TextEquiv>
            </TextLine>
            <TextLine id="tr_1_tl_17" custom="readingOrder {index:16;}">
                <Coords points="515,2361 884,2368 974,2323 1283,2313 1570,2361 1788,2315 2034,2356 2107,2348 2109,2225 1703,2258 1479,2220 1406,2258 1278,2180 1037,2258 515,2255"/>
                <Baseline points="528,2316 607,2315 686,2313 765,2313 845,2313 924,2314 1003,2314 1082,2313 1162,2313 1241,2313 1320,2311 1399,2313 1479,2310 1558,2310 1637,2313 1716,2310 1796,2310 1875,2309 1954,2309 2033,2310 2113,2307"/>
                <TextEquiv>
                    <Unicode>Baronin: Has soll die Mario bringen?</Unicode>
                </TextEquiv>
            </TextLine>
            <TextLine id="tr_1_tl_18" custom="readingOrder {index:17;}">
                <Coords points="507,2491 836,2494 1025,2446 1213,2489 2087,2451 2087,2373 1929,2356 1755,2401 1617,2403 1537,2348 1424,2391 1173,2346 1020,2398 507,2388"/>
                <Baseline points="522,2441 600,2441 679,2443 757,2444 836,2441 914,2443 993,2445 1071,2443 1150,2438 1228,2441 1307,2443 1385,2441 1464,2438 1542,2443 1621,2442 1699,2441 1778,2441 1856,2441 1935,2440 2013,2439 2092,2441"/>
                <TextEquiv>
                    <Unicode>Richard:Das überlass ich ganz ihnen.</Unicode>
                </TextEquiv>
            </TextLine>
            <TextLine id="tr_1_tl_19" custom="readingOrder {index:18;}">
                <Coords points="497,2592 1223,2617 1479,2574 2094,2589 2290,2526 2511,2559 2514,2464 2250,2428 2177,2474 1562,2501 1158,2461 1047,2514 500,2514"/>
                <Baseline points="510,2569 610,2570 710,2570 811,2572 911,2572 1012,2571 1112,2569 1212,2572 1313,2572 1413,2569 1514,2567 1614,2568 1714,2569 1815,2562 1915,2540 2016,2536 2116,2530 2216,2527 2317,2522 2417,2518 2518,2515"/>
                <TextEquiv>
                    <Unicode>Baronin: Also wie gewöhnlich. (i klen sergen</Unicode>
                </TextEquiv>
            </TextLine>
            <TextLine id="tr_1_tl_20" custom="readingOrder {index:19;}">
                <Coords points="502,2712 902,2702 982,2757 1266,2707 1617,2700 1733,2745 1931,2707 2099,2765 2155,2732 2391,2760 2391,2617 2182,2574 1775,2649 1369,2592 1140,2649 502,2627"/>
                <Baseline points="516,2698 610,2698 704,2697 798,2698 892,2698 986,2698 1080,2698 1174,2698 1268,2696 1362,2692 1456,2695 1550,2695 1644,2695 1738,2695 1832,2697 1926,2695 2020,2697 2114,2696 2208,2698 2302,2698 2396,2695"/>
                <TextEquiv>
                    <Unicode>Richard: Ja, wie gewöhnlich und eine Flasche</Unicode>
                </TextEquiv>
            </TextLine>
            <TextLine id="tr_1_tl_21" custom="readingOrder {index:20;}">
                <Coords points="497,2850 776,2883 864,2840 947,2873 1195,2830 1276,2873 2152,2853 2152,2747 1559,2772 1318,2717 1178,2772 834,2707 497,2715"/>
                <Baseline points="510,2814 592,2820 674,2820 757,2823 839,2820 921,2823 1004,2826 1086,2826 1168,2821 1251,2821 1333,2821 1415,2820 1498,2820 1580,2820 1662,2823 1745,2821 1827,2822 1909,2823 1992,2826 2074,2826 2157,2820"/>
                <TextEquiv>
                    <Unicode>Chatoau Palugay oder dergleichen. u</Unicode>
                </TextEquiv>
            </TextLine>
            <TextLine id="tr_1_tl_22" custom="readingOrder {index:21;}">
                <Coords points="487,2971 874,2991 974,2956 1150,2993 1276,2953 1705,2951 2313,2988 2313,2898 2217,2865 1027,2906 927,2855 736,2893 600,2845 487,2880"/>
                <Baseline points="501,2951 591,2948 682,2951 773,2951 864,2948 955,2951 1046,2948 1137,2951 1228,2947 1319,2948 1410,2949 1500,2948 1591,2945 1682,2948 1773,2946 1864,2947 1955,2948 2046,2948 2137,2950 2228,2948 2319,2951"/>
                <TextEquiv>
                    <Unicode>Baronin: In einer halben Stunde ist alles</Unicode>
                </TextEquiv>
            </TextLine>
            <TextLine id="tr_1_tl_23" custom="readingOrder {index:22;}">
                <Coords points="1123,3089 1356,3069 1436,3134 1562,3049 2265,3076 2290,2981 2107,3008 1710,2961 1630,3001 1273,2948 1125,2993"/>
                <Baseline points="1137,3059 1194,3059 1252,3059 1310,3059 1368,3056 1425,3054 1483,3053 1541,3049 1599,3045 1656,3046 1714,3044 1772,3045 1830,3047 1887,3047 1945,3047 2003,3047 2061,3047 2118,3044 2176,3047 2234,3052 2292,3056"/>
                <TextEquiv>
                    <Unicode>Eigbt heer- du tabe meohe</Unicode>
                </TextEquiv>
            </TextLine>
            <TextLine id="tr_1_tl_24" custom="readingOrder {index:23;}">
                <Coords points="487,3139 568,3116 671,3124 721,3091 778,3081 846,3111 902,3101 899,3003 854,3016 804,2998 761,3024 673,3001 593,3029 485,3008"/>
                <Baseline points="498,3074 523,3076 549,3077 574,3077 600,3078 625,3080 651,3079 676,3077 702,3079 728,3080 753,3080 779,3080 804,3080 830,3083 855,3086 881,3084 907,3083"/>
                <TextEquiv>
                    <Unicode>da. (ab).</Unicode>
                </TextEquiv>
            </TextLine>
            <TextLine id="tr_1_tl_25" custom="readingOrder {index:24;}">
                <Coords points="1190,3204 1231,3224 1246,3212 1286,3242 1487,3217 1552,3237 1640,3214 1640,3106 1595,3114 1549,3094 1482,3147 1452,3147 1346,3069 1278,3116 1190,3121"/>
                <Baseline points="1205,3166 1230,3166 1256,3167 1282,3169 1308,3168 1334,3166 1359,3166 1385,3166 1411,3166 1437,3166 1463,3166 1489,3166 1514,3166 1540,3164 1566,3163 1592,3163 1618,3162 1644,3160"/>
                <TextEquiv>
                    <Unicode>mele bst</Unicode>
                </TextEquiv>
            </TextLine>
            <TextEquiv>
                <Unicode></Unicode>
            </TextEquiv>
        </TextRegion>
    </Page>
</PcGts>
