2952 3528
586 469 1874 670 Karl: Ich bin leider versagt.
589 615 2360 811 Sidon: Verzeihen Sie, ich kann mir denken
591 740 2411 907 Sie sind nachher wehrscheinlich mit Künst-
594 855 2444 1044 lern und Künstlerinnen oder wenigstens mit
598 991 2355 1199 einer, was ich ihnen natürlich an ehesten
586 1127 2411 1324 wänsche. Run he pun mit d ganz frndschef
601 1240 2456 1422 Karl: Leider nein, weder mitfalden noch mit
603 1379 2418 1582 einersich bin in einem ganz einfachen bür-
2109 1501 2501 1640 Rus. Eke
603 1520 2044 1683 gerlichen Haus geladen. zu Britt.
596 1601 2487 1838 Sidon: Hören Sie, da habe ich mir eigentlich
591 1762 2475 1980 den abend eines jungen Poeten nach der Pre-
608 1956 1697 2083 wiere anders vorgestellt.
606 2011 2408 2231 Karl: Annier (belastigt) Es gibt da wahr
603 2174 2375 2348 scheinlich keine bestimmte Regel.(Es ist
594 2286 2425 2494 alles ganz anders) Es stinnt nicht einmal
591 2408 2446 2578 dass der Dichter mit der Hauptdarstellerin
601 2549 2322 2717 unbedingt ein Verhältnis haben muss. Es
1372 2669 1515 2772 dene
594 2671 2434 2872 komnt ja vor, aber kontraktliche Verpflich-
879 2810 1075 2901 bun
601 2839 1812 3004 tung gibt es nicht.Aharxdas
1194 2940 1434 3023 derstet
594 2935 2521 3153 sidon: Aber das ergibt sich doch eigentlich
610 3093 2518 3255 von selbst. Schon die Atmosphäre, die Proben
