2840 3432
1789 244 1954 443 202
525 394 2643 617 Mutter: Aber glauben die, aix Fräulein Milly, mir ist's
226 592 2680 736 nil darum. Wenn's nur keine solche Flage wäre und kommt nichts
403 675 2570 885 heraus dabei.) (Blick auf die Wanduhr) Halbvier. Und um
375 849 2408 1016 sechs muss sie wieder im Theater sein. Und ins Bett
366 989 2595 1142 kommt sie nie vor elf oder zwölf. Sie könnt auch früher
375 1105 849 1264 zuhaus sein.
1136 1111 1673 1282 Ae wille de
369 1221 2326 1404 Milly: No das Fräulein wird manchmal am Abend mit
461 1343 2585 1542 llegen und Kolleginnen ein bischen Unterhaltung haben.
568 1484 2476 1664 r: Wür ihr zu gönnen. In Salzburg war sie ja nie
369 1499 565 1731 or
525 1609 2445 1777 zu bringen, höchstens dass wir einmal am Sonntag
366 1755 2430 1917 Abend im Wirtshaus unten gesessen sind. Da hat sies
360 1874 2497 2045 mehr meinetwegen getan, damit ich doch auch einmal eine
363 2012 2314 2170 Ansprache habe. Damals hat sie doch immer nur den
363 2118 2689 2305 Einen im Kopf gehabt. Wissen Sie, wie man sie geheissen hat?
1349 2241 1682 2329 mit ito.
357 2237 2613 2445 Franzi Jdie Unnahbare. (Na und schön hat er es ihr gelohnt:
363 2375 1737 2576 Sie wissen doch, er hat geheiratet?
354 2527 2427 2698 Milly: So , so. Ich habe ja nicht fragenwollen. Also
351 2640 1600 2842 geheiratet (hat, der Herr Doktor.
351 2787 2579 2964 Mutter: Ja, so ein Lump! WWenn noch ein Vater da gewesen
348 2930 681 3065 wör, na-
