2840 3464
2195 298 2353 456 11
568 419 1361 656 hat nich geboten.
1244 551 1456 688 slt
563 551 2253 771 kolens: biet da zum Nachtnahl Kuhauser
573 724 1895 917 Richard: Ich neiss noch nicht.
554 819 2517 966 Helene: Wenn du es doch möglich machen könn-
580 954 2373 1163 tost. Dor kape kränkt sich schon, dass du
566 1129 1163 1258 keinen Abend
566 1158 2439 1427 Lieberd: lungeduldtel zur Kränkung ist doch
571 1358 2039 1568 nahrhaftig ko in Anlass(Schnostort
568 1461 2405 1695 Rolono: Du reisst doch, wie Papa ist. Monn
580 1629 2458 1827 du renigstens an den Ahonden, wenn du zuhaur
588 1756 2351 1951 so bist, etwas fröhlicher dreinschautest.
588 1856 2424 2090 Richard: Be ist schrocklich iuner so beob-
1858 1975 2161 2070 eca Belt
578 1992 2417 2212 achtot zu werden. Man hat doch seine Stim
580 2188 900 2334 wungen.
578 2217 2488 2512 nolone: Wir brauobst da das Ja nloht zu se-
585 2451 773 2595 8on.
593 2507 2444 2705 Karl-(horbel, zu Relenel (ch will Ihnen für
1132 2636 1405 2731 mitlleh
593 2648 2485 2851 alle Fälle sagen, dass ich eine loge für Sie
593 2758 2363 2992 vorgobeet hedo. Sio ausson doerogen noch
585 2883 2173 3112 nicht bineineshen. Molegt inde R
595 3009 2322 3297 potono: das nied slob eindon. aber nolt
