2872 3448
2017 304 2168 424 157
526 437 2421 633 Eäblein: Wie ein Muschik wollte ich sagen. Fort
524 590 2564 738 mit diesem idiotischen Schnurrbart. Und eine andere
534 710 2528 899 Peröcke. Blond, weniger jüdisch, diskret.-Rasch! Ist
534 843 935 1029 noch Zeit?
539 973 2554 1162 Inspizient: In zweieinhalb Minuten ist Ihr Auftre-
539 1131 1228 1269 ten, Herr Grimm. Ir
516 1236 2454 1371 Moritzky: Bis dahin kann ich mich hundert Mal in
2002 1343 2401 1428 vewondeln
1714 1341 1943 1433 Iititi
996 1359 1269 1433 luntet
531 1384 2439 1535 von einem Techibuk in einen Muschik umschminken,
529 1507 1611 1678 (wenn es Ihnen bellebt.) (abl
529 1622 2503 1785 Karl: (begegnet ihm, trätt zu Löblein) Wer war denn
531 1793 712 1941 das?
562 1849 2615 2056 Löblein: Horr Grimm. So wollte er auf die Bühne. Ich
521 2028 2513 2191 habe ihn hinaufgeschickt, er soll wenigstens eine
529 2168 1440 2293 andere Perücke nehmen.
534 2278 2109 2457 karl: Warumz Er sah sehr originell aus.
547 2424 2388 2587 Eiblein: Man hätte gebrüllt. Ihr Stück wäre im
529 2518 2582 2720 colöchter des Publikums untergegangen. Cehn Minuten
534 2694 1050 2850 vor Schlusst
529 2786 2482 2980 karl: Eigentlich wür's gar nicht so übel gewegen,
526 2929 2457 3136 wenn man das lublikum vor dem beinahe tragischen
