2872 3448
342 1876 512 2048 Johr
225 2599 491 2772 tr. solle
227 2746 460 2884 de en
2090 261 2255 428 156
528 371 2453 606 Fräulein Franzi. Ein Bakst hat sie gekriegt, (Das
525 562 1620 661 wird jetzt öfters vorkommen.
1045 632 1332 726 meen
520 690 2477 852 Dregulein: Schauen Sie nach, ob eine Karte oder so
1797 765 1954 846 ten
528 802 2435 993 was dabei ist und bringen S' sie mit.(Vielleicht
536 940 2615 1129 kann man ihr eine Freud nachen, wenn sie herauskomnt.
525 1087 1400 1254 Garderobiere: (geht ab!
549 1170 2482 1311 (Vielleicht ein paar Worte zwischen Dregulein und
1191 1280 2155 1424 Ot di et en liebe kert.  de
530 1353 1134 1497 der Schnederin!
528 1445 2529 1651 Ein Schausptetor. Frack, in lächerlicher Maske tritt
530 1609 972 1758 auf, Iinks.
525 1675 1776 1878 Liblein: (Wer ist denn das?) bu
546 1842 2375 2033 Schauspieler: Sie erkennen mich nicht? Ich bin
522 1999 907 2150 Moritzkg.
525 2124 2555 2291 Liblein: Sie sind ja verrückt. Die Maske war ja ge-
522 2236 2390 2424 nau festgestellt. Was füllt Ihnen denn ein? der
520 2398 2375 2537 Moritzky: Herr Dfögelmann findet, ich sehe, sehr
1547 2464 2061 2607 I der Moplan
525 2511 1390 2605 charakteristisch aus.
536 2654 2631 2788 Liblein: Ich bin der Regisseur, nicht Herr Drögelmann.
530 2756 2532 2950 Sie sohen nicht aus wie ein siegenter Theateragent
517 2916 1758 3085 sie sehen aus wie ein Techibuk.
522 3054 980 3164 Moritzkg: 2
