2792 3480
534 424 2603 688 Abgelnann: (aus den Buch lesendl .. wer endlich aus-
531 628 2454 780 sen wir alle wieder in unseren Kreis zurück. Denn-
544 738 2449 963 undoro kleinen kriebnisss führen uns inner otnas
544 921 950 1073 tiofer....
542 997 2449 1209 Karl: (von linke, stwas verschlafen) Morger . En-
536 1159 1847 1340 Lsblein: Euten Morgen. Schon dar)
829 1245 978 1340 ken
542 1287 1175 1447 Karl: (zu fräht.
542 1410 2370 1591 Esblein: Ich habe in meinem Leben ak känen
542 1559 2527 1753 Autor gesohen, der sich so wenig für soin Stück in-
544 1698 981 1847 teressiert.
544 1711 2485 1988 kart: Ee interossiert mich schon, ich finde os nur
756 1902 1183 2001 teglich, dlecht.
542 1970 1075 2117 fürchterlich.
542 2085 2559 2237 Gregor: (übel gelannt) Warum lassen Sie es dann auf-
542 2171 2608 2389 führen? Marum müssen wir arme Kunde uns damit herun-
544 2357 832 2504 Plegenr
531 2465 2349 2632 Karl: (ch, ein anderes wär auch nicht besset."
1020 2551 1460 2640 Sehl meihe nib
1826 2538 2548 2655 te torriol. va p tut
549 2593 2124 2771 lain Maschinenmeister tritt zu Läbleinl
544 2734 1905 2886 Loblein; Was gibt es schon wiederz
531 2852 2637 3032 Dögelmann: (zu Karl) Wenn Ihnen Ihr Stück so egal ist,
531 2996 2425 3184 würde eo Ihuen wohl auch glelchgältig soln, dass
