<?xml version="1.0" encoding="UTF-8" standalone="yes"?>
<PcGts xmlns="http://schema.primaresearch.org/PAGE/gts/pagecontent/2013-07-15" xmlns:xsi="http://www.w3.org/2001/XMLSchema-instance" xsi:schemaLocation="http://schema.primaresearch.org/PAGE/gts/pagecontent/2013-07-15 http://schema.primaresearch.org/PAGE/gts/pagecontent/2013-07-15/pagecontent.xsd">
    <Metadata>
        <Creator>prov=READ-COOP:name=PyLaia@TranskribusPlatform:version=2.7.0:model_id=50870:lm=none:date=22_01_2024_17:28</Creator>
        <Created>2023-09-27T14:34:18.037+02:00</Created>
        <LastChange>2024-01-22T17:28:15.365+01:00</LastChange>
        <TranskribusMetadata docId="1589032" pageId="60122810" pageNr="35" tsid="145629649" status="IN_PROGRESS" userId="40391" imgUrl="https://files.transkribus.eu/Get?id=TCMLXDEHPFBPVMNTXXJNIQZZ&amp;fileType=view" xmlUrl="https://files.transkribus.eu/Get?id=JPCGJYRTSIQEXUVUERTFNTCN" imageId="48547888"/>
    </Metadata>
    <Page imageFilename="1589032_0035.jpg" imageWidth="2904" imageHeight="3496">
        <ReadingOrder>
            <OrderedGroup id="ro_1711793790717" caption="Regions reading order">
                <RegionRefIndexed index="0" regionRef="tr_1"/>
            </OrderedGroup>
        </ReadingOrder>
        <TextRegion orientation="0.0" id="tr_1" custom="readingOrder {index:0;}">
            <Coords points="591,543 591,3284 2552,3284 2552,543"/>
            <TextLine id="tr_1_tl_1" custom="readingOrder {index:0;}">
                <Coords points="623,635 827,657 1013,608 1171,640 1383,594 2516,628 2484,524 2210,495 2109,544 1950,515 1869,556 1698,476 1472,464 1417,503 1171,476 1037,517 859,479 721,544 623,503"/>
                <Baseline points="635,600 729,597 823,597 918,595 1012,598 1106,597 1201,594 1295,598 1389,594 1484,596 1578,594 1672,594 1767,594 1861,595 1955,594 2050,593 2144,592 2238,591 2333,591 2427,591 2522,591"/>
                <TextEquiv>
                    <Unicode>Richard: Du sagtest es schon. -Ihr schiedet</Unicode>
                </TextEquiv>
            </TextLine>
            <TextLine id="tr_1_tl_2" custom="readingOrder {index:1;}">
                <Coords points="616,729 820,738 976,803 2119,729 2549,808 2549,633 2369,673 2225,620 2054,657 1782,599 1385,676 1135,630 1046,666 616,633"/>
                <Baseline points="629,722 725,719 821,720 917,722 1013,722 1109,722 1205,722 1302,719 1398,722 1494,722 1590,723 1686,720 1782,721 1878,716 1975,719 2071,721 2167,717 2263,719 2359,719 2455,719 2552,722"/>
                <TextEquiv>
                    <Unicode>im besten Einvernehmen. Und sie hat doch auch</Unicode>
                </TextEquiv>
            </TextLine>
            <TextLine id="tr_1_tl_3" custom="readingOrder {index:2;}">
                <Coords points="1703,796 1753,789 1770,801 1797,794 1847,801 1871,786 1898,810 1936,801 1936,736 1869,724 1811,741 1799,731 1746,741 1739,731 1705,731"/>
                <Baseline points="1716,788 1741,787 1766,785 1791,785 1816,785 1842,785 1867,785 1892,785 1917,784 1943,782"/>
                <TextEquiv>
                    <Unicode>hirlon</Unicode>
                </TextEquiv>
            </TextLine>
            <TextLine id="tr_1_tl_4" custom="readingOrder {index:3;}">
                <Coords points="616,878 755,856 859,919 1128,911 1255,859 1424,914 1883,859 2393,880 2393,777 2285,755 1950,772 1902,810 616,770"/>
                <Baseline points="629,850 717,847 806,847 894,850 983,847 1071,847 1160,850 1248,847 1337,847 1425,850 1514,850 1603,850 1691,847 1780,847 1868,850 1957,850 2045,847 2134,847 2222,847 2311,849 2400,853"/>
                <TextEquiv>
                    <Unicode>seither nichts von sich(Sie hat dir doch</Unicode>
                </TextEquiv>
            </TextLine>
            <TextLine id="tr_1_tl_5" custom="readingOrder {index:4;}">
                <Coords points="601,1003 1089,974 1212,1039 1380,1034 1455,986 1806,1027 2465,1008 2465,875 2419,871 2044,928 601,926"/>
                <Baseline points="615,973 707,973 800,973 893,972 986,970 1079,970 1171,973 1264,971 1357,972 1450,973 1543,972 1635,973 1728,970 1821,973 1914,973 2007,973 2099,973 2192,970 2285,970 2378,970 2471,973"/>
                <TextEquiv>
                    <Unicode>nicht gedroht oder noch einmal geschworen?</Unicode>
                </TextEquiv>
            </TextLine>
            <TextLine id="tr_1_tl_6" custom="readingOrder {index:5;}">
                <Coords points="616,1188 746,1152 1207,1195 2059,1101 2290,1147 2335,1106 2525,1116 2525,1053 2417,1017 2083,1056 1840,1003 1768,1053 1402,1015 1174,1075 1082,1032 952,1058 825,988 616,1005"/>
                <Baseline points="629,1101 728,1096 828,1098 928,1098 1028,1098 1128,1098 1228,1098 1328,1101 1428,1100 1528,1100 1628,1095 1728,1098 1828,1098 1928,1099 2028,1095 2128,1098 2228,1095 2328,1095 2428,1098 2528,1092"/>
                <TextEquiv>
                    <Unicode>Ludnig: Nein. Aber)erst heute ist wein Hock</Unicode>
                </TextEquiv>
            </TextLine>
            <TextLine id="tr_1_tl_7" custom="readingOrder {index:6;}">
                <Coords points="613,1236 1010,1243 1010,1183 928,1178 880,1152 806,1181 770,1152 734,1150 695,1183 613,1188"/>
                <Baseline points="626,1227 651,1227 677,1227 703,1227 729,1227 755,1227 781,1227 807,1227 833,1227 859,1228 885,1229 911,1232 937,1235 963,1237 989,1238 1015,1235"/>
                <TextEquiv>
                    <Unicode>zeitstag.</Unicode>
                </TextEquiv>
            </TextLine>
            <TextLine id="tr_1_tl_8" custom="readingOrder {index:7;}">
                <Coords points="606,1361 993,1354 1133,1431 1330,1380 1417,1419 1770,1397 1934,1349 2422,1390 2403,1234 2148,1291 2095,1258 1753,1311 1279,1272 998,1320 794,1246 606,1243"/>
                <Baseline points="620,1355 710,1352 800,1355 891,1358 981,1355 1071,1352 1162,1355 1252,1355 1342,1355 1433,1355 1523,1352 1613,1355 1704,1352 1794,1352 1884,1351 1975,1349 2065,1351 2155,1349 2246,1352 2336,1349 2427,1355"/>
                <TextEquiv>
                    <Unicode>Richard: Der Tag war längst bestimmt Menn</Unicode>
                </TextEquiv>
            </TextLine>
            <TextLine id="tr_1_tl_9" custom="readingOrder {index:8;}">
                <Coords points="613,1508 875,1561 1849,1513 1919,1542 2015,1496 2311,1481 2463,1522 2463,1414 2374,1392 2112,1388 1890,1441 1760,1390 1645,1436 613,1426"/>
                <Baseline points="626,1474 718,1480 810,1477 902,1477 994,1477 1086,1481 1178,1479 1270,1477 1362,1477 1454,1479 1546,1479 1638,1481 1730,1480 1822,1482 1914,1482 2006,1478 2098,1477 2190,1480 2282,1480 2374,1477 2466,1474"/>
                <TextEquiv>
                    <Unicode>ihr Schwerz unstillbar warzwarum hätte sie</Unicode>
                </TextEquiv>
            </TextLine>
            <TextLine id="tr_1_tl_10" custom="readingOrder {index:9;}">
                <Coords points="601,1626 1022,1614 1130,1683 1347,1638 1503,1664 1664,1616 1664,1527 1623,1520 1342,1570 601,1513"/>
                <Baseline points="615,1606 667,1607 720,1608 773,1606 826,1606 879,1606 931,1606 984,1607 1037,1609 1090,1607 1143,1606 1195,1606 1248,1606 1301,1607 1354,1609 1407,1607 1459,1606 1512,1606 1565,1606 1618,1606 1671,1606"/>
                <TextEquiv>
                    <Unicode>bis heute warten sollen?</Unicode>
                </TextEquiv>
            </TextLine>
            <TextLine id="tr_1_tl_11" custom="readingOrder {index:10;}">
                <Coords points="613,1789 859,1823 1061,1734 1263,1780 1417,1736 1455,1768 1924,1732 2422,1763 2391,1616 2263,1662 1890,1631 1265,1691 1116,1681 1041,1621 613,1621"/>
                <Baseline points="626,1734 716,1734 806,1737 896,1737 986,1737 1076,1734 1166,1731 1256,1734 1346,1734 1436,1737 1526,1734 1616,1734 1706,1734 1796,1731 1886,1731 1976,1734 2066,1731 2156,1737 2246,1734 2336,1731 2427,1737"/>
                <TextEquiv>
                    <Unicode>Ludwig: Der schwur gilt für heute. När das</Unicode>
                </TextEquiv>
            </TextLine>
            <TextLine id="tr_1_tl_12" custom="readingOrder {index:11;}">
                <Coords points="599,1873 700,1898 748,1866 1097,1869 1207,1941 1301,1902 1390,1912 1371,1775 1236,1811 1121,1770 986,1816 758,1789 599,1809"/>
                <Baseline points="612,1859 651,1859 690,1859 729,1859 769,1861 808,1862 847,1861 886,1859 926,1859 965,1859 1004,1859 1043,1859 1083,1859 1122,1860 1161,1862 1200,1862 1240,1862 1279,1862 1318,1862 1357,1860 1397,1859"/>
                <TextEquiv>
                    <Unicode>nicht Grund genug?</Unicode>
                </TextEquiv>
            </TextLine>
            <TextLine id="tr_1_tl_13" custom="readingOrder {index:12;}">
                <Coords points="606,1994 1597,1996 1828,2047 2145,2001 2268,2059 2364,2037 2364,1861 2256,1914 2136,1871 1934,1910 1852,1878 1431,1946 1373,1907 1063,1946 750,1866 606,1878"/>
                <Baseline points="620,1985 707,1988 795,1988 882,1988 970,1990 1057,1991 1145,1989 1232,1991 1320,1991 1407,1989 1495,1988 1582,1988 1670,1988 1757,1988 1845,1986 1932,1987 2020,1987 2107,1987 2195,1985 2282,1985 2370,1985"/>
                <TextEquiv>
                    <Unicode>Richard: Du hast ja doch bis heute Gndie</Unicode>
                </TextEquiv>
            </TextLine>
            <TextLine id="tr_1_tl_14" custom="readingOrder {index:13;}">
                <Coords points="589,2133 1320,2116 1477,2152 1532,2121 1614,2169 2196,2179 2482,2136 2463,2044 1739,2073 1506,2018 1147,2078 818,2044 589,2073"/>
                <Baseline points="603,2119 697,2116 791,2119 885,2119 980,2118 1074,2118 1168,2116 1263,2116 1357,2116 1451,2115 1546,2119 1640,2116 1734,2116 1828,2118 1923,2116 2017,2116 2111,2118 2206,2118 2300,2116 2394,2116 2489,2116"/>
                <TextEquiv>
                    <Unicode>ser Hinsicht die geringsten Sorgen gepacht?</Unicode>
                </TextEquiv>
            </TextLine>
            <TextLine id="tr_1_tl_15" custom="readingOrder {index:14;}">
                <Coords points="1190,2196 1433,2184 1484,2208 1503,2191 1530,2205 1561,2189 1563,2131 1534,2124 1477,2152 1465,2140 1361,2143 1323,2116 1291,2131 1193,2126"/>
                <Baseline points="1203,2179 1229,2180 1255,2182 1281,2182 1307,2182 1333,2182 1359,2181 1385,2179 1411,2177 1437,2176 1463,2176 1489,2176 1515,2176 1541,2176 1567,2176"/>
                <TextEquiv>
                    <Unicode>dio secpte</Unicode>
                </TextEquiv>
            </TextLine>
            <TextLine id="tr_1_tl_16" custom="readingOrder {index:15;}">
                <Coords points="604,2256 1041,2261 1157,2328 1551,2290 1643,2328 1958,2323 2292,2253 2513,2278 2499,2155 1484,2208 1195,2201 1027,2126 604,2126"/>
                <Baseline points="617,2248 712,2248 807,2251 902,2251 997,2251 1092,2249 1187,2248 1282,2248 1377,2248 1472,2248 1568,2245 1663,2249 1758,2249 1853,2249 1948,2245 2043,2247 2138,2245 2233,2245 2328,2248 2423,2245 2519,2251"/>
                <TextEquiv>
                    <Unicode>Ludwig: Richt bis zu den Augenblick bis Ar-</Unicode>
                </TextEquiv>
            </TextLine>
            <TextLine id="tr_1_tl_17" custom="readingOrder {index:16;}">
                <Coords points="589,2383 1246,2383 1325,2439 1787,2453 1989,2393 2504,2403 2506,2314 2249,2275 2155,2328 2061,2290 1693,2330 1376,2297 976,2345 589,2297"/>
                <Baseline points="603,2376 698,2374 794,2375 889,2376 985,2376 1080,2376 1176,2379 1271,2377 1367,2377 1462,2376 1558,2374 1653,2378 1749,2376 1844,2376 1940,2379 2035,2377 2131,2379 2226,2376 2322,2374 2417,2373 2513,2370"/>
                <TextEquiv>
                    <Unicode>tounette und ich die pinge wöchselten. Seit-</Unicode>
                </TextEquiv>
            </TextLine>
            <TextLine id="tr_1_tl_18" custom="readingOrder {index:17;}">
                <Coords points="1046,2441 1058,2441 1068,2451 1097,2441 1126,2443 1162,2460 1174,2456 1176,2448 1200,2446 1198,2393 1181,2388 1159,2393 1145,2383 1138,2388 1130,2383 1123,2393 1106,2391 1092,2398 1070,2383 1044,2383"/>
                <Baseline points="1059,2430 1088,2436 1117,2439 1147,2439 1176,2439 1206,2439"/>
                <TextEquiv>
                    <Unicode></Unicode>
                </TextEquiv>
            </TextLine>
            <TextLine id="tr_1_tl_19" custom="readingOrder {index:18;}">
                <Coords points="577,2516 880,2513 1126,2597 1364,2593 1599,2508 1801,2554 2157,2513 2297,2566 2354,2530 2477,2552 2480,2451 1383,2427 969,2468 743,2383 577,2453"/>
                <Baseline points="591,2501 685,2506 780,2507 875,2507 970,2510 1064,2506 1159,2507 1254,2505 1349,2507 1443,2507 1538,2505 1633,2507 1728,2507 1822,2504 1917,2504 2012,2506 2107,2504 2201,2504 2296,2504 2391,2501 2486,2498"/>
                <TextEquiv>
                    <Unicode>den aber, von Stunde zu Stunde inmer stärke-</Unicode>
                </TextEquiv>
            </TextLine>
            <TextLine id="tr_1_tl_20" custom="readingOrder {index:19;}">
                <Coords points="587,2653 623,2643 635,2653 657,2650 669,2658 676,2650 685,2653 700,2641 712,2641 714,2530 700,2532 683,2523 664,2528 649,2520 645,2525 635,2520 589,2528"/>
                <Baseline points="600,2636 629,2636 659,2635 689,2633 719,2639"/>
                <TextEquiv>
                    <Unicode>r0.</Unicode>
                </TextEquiv>
            </TextLine>
            <TextLine id="tr_1_tl_21" custom="readingOrder {index:20;}">
                <Coords points="1686,2682 1722,2686 1729,2679 1780,2703 1797,2689 1828,2696 1893,2684 1893,2597 1873,2595 1857,2607 1830,2590 1804,2614 1772,2614 1727,2588 1717,2593 1686,2583"/>
                <Baseline points="1698,2672 1723,2673 1748,2674 1773,2674 1798,2674 1823,2672 1848,2673 1873,2674 1898,2674"/>
                <TextEquiv>
                    <Unicode>mitt</Unicode>
                </TextEquiv>
            </TextLine>
            <TextLine id="tr_1_tl_22" custom="readingOrder {index:21;}">
                <Coords points="592,2775 902,2771 1080,2852 1164,2819 1481,2838 1582,2775 1813,2823 1931,2780 2092,2828 2357,2807 2357,2696 2290,2686 2047,2718 1621,2667 1556,2713 1246,2694 1147,2734 914,2646 592,2662"/>
                <Baseline points="606,2767 693,2764 781,2764 869,2766 957,2766 1045,2764 1133,2766 1221,2764 1309,2764 1397,2764 1485,2764 1572,2764 1660,2764 1748,2764 1836,2764 1924,2767 2012,2767 2100,2767 2188,2767 2276,2764 2364,2761"/>
                <TextEquiv>
                    <Unicode>Richard:(Ich glaube, du bist toll, ja toll</Unicode>
                </TextEquiv>
            </TextLine>
            <TextLine id="tr_1_tl_23" custom="readingOrder {index:22;}">
                <Coords points="580,2917 948,2900 1044,2973 1130,2975 1664,2941 1746,2973 2068,2903 2501,2917 2501,2826 2367,2809 1797,2848 1604,2773 1481,2838 1051,2852 899,2771 580,2780"/>
                <Baseline points="594,2895 689,2895 785,2897 880,2895 976,2895 1071,2892 1167,2895 1262,2894 1358,2895 1453,2895 1549,2893 1644,2893 1740,2892 1835,2895 1931,2893 2026,2895 2122,2893 2217,2895 2313,2893 2408,2892 2504,2892"/>
                <TextEquiv>
                    <Unicode>andz nur vor Eitolkeitfner sagt dir, dass ei</Unicode>
                </TextEquiv>
            </TextLine>
            <TextLine id="tr_1_tl_24" custom="readingOrder {index:23;}">
                <Coords points="630,3042 904,3030 1049,3100 2241,3050 2241,2912 1736,2977 849,2973 630,2915"/>
                <Baseline points="644,3021 724,3024 804,3025 884,3024 964,3024 1045,3024 1125,3027 1205,3025 1285,3026 1365,3024 1446,3024 1526,3024 1606,3026 1686,3024 1766,3024 1847,3021 1927,3021 2007,3022 2087,3024 2167,3024 2248,3024"/>
                <TextEquiv>
                    <Unicode>sie sich nicht längst getröstet hat?</Unicode>
                </TextEquiv>
            </TextLine>
            <TextLine id="tr_1_tl_25" custom="readingOrder {index:24;}">
                <Coords points="584,3167 1075,3175 1178,3218 1503,3160 1866,3218 2266,3194 2266,3086 1847,3057 1712,3105 1597,3064 1364,3107 1263,3069 1000,3102 957,3066 904,3114 584,3081"/>
                <Baseline points="597,3158 680,3158 764,3155 847,3155 931,3153 1014,3154 1098,3152 1181,3155 1265,3149 1348,3152 1432,3152 1516,3150 1599,3151 1683,3152 1766,3152 1850,3152 1933,3155 2017,3158 2100,3156 2184,3155 2268,3158"/>
                <TextEquiv>
                    <Unicode>Ludwig: Ki Du meinst mit einem Andern?</Unicode>
                </TextEquiv>
            </TextLine>
            <TextLine id="tr_1_tl_26" custom="readingOrder {index:25;}">
                <Coords points="589,3307 810,3259 907,3302 1089,3297 1138,3256 1335,3309 1443,3266 1712,3271 1712,3191 1174,3218 589,3179"/>
                <Baseline points="603,3245 658,3246 714,3252 770,3256 826,3257 882,3260 937,3259 993,3257 1049,3254 1105,3254 1161,3254 1216,3256 1272,3257 1328,3253 1384,3252 1440,3256 1495,3257 1551,3257 1607,3260 1663,3263 1719,3260"/>
                <TextEquiv>
                    <Unicode>b. iit costis- ole de blechtl weht</Unicode>
                </TextEquiv>
            </TextLine>
            <TextEquiv>
                <Unicode></Unicode>
            </TextEquiv>
        </TextRegion>
    </Page>
</PcGts>
