2824 3432
162 207 617 333 24.10.192
2079 295 2210 424 52
560 395 2250 543 Franzi: Woher hätte ich es denn wissen
564 531 2346 736 sollen? Qu hast ja seitdem seinen Namen
550 662 1476 831 nicht ausgesprochen.
1874 688 2579 850 At u Rei bergens guch
1541 741 1822 843 Stangin
567 779 2465 938 Richard: Es war eine sehr schöne Hochzeit.-
1098 898 2267 991 Antue. Amnt lielem. dec ded tenrel uo
567 969 2379 1062 lm übrigen soll ich ihm nach Venedig tele-
200 945 438 1067 keiner
186 1057 500 1191 Antracht
572 1064 1831 1231 graphieren ins Hotel lanieli.
567 1181 2372 1348 Franzi: Was heisst das?) Was sollst du ihm
555 1314 1236 1457 telegraphieren?
526 1417 2438 1610 (Richard: (Er möchte wissen J es interessiert
560 1567 2319 1717 ihn begreifliekerweise, ob du dein Not ge-
972 1684 1212 1774 CEmner
557 1693 2067 1872 halten - und dich umgebracht häst.
564 1860 2160 1974 Franzi: Was sprichst du für Unsinn?
1353 1945 1631 2029 Umeim
572 1993 2329 2150 Richard: (ohne sie anzusehen) Du hast ihm
564 2110 2267 2255 geschworen, dass du dich, an seinem Hoch-
572 2217 2322 2379 zeitstage. umbringen wirst-oder in seiner
564 2350 2338 2503 Hochzeitsnacht, ich weiss nicht genau.Am-
1388 2457 1679 2555 ratun uh
657 2472 2160 2653 letzteren Falle) wäre es noch Zeit.
562 2607 1681 2788 Franzi: Was redest du daz
569 2765 2453 2917 Richard: Hast du ihm etwa nicht geschworen?
572 2879 2296 3069 Franzi: (ich erinnere mich nicht mehr.Es
550 3038 2336 3186 wird wohl so sein. Was schwört man nicht
