<?xml version="1.0" encoding="UTF-8" standalone="yes"?>
<PcGts xmlns="http://schema.primaresearch.org/PAGE/gts/pagecontent/2013-07-15" xmlns:xsi="http://www.w3.org/2001/XMLSchema-instance" xsi:schemaLocation="http://schema.primaresearch.org/PAGE/gts/pagecontent/2013-07-15 http://schema.primaresearch.org/PAGE/gts/pagecontent/2013-07-15/pagecontent.xsd">
    <Metadata>
        <Creator>prov=READ-COOP:name=PyLaia@TranskribusPlatform:version=2.7.0:model_id=50870:lm=none:date=22_01_2024_17:28</Creator>
        <Created>2023-09-27T14:34:19.927+02:00</Created>
        <LastChange>2024-01-22T17:28:18.284+01:00</LastChange>
        <TranskribusMetadata docId="1589032" pageId="60122889" pageNr="53" tsid="145629676" status="IN_PROGRESS" userId="40391" imgUrl="https://files.transkribus.eu/Get?id=EGOABPYBSILJOERPJCLDQVKJ&amp;fileType=view" xmlUrl="https://files.transkribus.eu/Get?id=AIYFLDNAOWDGSMJVMPFEGDTI" imageId="48547967"/>
    </Metadata>
    <Page imageFilename="1589032_0053.jpg" imageWidth="2840" imageHeight="3544">
        <ReadingOrder>
            <OrderedGroup id="ro_1711793814450" caption="Regions reading order">
                <RegionRefIndexed index="0" regionRef="tr_1"/>
            </OrderedGroup>
        </ReadingOrder>
        <TextRegion orientation="0.0" id="tr_1" custom="readingOrder {index:0;}">
            <Coords points="391,435 391,3237 2501,3237 2501,435"/>
            <TextLine id="tr_1_tl_1" custom="readingOrder {index:0;}">
                <Coords points="942,546 1174,522 1268,546 1365,517 1387,537 1615,482 1649,504 1689,485 1696,410 1315,401 1197,465 949,467"/>
                <Baseline points="955,528 992,528 1029,528 1066,531 1103,527 1140,522 1177,517 1215,514 1252,516 1289,511 1326,510 1363,508 1400,503 1437,495 1475,492 1512,489 1549,485 1586,477 1623,471 1660,471 1698,471"/>
                <TextEquiv>
                    <Unicode>di um Hogesieget- &amp;</Unicode>
                </TextEquiv>
            </TextLine>
            <TextLine id="tr_1_tl_2" custom="readingOrder {index:1;}">
                <Coords points="373,690 1048,606 1370,653 1592,579 2243,574 2250,467 2055,438 1387,537 537,512 381,571"/>
                <Baseline points="391,632 484,636 577,630 670,626 763,619 856,615 949,606 1042,603 1135,597 1228,591 1321,584 1414,576 1507,572 1600,564 1693,558 1786,553 1879,545 1972,538 2065,531 2158,528 2251,531"/>
                <TextEquiv>
                    <Unicode>Franzi: Weil dich (doch) das nicht im Gering-</Unicode>
                </TextEquiv>
            </TextLine>
            <TextLine id="tr_1_tl_3" custom="readingOrder {index:2;}">
                <Coords points="381,774 875,754 944,786 1187,729 1323,781 1629,734 1632,665 1432,658 1310,707 1182,697 1118,643 650,653 383,695"/>
                <Baseline points="394,767 456,764 518,761 580,758 642,754 704,749 766,744 828,740 890,736 952,734 1015,731 1077,727 1139,725 1201,730 1263,743 1325,743 1387,736 1449,734 1511,728 1573,715 1636,710"/>
                <TextEquiv>
                    <Unicode>sten interessiert. Sa 4</Unicode>
                </TextEquiv>
            </TextLine>
            <TextLine id="tr_1_tl_4" custom="readingOrder {index:3;}">
                <Coords points="391,927 1068,895 1132,851 1657,860 1802,816 1958,865 2240,838 2250,719 1639,727 1162,791 398,784"/>
                <Baseline points="406,895 498,886 590,880 682,877 775,871 867,865 959,859 1051,855 1144,848 1236,843 1328,834 1420,830 1513,825 1605,818 1697,811 1789,804 1882,798 1974,794 2066,791 2158,782 2251,782"/>
                <TextEquiv>
                    <Unicode>Richard: Hiesol Ich bin (doch) mit dem Autor</Unicode>
                </TextEquiv>
            </TextLine>
            <TextLine id="tr_1_tl_5" custom="readingOrder {index:4;}">
                <Coords points="388,1024 742,1034 1147,977 1263,1011 1706,917 1486,893 1380,930 1088,880 925,930 816,883 534,972 391,962"/>
                <Baseline points="403,1021 468,1014 533,1012 598,1008 663,1006 729,1000 794,995 859,991 924,986 989,982 1055,976 1120,973 1185,971 1250,965 1315,961 1381,950 1446,952 1511,945 1576,943 1641,937 1707,937"/>
                <TextEquiv>
                    <Unicode>sozusagen) befreundet. guen</Unicode>
                </TextEquiv>
            </TextLine>
            <TextLine id="tr_1_tl_6" custom="readingOrder {index:5;}">
                <Coords points="1882,1024 1931,1046 1966,1031 1998,1063 2052,1026 2210,991 2319,1016 2391,989 2490,1029 2500,907 2445,888 2356,878 2188,915 2104,893 1889,959"/>
                <Baseline points="1898,1015 1928,1012 1958,1012 1988,1012 2018,1011 2048,1007 2078,1003 2109,999 2139,997 2169,994 2199,990 2229,986 2259,985 2289,984 2320,982 2350,980 2380,978 2410,976 2440,974 2470,973 2501,973"/>
                <TextEquiv>
                    <Unicode>Achg, d kem cichet</Unicode>
                </TextEquiv>
            </TextLine>
            <TextLine id="tr_1_tl_7" custom="readingOrder {index:6;}">
                <Coords points="828,1066 846,1071 878,1056 979,1061 1026,1038 1058,1048 1140,1041 1145,984 1123,979 1024,1001 964,991 940,1009 836,996"/>
                <Baseline points="844,1050 869,1052 894,1051 919,1047 944,1045 969,1042 995,1038 1020,1035 1045,1034 1070,1032 1095,1030 1120,1026 1146,1021"/>
                <TextEquiv>
                    <Unicode>hit der</Unicode>
                </TextEquiv>
            </TextLine>
            <TextLine id="tr_1_tl_8" custom="readingOrder {index:7;}">
                <Coords points="401,1160 893,1160 1152,1105 1582,1152 1864,1110 1872,979 712,1083 405,1061"/>
                <Baseline points="415,1146 487,1143 560,1140 633,1135 706,1131 779,1129 852,1121 924,1116 997,1112 1070,1106 1143,1101 1216,1098 1289,1092 1362,1091 1434,1088 1507,1080 1580,1074 1653,1071 1726,1063 1799,1060 1872,1056"/>
                <TextEquiv>
                    <Unicode>Franzi: Das wusste ich gar nicht.</Unicode>
                </TextEquiv>
            </TextLine>
            <TextLine id="tr_1_tl_9" custom="readingOrder {index:8;}">
                <Coords points="2198,1145 2225,1150 2245,1140 2262,1152 2282,1140 2319,1142 2346,1120 2364,1130 2393,1125 2393,1034 2354,1038 2329,1014 2304,1019 2277,1001 2238,1029 2215,1036 2198,1031"/>
                <Baseline points="2212,1101 2238,1104 2264,1107 2291,1107 2317,1106 2344,1104 2370,1104 2397,1104"/>
                <TextEquiv>
                    <Unicode>14</Unicode>
                </TextEquiv>
            </TextLine>
            <TextLine id="tr_1_tl_10" custom="readingOrder {index:9;}">
                <Coords points="405,1283 485,1315 670,1268 851,1313 1014,1246 1446,1251 1573,1204 1716,1256 1899,1187 2233,1204 2238,1127 1976,1103 1849,1140 1758,1103 1577,1155 408,1212"/>
                <Baseline points="420,1280 511,1273 602,1266 693,1261 784,1253 875,1249 966,1242 1057,1236 1148,1231 1239,1227 1331,1222 1422,1218 1513,1208 1604,1201 1695,1197 1786,1189 1877,1182 1968,1176 2059,1173 2150,1164 2242,1161"/>
                <TextEquiv>
                    <Unicode>Richard:(Gut bekannt, sagen wirsEr scheint,</Unicode>
                </TextEquiv>
            </TextLine>
            <TextLine id="tr_1_tl_11" custom="readingOrder {index:10;}">
                <Coords points="403,1419 947,1417 1501,1372 1605,1325 1951,1323 1956,1239 1911,1231 1590,1298 1439,1268 410,1320"/>
                <Baseline points="420,1403 496,1400 573,1394 650,1392 727,1385 804,1381 881,1376 958,1371 1035,1367 1112,1364 1189,1356 1265,1350 1342,1345 1419,1340 1496,1333 1573,1330 1650,1325 1727,1322 1804,1314 1881,1309 1958,1310"/>
                <TextEquiv>
                    <Unicode>nicht übermässig zufrieden zu sein.</Unicode>
                </TextEquiv>
            </TextLine>
            <TextLine id="tr_1_tl_12" custom="readingOrder {index:11;}">
                <Coords points="418,1555 1305,1488 1622,1528 1985,1484 2062,1429 2393,1432 2398,1340 2161,1330 2035,1375 1929,1348 1278,1409 1071,1466 996,1422 425,1459"/>
                <Baseline points="435,1519 533,1522 631,1522 729,1517 827,1510 925,1501 1023,1498 1121,1489 1219,1483 1317,1474 1416,1468 1514,1464 1612,1457 1710,1451 1808,1443 1906,1439 2004,1432 2102,1423 2200,1414 2298,1413 2397,1415"/>
                <TextEquiv>
                    <Unicode>Franzi: Er hat s notwendig.Er sbll froh sein,</Unicode>
                </TextEquiv>
            </TextLine>
            <TextLine id="tr_1_tl_13" custom="readingOrder {index:12;}">
                <Coords points="415,1681 920,1686 1219,1619 1350,1676 1615,1587 1827,1617 2366,1555 2371,1466 2238,1446 1968,1521 1852,1488 1498,1558 1278,1563 1221,1526 1004,1587 420,1602"/>
                <Baseline points="429,1663 526,1658 623,1654 720,1648 817,1641 914,1633 1011,1626 1108,1621 1205,1615 1302,1606 1399,1599 1496,1591 1593,1583 1690,1582 1787,1573 1884,1570 1981,1560 2078,1555 2175,1547 2272,1541 2370,1546"/>
                <TextEquiv>
                    <Unicode>dess man seinen Schwarrn überhaupt aufführt.</Unicode>
                </TextEquiv>
            </TextLine>
            <TextLine id="tr_1_tl_14" custom="readingOrder {index:13;}">
                <Coords points="420,1810 1147,1790 1560,1723 1671,1753 1976,1691 2126,1723 2297,1684 2302,1619 2052,1632 1963,1590 1775,1664 969,1706 898,1666 425,1721"/>
                <Baseline points="435,1797 528,1790 621,1781 715,1771 808,1768 902,1762 995,1756 1089,1749 1182,1746 1276,1734 1369,1731 1462,1724 1556,1718 1649,1713 1743,1704 1836,1698 1930,1690 2023,1684 2117,1678 2210,1674 2304,1674"/>
                <TextEquiv>
                    <Unicode>Ex(Brei Wochen Proben und dann wirds zwei-</Unicode>
                </TextEquiv>
            </TextLine>
            <TextLine id="tr_1_tl_15" custom="readingOrder {index:14;}">
                <Coords points="435,1966 551,1983 742,1921 944,1948 1120,1887 1202,1926 1407,1864 1679,1891 1849,1827 2000,1872 2107,1832 2418,1842 2411,1701 2121,1751 1807,1733 1526,1800 1370,1753 1145,1810 1026,1785 443,1859"/>
                <Baseline points="450,1919 548,1916 647,1909 746,1903 845,1895 944,1892 1043,1885 1141,1876 1240,1870 1339,1863 1438,1857 1537,1850 1636,1843 1735,1834 1833,1828 1932,1821 2031,1815 2130,1808 2229,1800 2328,1797 2427,1794"/>
                <TextEquiv>
                    <Unicode>oder dreimal gespielt.Der Direktor reisst sith</Unicode>
                </TextEquiv>
            </TextLine>
            <TextLine id="tr_1_tl_16" custom="readingOrder {index:15;}">
                <Coords points="440,2082 665,2037 1246,2052 1481,1980 1558,2008 2294,1933 2285,1849 2154,1889 1793,1872 1464,1943 841,1926 448,1985"/>
                <Baseline points="456,2051 548,2039 640,2036 732,2030 825,2024 917,2018 1009,2012 1101,2008 1194,2000 1286,1996 1378,1991 1470,1981 1563,1974 1655,1968 1747,1962 1839,1957 1932,1952 2024,1944 2116,1940 2208,1934 2301,1925"/>
                <TextEquiv>
                    <Unicode>ja die Haan aus, dass er sich auf die Sache</Unicode>
                </TextEquiv>
            </TextLine>
            <TextLine id="tr_1_tl_17" custom="readingOrder {index:16;}">
                <Coords points="443,2191 677,2198 752,2158 1155,2149 1160,2057 1132,2052 944,2087 754,2072 606,2116 509,2072 450,2099"/>
                <Baseline points="459,2167 494,2170 529,2170 564,2168 599,2166 634,2163 669,2161 704,2159 739,2158 774,2156 810,2152 845,2149 880,2147 915,2144 950,2143 985,2143 1020,2140 1055,2136 1090,2134 1125,2135 1161,2137"/>
                <TextEquiv>
                    <Unicode>eingelassen hat.</Unicode>
                </TextEquiv>
            </TextLine>
            <TextLine id="tr_1_tl_18" custom="readingOrder {index:17;}">
                <Coords points="450,2327 1207,2255 1540,2292 1780,2218 2344,2191 2379,2109 1830,2156 1753,2116 1652,2154 1076,2139 974,2196 457,2233"/>
                <Baseline points="465,2304 560,2297 656,2290 752,2285 847,2279 943,2272 1039,2263 1134,2256 1230,2253 1326,2245 1422,2239 1517,2233 1613,2227 1709,2221 1804,2212 1900,2204 1996,2196 2091,2192 2187,2184 2283,2176 2379,2170"/>
                <TextEquiv>
                    <Unicode>Richard: Fr. schütlet dir wohl sein Herz aus?</Unicode>
                </TextEquiv>
            </TextLine>
            <TextLine id="tr_1_tl_19" custom="readingOrder {index:18;}">
                <Coords points="1755,2287 1812,2270 1911,2282 1980,2255 2067,2272 2161,2240 2201,2260 2245,2238 2324,2245 2329,2203 2210,2186 2144,2205 2079,2193 2035,2218 1990,2201 1847,2228 1760,2220"/>
                <Baseline points="1770,2269 1798,2266 1826,2260 1854,2256 1882,2254 1911,2252 1939,2250 1967,2249 1995,2247 2023,2245 2052,2245 2080,2245 2108,2245 2136,2242 2164,2238 2193,2234 2221,2232 2249,2230 2277,2232 2305,2232 2334,2230"/>
                <TextEquiv>
                    <Unicode>nueldede Ni</Unicode>
                </TextEquiv>
            </TextLine>
            <TextLine id="tr_1_tl_20" custom="readingOrder {index:19;}">
                <Coords points="944,2339 1088,2319 1118,2327 1132,2344 1157,2337 1207,2346 1214,2262 1174,2257 1135,2275 1123,2260 1093,2277 1056,2270 1029,2282 991,2265 952,2265"/>
                <Baseline points="961,2322 986,2320 1012,2319 1038,2319 1063,2317 1089,2316 1115,2314 1140,2311 1166,2308 1192,2306 1218,2304"/>
                <TextEquiv>
                    <Unicode>de Lire</Unicode>
                </TextEquiv>
            </TextLine>
            <TextLine id="tr_1_tl_21" custom="readingOrder {index:20;}">
                <Coords points="455,2445 749,2426 853,2477 1004,2408 1666,2421 1904,2339 2144,2359 2314,2317 2393,2359 2391,2220 2332,2262 2126,2245 1827,2302 1743,2267 1350,2277 1239,2324 462,2354"/>
                <Baseline points="471,2427 567,2421 664,2417 760,2413 857,2403 954,2395 1050,2389 1147,2385 1243,2379 1340,2372 1437,2367 1533,2359 1630,2353 1726,2346 1823,2340 1920,2336 2016,2324 2113,2317 2209,2311 2306,2307 2403,2301"/>
                <TextEquiv>
                    <Unicode>Franzi: HiesoEEr hat's den Autor ins Gesicht</Unicode>
                </TextEquiv>
            </TextLine>
            <TextLine id="tr_1_tl_22" custom="readingOrder {index:21;}">
                <Coords points="462,2586 1080,2589 1348,2505 1437,2539 1622,2487 2243,2465 2317,2507 2376,2482 2386,2366 2097,2344 1867,2426 1530,2416 1100,2482 472,2445"/>
                <Baseline points="477,2567 572,2557 668,2553 763,2547 859,2537 954,2531 1050,2525 1145,2516 1241,2513 1336,2502 1432,2500 1528,2491 1623,2487 1719,2481 1814,2475 1910,2468 2005,2462 2101,2455 2196,2449 2292,2442 2388,2442"/>
                <TextEquiv>
                    <Unicode>gesagt, dass er sich nichts verspricht.Joden</Unicode>
                </TextEquiv>
            </TextLine>
            <TextLine id="tr_1_tl_23" custom="readingOrder {index:22;}">
                <Coords points="445,2700 1256,2651 1461,2693 1592,2626 1802,2655 2124,2591 2349,2621 2379,2519 2052,2480 1830,2557 1474,2527 1194,2606 1098,2574 937,2611 838,2571 450,2626"/>
                <Baseline points="462,2684 557,2683 653,2681 749,2670 845,2667 941,2657 1037,2654 1132,2645 1228,2639 1324,2633 1420,2628 1516,2623 1612,2613 1708,2609 1803,2600 1899,2595 1995,2588 2091,2582 2187,2577 2283,2570 2379,2570"/>
                <TextEquiv>
                    <Unicode>Tag gibt's einen Krach.) Heut hat nicht viel</Unicode>
                </TextEquiv>
            </TextLine>
            <TextLine id="tr_1_tl_24" custom="readingOrder {index:23;}">
                <Coords points="472,2838 1095,2777 1204,2836 1488,2833 1654,2752 2337,2735 2344,2641 2032,2660 1911,2623 1723,2693 1523,2663 1004,2742 635,2705 477,2735"/>
                <Baseline points="486,2818 579,2810 672,2804 765,2798 858,2792 951,2785 1044,2779 1137,2776 1230,2767 1323,2760 1416,2752 1509,2750 1602,2745 1695,2736 1788,2729 1881,2723 1974,2717 2067,2711 2160,2706 2253,2702 2346,2693"/>
                <TextEquiv>
                    <Unicode>gefehlt, und die Ryrgda hätte ihm die Rolle</Unicode>
                </TextEquiv>
            </TextLine>
            <TextLine id="tr_1_tl_25" custom="readingOrder {index:24;}">
                <Coords points="467,2969 843,2972 987,2922 1162,2972 1523,2940 1629,2873 2408,2846 2413,2752 2332,2730 1783,2824 1582,2791 1501,2841 1189,2836 1155,2801 732,2873 475,2838"/>
                <Baseline points="483,2940 579,2940 676,2933 772,2930 869,2924 966,2916 1062,2911 1159,2905 1255,2898 1352,2889 1449,2884 1545,2878 1642,2871 1738,2866 1835,2860 1932,2851 2028,2844 2125,2839 2221,2836 2318,2827 2415,2827"/>
                <TextEquiv>
                    <Unicode>hingeschwissen (AlVerdings dag tut sie regel-</Unicode>
                </TextEquiv>
            </TextLine>
            <TextLine id="tr_1_tl_26" custom="readingOrder {index:25;}">
                <Coords points="462,3128 885,3054 1597,3066 1699,2999 2428,3009 2408,2893 1162,2972 1024,2940 472,3004"/>
                <Baseline points="480,3075 583,3073 686,3069 789,3059 892,3050 995,3042 1098,3039 1201,3030 1304,3024 1407,3015 1511,3009 1614,3004 1717,2994 1820,2990 1923,2984 2026,2977 2129,2970 2232,2961 2335,2956 2439,2949"/>
                <TextEquiv>
                    <Unicode>nässig drei Tage vor der Ereniere.Dabei kann</Unicode>
                </TextEquiv>
            </TextLine>
            <TextLine id="tr_1_tl_27" custom="readingOrder {index:26;}">
                <Coords points="823,3128 846,3128 863,3140 868,3135 875,3145 920,3123 932,3130 942,3123 959,3135 982,3133 984,3091 967,3081 952,3083 942,3071 920,3068 895,3051 883,3061 870,3058 860,3066 828,3063"/>
                <Baseline points="838,3120 863,3120 889,3118 914,3115 940,3112 965,3111 991,3111"/>
                <TextEquiv>
                    <Unicode>dici</Unicode>
                </TextEquiv>
            </TextLine>
            <TextLine id="tr_1_tl_28" custom="readingOrder {index:27;}">
                <Coords points="492,3241 757,3222 826,3266 875,3222 1335,3160 1577,3165 1671,3232 1919,3123 2057,3160 2406,3130 2413,3036 2307,2999 2156,3041 2074,2979 1926,2992 1763,3073 1246,3039 875,3147 809,3113 648,3172 499,3130"/>
                <Baseline points="507,3218 602,3210 697,3204 793,3201 888,3197 984,3185 1079,3178 1174,3169 1270,3163 1365,3156 1461,3150 1556,3143 1651,3137 1747,3128 1842,3125 1938,3117 2033,3110 2128,3101 2224,3100 2319,3091 2415,3087"/>
                <TextEquiv>
                    <Unicode>sie sichgratulioroh. Das gehze stück ist ei-</Unicode>
                </TextEquiv>
            </TextLine>
            <TextEquiv>
                <Unicode></Unicode>
            </TextEquiv>
        </TextRegion>
    </Page>
</PcGts>
