2888 3464
2285 243 2445 453 108
520 395 2501 589 Alles was sich in der Nihe der Mitteltüre aufhält,
520 576 2549 661 weicht, zurück. Der Theaterarbeiter öffnet die Türe,
728 640 931 739 Seh et
520 661 2440 797 die Szehe ist wieder sichtbar,die Ersteller des
829 765 1080 859 Fannts
512 813 2365 987 Stücks, Kranztx Mutter, ihres Schwester, einige
507 931 2512 1114 Hereen in Frack, einige junge Midchen, Moritzky, Herr
517 1077 2658 1264 Mandel treten heraus und begehen sich hinter die Bähre
597 1213 2544 1368 nne; nachher fällt die Füre zu und man sicht vor-
555 1344 2498 1501 er, wie Fedor und Fanny (Franzi und Gregorl allein
669 1472 821 1573 der
1061 1493 2506 1584 zurückbleiben;während die Abgehenden
507 1605 861 1760 am Direkt
885 1618 2605 1709 or, der links von der Füre steht,vorbeigehen,
483 1746 2445 1882 grüssen sie ihn leise: Guten Abend, Herr Direktor)
1538 1818 1661 1888 ist.
496 1837 2578 2032 Einer der Schafsnieler: Wo sik dis Buffetz Wo bleibt
496 2013 1072 2120 der Realismus?
493 2136 2376 2237 (Die Schauspieler etc. verziehen sich mehr nach
496 2242 2253 2373 rechts. Ein oder der andere bleibt sichtbar)
483 2344 2445 2488 Direktor:(zum Inspiaänten) Und lassen Sie nech es
2021 2477 2317 2568 niet senta
1544 2474 1728 2573 det
496 2517 2458 2672 geschwind den Vorhang aufgehen. Das verstimmtdie
480 2594 2133 2802 Leute. Erst bei wirklich starkem Applaus.
499 2741 2530 2944 Karl: Nicht mahr, ich selber möchte an liebsten ger
483 2890 2008 3098 nicht mehr hervorkomnen- auch wei iitu
