2808 3432
2148 239 2314 387 183
486 319 2512 530 Warfe: Aber, gnä Frau, zu oder offen, den Herrschaf-
1759 491 2436 660 s nur ihr gutos
494 522 1720 704 ten ist ja doch alles egal. Nen
486 652 940 779 Bett haben.
1075 683 1309 805 Ihwerd
491 764 2405 917 Baronin: Viel Unsinn reden sie, wenn der Tag lang
494 883 2359 1057 ist. (hat das Fenster geöffnet) Sie sollen sich
499 1016 2392 1171 wohl fühlen die Herrschaften bei mir, wie zuhaus,
494 1148 2257 1320 besonders, wenn sie zum ersten Mal kommen. Da
499 1273 2356 1460 hingt manchmal viel davon ab. Ein überheiztes.
501 1413 2372 1587 Zimmer - (es klingelt) Das kann doch noch nicht
504 1551 1392 1688 der Herr Graf sein? .
488 1681 1008 1849 Marie: Graf!
499 1771 2587 1956 Baronin: Ich mach selber auf.-Gehen Sie in die Küche-
512 1933 2192 2088 (hinaus, gleich nach ihr Marie.kleine Pause)
494 2060 2044 2218 Baronin: (draussen)o, der Herr Doktor !-
496 2192 1805 2335 Marie: Küss die Hand, Herr Doktor.
504 2333 1584 2481 Richard und Baronin herein.
1660 2353 1818 2475 d.
514 2468 2423 2642 Eichard: Eie wundern sich nohll Frau Baronin, dass
517 2608 1608 2740 ich doch noch einmal komme.
509 2675 2499 2901 Baroniniletnas ängstlicht konnt das Frialsin viel-
514 2852 992 3023 leicht auchz
