2904 3496
518 379 2371 653 Richard: Sogar solche Dinge sind schon dag
521 629 794 734 wesen.
540 602 2366 852 ludnig: Zugsgeben. Aber menn du die Frauen
521 768 2304 967 kennen würdest - verzeih,wirklich konnen
523 821 2419 1058 müsstest du, dass das keimswegs inner Trost
535 1013 2422 1193 zu sein braucht. Sie kann ein halbes Dutzend
542 1145 2426 1354 Liebhaber gehabt haben seitdem und doch nur
550 1248 2479 1474 mich lieben oder-hassen.Und in den Armen ei-
540 1404 2458 1608 nes liebhabers kann sie sich heute racht um
564 1536 2340 1750 bringen aus liebe zu wir oder aus Hass ge-
1121 1699 2126 1855 No cuseritis i de tusto
566 1723 982 1886 gen nich.
566 1771 2357 1973 Richard: Menn es so ist, wie sollt ich sie
571 1963 1214 2122 daran hindern?
578 2021 2436 2261 ludnig:UIch stelle keine unmöglichen Anfor-
578 2143 2467 2369 denngen an diehiich wöchte nur)-siefspielt
586 2290 2395 2508 houte Abend oder steht wenigstens auf den
588 2484 1217 2633 Tte aterzettel.
593 2575 1958 2779 Richard: Ich habe keine Ahnung.
1565 2669 1798 2746 non
605 2633 2407 2916 ludnig: Der Freund der Frauen ist inver
605 2796 2470 3026 noch auf den Repertoir.In ersten Akt tritt
622 2906 2532 3156 sie auf Nur in ersten Akt. Vergenissore dich,
