2936 3512
2153 199 2309 389 111
561 489 2642 754 Helene: Es ist auch wohl nicht Ihre Art mit jemandem
1702 639 2298 781 ti mitden ihs le
577 717 1141 819 intim zu sein.
1839 736 2333 838 werte niht.
1396 720 1681 848 bestrle
575 773 2623 996 Karl: (Sie halten mich auch für einen Egoisten,wahr-
575 873 2698 1128 scheinlich mit Recht.).. Wun muss ich aber wohl geheh
580 1074 2736 1230 Ich weiss, meine Besuche sind Ihrem Herrn Vater an sicht
1149 1155 1643 1246 sie iu corplilt
572 1173 2688 1383 nicht willkommen. Beruhgen Sie ihn doch und sagen Sie
1144 1286 1987 1377 nen Sind die Nitlt.
604 1332 2202 1487 ihm, dass ich Ihnen sehr)gleichgültig bin.
2247 1321 2414 1471 nich
1557 1412 2215 1498 kumml ich wie
1028 1428 1506 1525 t 2cu nah
585 1436 2650 1649 Helen: Ich bin nicht gewohnt meinen Vater anzulügen.
591 1584 2610 1777 Karl: Ich möchte wohl wissen, ob das nur Koketterie
607 1767 787 1914 ist.
599 1764 2513 1984 Helens: Wird wohl auch ein wenig dabei sehhn Ist
604 1922 2459 2118 es wahr, dass Sie mit der Roveda, ein Verhältnis
1702 2118 2379 2261 Corigert hutit 1.
604 2148 867 2253 haben?
1227 2175 1396 2288 das.
618 2218 2682 2414 karl: Ich dacht es ja, Natürlich ist kein Wort wahr.
609 2387 2135 2551 moher konnt nur wieder dieses Gerüchtz
620 2497 2537 2696 Holen: Sie würden es doch jedesfalls leugnenals
2223 2674 2519 2787 tit der
620 2672 1028 2838 Contiemen.
1877 2658 2033 2790 ie
1004 2658 1834 2819 Artetunfke felbere
628 2733 2763 2964 Karl: Moshalb? Ich würde niemanden danit kompromittie-
626 2862 2723 3112 ren. Die Soroda nimnt sich jeden, der sichts gefallen
