2904 3480
2244 285 2385 421 124
398 429 1634 576 Helene: Ich hab's mehr erraten.
2012 474 2255 596 itentin
404 536 2526 759 Mathilde: Vor drei Jahren war es das Fräulein Amalie
1897 629 2577 723 (lber ullet u dee Cte
1053 658 1631 748 on de Kelenturch
401 658 2667 841 du wusstest sogar, wo sie gewohnt hat/ Vor zwei Jahren die-
409 787 2605 974 ses Handschuhmädchen bei Tittmann, dann die Couvernante-
844 931 1180 1013 nneppiel
409 906 2520 1163 Helene: Und diesmals weiss ich nichts. Errräte (nicht
418 1084 2326 1270 einmal(Er macht eins strenges Geheimnis daraus)
415 1214 2241 1400 Mathilde: Es wird eine verheiratete Frau sein.
2300 1253 2580 1366 iareur
429 1349 2526 1499 Helene: Ich habe auch schon daran gedacht. Dann dacht
1933 1414 2501 1507 ece bontt co
432 1462 2614 1668 ich auch, sb 6s nicht ein Wesen ist, dass sehr tief unter
435 1626 1784 1747 ihm steht, so dass er sich geniert.
429 1781 1036 1883 Mathilde: Nein.
429 1764 2580 2058 Helene: Wer das eine ist sicherser war die genze Zeit
432 1993 2467 2190 über nicht glücklich und)es währt nkcht mehr lange.
432 2151 1916 2326 Mathilde: Woher du das wissen willst?
1002 2238 1174 2317 ercit
440 2258 2552 2441 Helene: Denk doch, dass ich inner auch ein wenig seine
1744 2331 2241 2430 mit nenn witti
435 2391 2487 2554 Mutter war. Und so weiss ich auch, dass er nie eine
449 2549 1417 2645 Andere geliebt als dich.
449 2642 816 2718 Mathil de:
443 2571 2571 2854 Hanchnal bilde ich mir's ja auch ein. Aber es
1106 2735 1699 2837 ton ulcblleit
449 2749 2597 2964 stinnt nicht. Es war doch inner nur ein Aufatnen zui-
454 2913 1685 3074 schen der einen und der andern.
449 3065 2286 3226 ketz Relens: Diesmal soll - diesmal wird keine
