2840 3448
539 422 2381 552 Personen und ausserdem hat der Zuschauer einen
539 593 2376 687 flüchtigen Blick auf die Rampenbeleuchtung des
542 687 1342 824 Residenztheaterbühne
1420 733 2407 816 und auf den verdunkelten
542 814 2135 977 Zuschauerraun, wode Satt der Rusthe Reh.
1446 928 1625 1034 Hin
544 943 2475 1166 Elnks richnirtf. also röhere Partie der Residenz.-
544 1099 2366 1288 theaterbühne steht der Feuerwehrmann, in einem
539 1236 2431 1420 erhähten Verschlag ist der Beleuchtungsinspektor
534 1389 2514 1555 sichtbar, einige Schauspieler und Schauspielerinnen
531 1495 2436 1604 im Kostim stehen in der Coulisse,Läblein, der Re-
534 1586 2399 1804 81osour, darunter, einer der Schadspioler hat das
526 1757 2345 1873 Auge an die Seitenwand geheftet und beobachtet
490 1889 2353 2083 durch einen kleinen Spalt die Vorgänge auf der
521 2016 2311 2140 Bühne. Theaterarbeiter. Einer sitzt auf einem
521 2153 2337 2275 Sessel an der Türe rickwärts,er ist es, der für
510 2247 2228 2399 aie Auf-und Abtrstenden die füre öktnet und
513 2407 2583 2537 schliesst. Vie Dekoration, in der das Berf'sche Stück
516 2552 2459 2653 gespielt wird,setzt sich nach rechts weiter fort;
508 2679 2480 2799 als Abschluss rechts ist eine Seitenwand gedacht,
508 2814 2322 2926 die dem Zuschauer natürlich unsichtbar bleibt.
508 2913 2594 3068 Menn der Vorhang aufgeht herrocht vollkommene stille,
503 3052 2402 3286 nen hört nur als dampfss 6 ennrmol, dassaut der
