2920 3528
2136 417 2269 521 30
543 495 2438 707 Eudwig: Man darf es wohl so nennen. Sie ist
548 662 2398 810 eine tapfere kleine Person.Nach dem ersten
548 764 2312 941 grossen Ausbruch gab es eigentlich keine
538 888 2431 1053 Szene mehr. Man sah sich noch zwei oder drei
543 1026 2450 1219 Malsim besten Einvernehmen, wie du richtig be-
531 1145 2446 1314 werkst -Ich musste sie natürlich noch spre-
545 1269 2405 1448 chen.Ich hatte die Absicht sie, so weit mei-
533 1398 2443 1586 ne Mitteln es zuliessen, sicher - nein, nicht
545 1548 2298 1719 sicherzustellen, aber ich wollte zum min-
538 1638 2362 1845 desten - kurz, ich bat sie um Erlaubnis ei-
543 1786 2319 1972 ne gewisse kleine Summe, eine irt Taschen
550 1955 779 2091 geld
557 1998 2300 2222 Richard: Was sie wie ich sie beurteile
548 2217 1574 2346 abgelehnt haben dürfte?
562 2300 2474 2474 Ludwig: Kindischer Meise.Ich weiss ja nicht.
555 2422 2443 2607 wie sich jetzt die beiden Frauen, die Mutter
560 2557 2348 2724 mit ihrer winzigen Pension, und Franzi mit
560 2669 2384 2874 ihrer lächerlichen Sage - freilich, das Mär
538 2805 2426 2998 del ist eine Künstlerin in diese Beziehung.
548 2953 2322 3122 vielleicht mehr in dieser Beziehung aier
555 3105 1572 3267 mie als Schaupp iolerin.
