2808 3416
2111 263 2288 404 185
438 401 1731 607 Baronin. (So bringen Sie es doch.
446 519 2416 717 Eichard: Ich werde Sie nicht aufhalten. Sie haben
451 680 1652 844 wohl schon weitervermietet?--
456 782 2531 970 Beronin: O. keine Idoe: Men kriegt nicht so geschwind
469 904 2385 1095 die richtigen Mieter, Ich glaube überhaupt nicht
464 1053 2531 1225 mehr, dass ich für ständig.-Nur zufüllig heut Abend-
1428 1144 1689 1233 ut nm
451 1155 2406 1355 mein Schwager aus Graz(Ist heut in der Früh ange-
464 1298 2385 1483 kommen. Der hat mich gebeten, ob er nicht ein bis
472 1467 917 1632 zmei Tags-
472 1538 2565 1770 Richard: Aber bitte, die haben ja das Verfügungsrecht.
472 1707 2434 1874 Marie:(bringt das Päschentuch, gibt es Richard, der
482 1835 1944 2025 es krampshaft in die Hand schliesstl
493 1949 2468 2140 Baronin: Aber wenn der Herr Doktor noch reflektie-
477 2085 2421 2278 ren - wir können leicht ein Arrangement treffen.
477 2207 2424 2416 Das Fräulein hat wahrscheinlich verreisen müssenz
485 2351 2129 2546 Zichard: Wein, nein, ich reflfektiere nicht.
493 2463 2476 2661 Baronin: Haben vielleicht(etwas Besseres gefunden.
487 2606 1582 2799 Herr Doktorz räte mir lid.
487 2729 2544 2924 richerd: 0, keine Spars. Es sindendere Unstände - Ich
482 2859 2387 3094 wotite die nur bitien -(also, karz und gut)- ich
