2792 3464
2206 274 2338 397 83
636 427 2423 634 Aicht. Es gerugt sa, menn Sie gegen: Relch ein
641 651 943 758 Parfüm!
636 679 2570 901 vsgelmenn: Ich ein anderer ansicht. Der Henn, den
634 846 2483 1045 ich darstelle, dieser Dokter Friedrich Magner,
636 1023 1612 1200 Farllvorbessert) Mitte-
1756 1060 2260 1183 s. cusl (erd i.
269 1080 447 1228 Lobl
644 1115 2615 1267 Dögelmann: (ironisch) Danke. Ich seh ihn eben so-
264 1213 601 1370 Fehrertragen
639 1233 2483 1470 Ich weiss)menn dieser Viveur eintritt sor ahnt,
324 1315 457 1422 teit
636 1390 2642 1534 dass eine Dame da war, so schnuppert er. Er braucht
649 1504 2525 1662 gar nihhtf zu sagen,"Welch ein Parfüm, es ist
1422 1632 1622 1724 den e
646 1629 2520 1789 sogar einfacher und besser, wenn ich sschnuppere.
235 1594 571 1816 Komh
1879 1756 2520 1884 au detcuppa s
182 1774 554 1946 ateke
626 1769 1776 1914 Löblein: (resigniert) Weiter!
639 1941 2610 2081 Dögelmann: (in der Rolle) Ich weiss,ich weiss, eine
639 2021 2560 2181 Dame war bei dir. Ich hörte sogar das Hleid rau-
636 2148 2440 2330 sohen. Ich habe dafür feine Ohren, noch inner.
644 2303 2405 2495 Gregor: (in der Kolle) Das ist nebensächlich.
649 2450 2495 2635 Karl: Auf Ihre Kritik kann ich verzichten, Herr
621 2607 943 2720 Gregor.
649 2647 2450 2899 Grogor: Prosor steht doch in der Kolle. (zolgt
649 2879 2098 3019 ihm das Buch) Das ist nebensächlich.
651 2942 2483 3119 karl: Pardon. Sie haben Recht, Herr Gregor, ent-
230 3039 599 3211 Wo Miasele
2288 3076 2497 3211 der
1569 3066 2163 3201 in sichle de e
646 3126 1272 3246 schuldigen Sie.
1547 3169 2517 3291 distalid hut gebe, de it der
891 3196 1352 3326 nicht Mint
1527 3251 1729 3341 tent
342 3248 881 3346 Hirt.aa
