2792 3384
2261 246 2416 369 144
474 330 2568 558 dass es wahr ist. Ich kann gar nicht so viel Niedrig-
474 506 1499 671 keit erfinden als es gibt.
469 631 2544 810 Direktor: (kommt und grüsst sehr höflich.Er kommt mit
451 762 2348 886 Karl) (Eventuell ein paar Worte zwischen ihnen)
472 888 2578 1051 oveda: Herr Direktor,ich gratuliere Ihnen herzlichst
477 1038 1360 1195 zu dem grossen Erfolg.
469 1145 2460 1318 Direktor: Wollen abwarten,gnädige Frau. Jedenfalls
472 1268 2578 1449 ist es ein vornehner zugdem Triumph Ihrer Nachfol-
477 1420 1732 1582 gerin beizuwohnen.(in die Loge)
477 1564 2012 1708 Roveda: Nachfolgerin? Ist er verrickt?
485 1679 2452 1826 Armin: Dein Entlassungsgesuch ist doch bewirlligt.
487 1805 2494 1947 Poveda: Ich habe noch keines eingreicht. Es war ein
469 1920 2458 2086 Zank auf der Probe,wie er hundertmal vorkommt. Wir
474 2038 2389 2206 wollen doch sehen, ob es noch eine Gerechtigkeit
472 2219 1085 2363 auf Erden gibt.
487 2340 1410 2476 (Karl kommt erst jetzt)
477 2455 2429 2623 Roveda: Wo stecken Sie denn, Poet? Den letzten Akt-
474 2578 1850 2754 sehen Sie sich von meiner Loge an.
474 2709 2505 2885 Armin: Ich habe alles in der Hand. Ein Wort und der
