2872 3480
142 1996 414 2163 Venaler
363 284 500 456 192
495 439 2426 633 Antoinette ikenn es ein le ineid wäre, verdient
466 586 2330 765 er keine Schonung,keine Nachsicht, auch von
466 711 2224 883 Ihrer Seite.Ein Mensch,der einen Meineid
466 849 2058 1025 schwört, ist, vogelfrei für jedermann.
1756 961 1923 1037 Mide
481 981 2109 1165 RichardiMoher kommt nur Ihr Verdacht?
476 1109 2411 1270 Antoinette: Sie kennen dieses Fräulein Franzi
1329 1246 2183 1388 Aul. duwen ihr elitt
476 1268 910 1410 natürlicht
915 1251 1229 1422 Evircus.
481 1349 2369 1543 Richadd: Ich habe sie mindestens ebendo lan-
481 1481 2215 1663 ge nicht gesehen als örEEin halbes Jahr.
468 1611 1491 1798 lang ist die sache aus.)
466 1727 2367 1937 intoinette: Er sagte mir, dass sie in Herbst
464 1891 2340 2043 ein Engagement nach Berlin oder Hamburg an-
795 1996 1319 2077 er in deror du Red
500 2011 1810 2180 nehmt. Sie ist hier geblieben.
466 2148 2269 2332 Richard: Er weiss es wahrscheinlich nicht
461 2310 792 2438 einmal.
473 2381 2249 2580 Antginette: K Ihr Mane steht lbeinahe täg:
461 2521 2001 2693 lich auf dem Theaterzettel. mei auf.
461 2659 2428 2825 Richand: Sie sind wahrscheinlich die Einzige,
468 2786 2246 2985 de es bemerkt sEine fast unbekannte Schau-
466 2918 1440 3105 spiolerin.) Eu hehunlt
466 3041 2273 3215 Antoinette: Marum ist sie hier geblieben?
