2888 3496
179 307 511 500 29.12.27.
2060 345 2212 489 123
1337 421 2101 573 die hitseler, war nicht mit
454 462 2582 701 Bei dir zum Beispiel. Ich hab dich sehr lieb, Mathilde.
462 633 2533 823 (auf einen leichten Seufzer von ihr) Es wär dir. wohl
457 780 1772 962 lieber, wein Richard dir's sagte.
1554 840 1848 946 i.coree
459 875 2484 1109 Mathilde: Er hat mir es einmal gesaet, aber dann hat
467 1063 1397 1236 er es wieder vergessen.
454 1177 1938 1361 Helene: Er wird sich wieder erinnern.
1122 1294 1272 1356 viri
470 1296 2144 1486 Mathilde: Warum glaubst du das eigentliche
476 1462 1334 1614 Helene: Ich fühle es.
484 1571 1750 1736 Mathilde: Er hat ei ne beliebte.
1101 1644 1726 1753 stonetlich bel i
489 1639 2598 1867 Helene: Das ist nun einmal nicht anders bei so jungen
962 1807 1402 1897 i tet iiese
486 1861 829 2027 Mönnern.
489 1924 2595 2122 Mathilde: Und manchmal heiratet man sie auch-neiu.
1946 2019 2073 2111 t
2196 2019 2440 2103 roein
492 2054 2674 2253 Helens: So eine. Nun sagst du das, als wenn das entweder
500 2171 2650 2397 durchaus etwas dunnes oder etwas schlechtes sein müss-
516 2310 2696 2519 ts. Und wahrscheinlich kann auch des stwas sehr schönes
2122 2492 2294 2609 41
508 2519 739 2666 sein.
1098 2511 1853 2658 Meche dicnsium
514 2606 2193 2785 mathilde: Menn man wenigstens müsste wer.-
1573 2707 2242 2823 meiticbjunst an
511 2728 1505 2927 Kolene: Ich weisgnicht.)
516 2853 2381 3082 Mathilde: Er hat dir doch friher alles erzäblte
