2872 3448
205 1881 446 2048 Mer ich
210 2023 461 2134 ih mer
213 2081 426 2203 wiß
195 2170 403 2312 ei e
183 2269 413 2383 sei
2299 284 2464 426 153
700 375 1749 553 In der Bühne her belächter.
619 446 2391 707 Inspizient: so - jetzt. (öffnetsdie würeßdas
603 659 2489 837 Stubenmädchen tritt auf die Bühne, man hat einen
611 801 2005 963 kurzen Blick auf die Gesellschaft)
613 930 2512 1057 Inspizient:(zu Franzi) Also vergessen Sie nicht,
619 1065 2500 1222 Fräulein, das Buch liegt rechts auf dem Klavier,
608 1171 2545 1359 Dregulein: (zu Franzi) behr gute Stimmung im Haus,
608 1326 2358 1445 ich hab überall herumgehört,war auch auf der
1113 1402 1572 1496 Tebelbeste kinin
1701 1394 2553 1498 llyuapeltint, def s L ht nate
2365 1470 2558 1541 d. A
608 1470 2330 1559 Galerie oben, Von Ihnen sind alle entzückt.
1202 1534 1470 1620 cate en 1
2363 1529 2596 1643 b me
598 1605 2360 1683 Franzi: Er hat nichts von sich hören lassen.
989 1655 1465 1752 M.t. nicht eine
2124 1638 2591 1830 lIhiat Iho
608 1726 1962 1823 Vregulein: Keine Biumen geschickt?
1009 1795 1199 1878 wn
1371 1792 1704 1891 Schuntzie
2211 1767 2591 1906 Er St. Voh.
603 1840 1202 1934 Franzi: Aus ist
1382 1861 2256 1965 Jelletete geå sittet et pr
593 1960 2548 2086 Dregulein:+Aber er ist doch im Theater, hel s. un
2403 2051 2543 2147 is
1709 2056 2142 2193 H d. Sop sh
2213 2119 2568 2223 Arte be
631 2112 2150 2274 Tranzl: (Mit einer Andern.) Wh ase
591 2256 2586 2393 Dregulein: Nimm dich zusammen Mädel, pfeif auf ihn,
593 2320 2626 2538 Jetzt kannst du haben wen du willst. Ruhm! Ruhml, w
586 2492 2588 2657 weisst du, was das heisst? Mach dir nichts aus ihm!
1567 2576 2015 2674 maich fehlte
588 2626 2596 2794 Alie sein wir Schufte, so weit wir belegenheit dazu
583 2763 842 2910 haben.
578 2877 2611 2989 Die Garderobiere (kommt von links herüber zu Franzi:
956 2979 1110 3065 Au.
570 3039 2568 3199 srn bisi Zougs noch auflegen. (sie ist ihr behild-
