2824 3432
143 1411 447 1580 Heret
164 1541 476 1744 Keten
2069 190 2280 373 182
476 357 2505 542 Baronin: Mohin dennz Ich meiss ja gar nicht wie sie
2101 444 2347 555 Werie:
478 497 2397 700 heisst. (Eher könnt man dem Herrn Doktör f wenn
468 650 1419 793 man wisst.wo der wohnt?
476 740 2328 954 Baronin: (Wo der wohnt, das weiss ich schon. Ich
489 880 2291 1062 vermiet nicht an Unbekannte. Da könnt man sich
486 996 2534 1194 was schönes einwirtschaften. Ich such sie mir schon
492 1149 1041 1319 aus, mein Au¬
484 1247 2447 1453 Märie: Wer ist denn der neue Herr, gnädige Frauz
481 1414 2212 1570 Baronin: Das ist ein sehr hoher Aristokrat.
502 1519 2384 1707 Marie: Hab ich mir gleich denkt.-Vorgestern, wie
505 1628 2500 1829 er's Zimmer aufgenommen hat, hat er mir fünf Gulden
502 1784 1969 1966 geschenkt. Und dem Hausmeister auch.)
499 1908 2339 2098 Baronin: Marum haben Sie mir das nicht gesagt?
502 2051 2352 2238 Da hätt ich ihm nichts mehr zu geben brauchen.
502 2167 2621 2349 Marie: Ist doch besser, gnä! Frau wegen die Meldzettel
505 2307 2516 2481 Baronin: (steckt den Brief zu sich, zu Marie) Haben
526 2463 2191 2627 S den Krug (mit warmemWasser) hingestellt?
510 2592 2452 2756 Marie: Unterm Waschtisch steht er, Soll ich viel-
507 2722 1419 2888 leicht noch nachlegen?
497 2825 2362 3015 Baronin: Es ist ja überheizt.) Machen s. lieber
515 2957 2391 3158 noch das Fenster auf für ein oder zwei Minuten,
