2840 3432
2333 251 2470 404 204
563 374 1789 574 dazu? Die Rolle von der Roreda.
550 544 2713 727 Mutter: (misstrauisch) Wie kommst denn du zur Rolle von
547 692 1018 811 der Roveda?
555 770 2634 983 Franzi: Die Roveda ist krank geworden. Oder, sie will
552 927 2508 1096 halt nicht (kommt immer zu spät zu den Proben oder
544 1064 2548 1247 gar nicht. )Also kurz und gut, ich spiel die Haupt-
539 1218 1904 1347 rolle in einer Sensationspremiere.
547 1304 2486 1500 Mutter: Und da brauchst du wieder andere Kleider?
533 1473 2494 1638 Milly: Aber, Frau Finanzrat, darauf kommts ja jetzt
528 1614 897 1711 nicht an.
533 1702 2357 1888 Mutier: Sie haben leicht reden, Fräulein Milly.
533 1843 2053 2012 Geben s’ dir was dazu vom Theater aus?
531 1956 2516 2144 Franzi: Aber das ist doch natürlich.Erstens einmal
528 2093 2411 2268 eine Renumeration, weil ich die Rolle übernohmen
520 2220 2516 2411 habe, im letzten Moment sozusegen. und dann wird mir
517 2349 1764 2511 natürlich auch die Gage erhöht.
520 2478 2438 2675 Mutter: Ist es auch ganz gewiss, dass du am Abend
515 2640 1134 2753 spielen wirst?,
515 2745 2427 2917 Franzi: Aber ich hab doch schon probiert. Morgen
506 2866 2419 3060 Frih wird es gahen in der Zeitung stehen und die
501 3006 2618 3219 Roveda hat schon ihre Entlessung genonnen. Ich spiele
