2888 3496
895 243 1160 392 der act
2151 260 2282 442 25
490 308 768 506 fallts
506 399 2371 650 Sidon:(zu Karl) Maren Sie so freundlich an
508 614 1661 751 Ihr Versprechen zu denken?
548 650 2457 890 Karli Gewiss, ihr Billet,erste Reihe Mittel-
508 857 1802 1011 gang,Eeke, liegt an der Kasse.
518 907 2366 1147 sodon; Ich freue nich sehr auf Samstag (ie
516 1064 2467 1264 schdde, dass Ihr Vater das nicht mehr erleben
518 1264 847 1380 durfte.
523 1271 2500 1544 karl: Es ist die Frage, ob er es als besondere
511 1448 2386 1661 Genugtuung empfunden hätte. Er war wie Sie
513 1600 2340 1784 wiegen nicht sehr entzückt, dass ich nicht
528 1762 1767 1903 lieber in die Firma eintrat.
526 1812 2515 2060 Siden: Vor finf Jahren konnte er nicht ahnen,
518 2014 1906 2189 nie wiet sie es bringen würden.
526 2151 1228 2313 Karl: (wehrt ab).
536 2176 2474 2442 sidon: Innerhin - Aufführung an einer ersten
604 2348 2366 2581 Bünne, das hätte seinen Standpunkt jedes-
526 2550 1261 2709 falls verändert.
538 2578 2538 2838 larl: Ner neiss fundsübrigend)warten wir erst
541 2735 2558 2960 ab, wie's wird. (vill siohpieder verabschiodent
538 2907 2563 3114 sidon: Mollen Sie wir vielleicht das Vorgnügen
538 2995 2576 3248 nachen nach der Proviero mit wir zu soupierert
