2856 3480
206 2054 457 2268 Me!
113 2232 474 2397 lihsuden
181 2340 469 2460 h oonte
162 2418 509 2563 die geluet
577 410 809 610 foln2
584 567 2094 727 Antoinette: Das ist keine Antwort.
638 711 2347 884 Richard: Ich versichere Sie, ich schnere
596 849 884 997 Ihnon
1761 842 2401 1032 in jedem Fall
579 964 2209 1112 Antoinette: Das müssen Sie natürlich.
589 1086 2418 1269 Richard: (Wenn Sie das glauben, warum fragen
582 1224 985 1395 sie nich?
567 1365 2375 1515 Antoinette: Sie dürften wir antworten. Sie
575 1463 2455 1644 wären sogar vielleicht verpflichtet. Denn dr
575 1604 2406 1773 hat wir geschworen, dass (alles vorbei ist,-
563 1740 2333 1890 dass er von Franzi, ja -Sie sehensich bin
565 1831 2326 2005 unterrichtet, nichts mehr sieht und hört,
560 1998 2418 2167 dass seit unserer Verlehung alles zwischen
567 2118 2411 2291 ihn und ihr aus ist. Und auf diesen Eid hin
1538 2202 1719 2284 relobt
560 2244 2375 2397 habe ich nich mit ihm -(ach,ad warum soll
567 2383 2354 2549 ich ihnen nicht die ganze Mahrheit sagen
558 2507 2315 2673 auf diesen rid hin hab ich mich ihm ganz
563 2612 2366 2823 gegeben. Menn er also ein Meineid gewesen
544 2781 748 2936 märe
553 2889 2415 3070 Richard: (Ich bin vollkomnen überzeugt/dass
1130 2980 1386 3070 tit ta
558 3016 2279 3222 er ihnen die reine Mahrheit gesagt. hat.
