2840 3480
624 347 2316 557 brauchen. Pitte nehmen Sie Platz. (Mit
619 518 2459 721 welchen Erwartungen sehen Sie der Prenien
626 659 1042 825 entgegen?
638 756 2376 980 Richard: Wie habe ich diese Frage aufzu-
631 943 952 1065 fassen?
629 1040 2408 1204 Armin: Sehr einfach. Sie kennen ja jedes-
633 1169 2307 1310 falls die früheren Werke des Dichters,
633 1310 2381 1433 sind, wie ich annehme,ein Freund und Ver-
619 1435 2304 1625 ehrer des Dichters)und wie ich vermute
626 1565 1817 1706 ein Abonment der „Coulisse“
1729 1634 2496 1782 Am K. nchsteltwer
619 1680 1710 1844 Richard: Leider bisher.
1759 1754 2492 1844 diche Jabega van
631 1800 2214 1981 Dreuling: Zohn kronen halbjährig. Mr
1086 1939 1777 2034 die hein conner sill ie
626 1958 2452 2099 Schauspieler kommt noch eine Kleinigkeit,
617 2085 2455 2226 dazu in Haturelien oder auch har, für junge
1317 2203 2602 2277 koun niit durit cin s. factirirt
622 2253 2390 2355 Künstlerinnen oveuell auch eige Zuhus-
668 2332 2378 2505 in Naturation und für alternde künst-
629 2466 2293 2646 ler kommt gelegentlich noch eine Douper
1738 2589 2214 2718 mebehaket
603 2593 1620 2769 dazu. Jhrsser Nehrel
610 2732 2468 2919 Karl: Vemirren Sie mir diesen jungen Im
633 2857 2434 2988 schen nicht. Er ist diesen Ton noch nicht
629 2972 2293 3153 gewöhkt. Mir sind hier eine zufällige
