2888 3496
495 418 1913 633 Kielard: So gar nicht ehrgeizig?
495 553 2361 735 Franzi: Jetzt nicht.Jetzt ist mir alles an-
493 698 2306 875 dere so gleichgültig. (hat. seinen Kopf zui-
485 823 1298 1001 schen den Händen).
1333 908 1786 1011 quseica.
1878 908 2296 1046 on der wer¬
500 948 1841 1088 Richard: Wird sich wehl ändern?
980 1056 1226 1156 Nosheell
495 1073 2509 1263 Franzi: Denken kann ich mir's freilich nicht.,
500 1193 2454 1383 Richard: Ach, man kann sich manches nicht der
490 1381 768 1513 kon./
490 1436 2441 1613 Franzi: (wird aufmerksam) Wir werden uns eben
1536 1561 1983 1651 2lnd de Hct
485 1601 2301 1813 später troffen müssen.sind manchmal viel
495 1733 1523 1906 leichtVor dem Theater.
888 1823 1916 1901 wie nich ebea uidl An
488 1861 2036 2031 Richard: Es wird sich schon finden.
2311 1883 2476 2014 Biit
478 1986 2406 2159 Franzi: Ein bischen kühl ist man heut -oder
488 2089 2391 2259 gar verstimmt? Washast du, Richard? (/t
545 2221 2379 2439 Richard: Nichtspgar nithts) (tint it die dun
515 2371 2371 2546 (Es klopft.Die Baronin konnt herein und be-
490 2519 1361 2699 ginnt aufzudecken).
480 2644 2361 2816 Baronin: Damit die Herrschaften dann nicht
485 2806 1128 2951 warten müssen.
