<?xml version="1.0" encoding="UTF-8" standalone="yes"?>
<PcGts xmlns="http://schema.primaresearch.org/PAGE/gts/pagecontent/2013-07-15" xmlns:xsi="http://www.w3.org/2001/XMLSchema-instance" xsi:schemaLocation="http://schema.primaresearch.org/PAGE/gts/pagecontent/2013-07-15 http://schema.primaresearch.org/PAGE/gts/pagecontent/2013-07-15/pagecontent.xsd">
    <Metadata>
        <Creator>prov=READ-COOP:name=PyLaia@TranskribusPlatform:version=2.7.0:model_id=50870:lm=none:date=22_01_2024_17:28</Creator>
        <Created>2023-09-27T14:34:31.956+02:00</Created>
        <LastChange>2024-01-22T17:28:42.519+01:00</LastChange>
        <TranskribusMetadata docId="1589032" pageId="60123404" pageNr="170" tsid="145629810" status="IN_PROGRESS" userId="40391" imgUrl="https://files.transkribus.eu/Get?id=CVBWURIYFHAISNPKBHCHKXSU&amp;fileType=view" xmlUrl="https://files.transkribus.eu/Get?id=GESHFKDNCNDXRYKWQCQNKBED" imageId="48548482"/>
    </Metadata>
    <Page imageFilename="1589032_0170.jpg" imageWidth="2840" imageHeight="3448">
        <ReadingOrder>
            <OrderedGroup id="ro_1711793968805" caption="Regions reading order">
                <RegionRefIndexed index="0" regionRef="tr_1"/>
                <RegionRefIndexed index="1" regionRef="tr_2"/>
            </OrderedGroup>
        </ReadingOrder>
        <TextRegion orientation="0.0" id="tr_1" custom="readingOrder {index:0;}">
            <Coords points="170,842 170,1175 453,1175 453,842"/>
            <TextLine id="tr_1_tl_1" custom="readingOrder {index:0;}">
                <Coords points="183,903 221,892 264,924 364,892 412,908 404,695 350,703 310,695 291,706 278,695 216,752 178,749"/>
                <Baseline points="197,880 224,880 252,881 280,883 308,884 336,886 364,886 392,887 420,889"/>
                <TextEquiv>
                    <Unicode>Mrlrch</Unicode>
                </TextEquiv>
            </TextLine>
            <TextLine id="tr_1_tl_2" custom="readingOrder {index:1;}">
                <Coords points="172,978 226,973 240,986 259,981 310,997 331,981 399,973 404,911 367,919 337,897 329,906 310,903 278,927 226,914 202,930 175,930"/>
                <Baseline points="188,967 215,967 242,967 269,967 296,965 323,963 350,957 377,956 405,958"/>
                <TextEquiv>
                    <Unicode>nicht8</Unicode>
                </TextEquiv>
            </TextLine>
            <TextLine id="tr_1_tl_3" custom="readingOrder {index:2;}">
                <Coords points="154,1083 199,1091 251,1073 272,1081 383,1046 442,1054 455,957 423,954 369,978 315,978 280,992 256,981 210,1008 164,1008"/>
                <Baseline points="170,1062 195,1061 221,1060 247,1055 272,1050 298,1048 324,1046 350,1041 375,1036 401,1030 427,1029 453,1029"/>
                <TextEquiv>
                    <Unicode>niloni</Unicode>
                </TextEquiv>
            </TextLine>
            <TextLine id="tr_1_tl_4" custom="readingOrder {index:3;}">
                <Coords points="164,1191 226,1199 253,1186 321,1183 356,1213 380,1210 415,1234 431,1070 369,1097 353,1091 331,1110 275,1094 256,1073 197,1091 175,1083"/>
                <Baseline points="182,1155 209,1154 236,1151 264,1147 291,1144 319,1140 346,1137 374,1135 401,1133 429,1131"/>
                <TextEquiv>
                    <Unicode>otues</Unicode>
                </TextEquiv>
            </TextLine>
            <TextEquiv>
                <Unicode></Unicode>
            </TextEquiv>
        </TextRegion>
        <TextRegion orientation="0.0" id="tr_2" custom="readingOrder {index:1;}">
            <Coords points="468,363 468,3164 2653,3164 2653,363"/>
            <TextLine id="tr_2_tl_1" custom="readingOrder {index:0;}">
                <Coords points="2110,434 2145,439 2161,429 2196,439 2226,429 2237,434 2248,423 2261,426 2264,337 2242,331 2226,342 2215,331 2196,350 2169,331 2161,337 2156,331 2143,337 2113,331"/>
                <Baseline points="2125,417 2153,413 2182,411 2210,413 2239,413 2268,411"/>
                <TextEquiv>
                    <Unicode>158</Unicode>
                </TextEquiv>
            </TextLine>
            <TextLine id="tr_2_tl_2" custom="readingOrder {index:1;}">
                <Coords points="477,588 986,588 1102,628 1843,552 1984,606 2094,566 2501,601 2501,474 2388,466 2134,499 1954,455 1469,499 1296,461 994,499 941,466 477,474"/>
                <Baseline points="492,546 592,543 693,543 794,545 895,543 995,543 1096,546 1197,544 1298,546 1398,548 1499,545 1600,543 1701,543 1801,543 1902,540 2003,543 2104,543 2204,543 2305,546 2406,547 2507,540"/>
                <TextEquiv>
                    <Unicode>Schluss ein wenig Gelegenheit zur Heiterkeit gege-</Unicode>
                </TextEquiv>
            </TextLine>
            <TextLine id="tr_2_tl_3" custom="readingOrder {index:2;}">
                <Coords points="474,706 523,709 547,730 728,717 747,733 771,722 879,744 879,604 800,612 773,596 749,612 658,593 628,606 606,590 542,614 474,596"/>
                <Baseline points="489,674 515,674 541,674 568,674 594,674 621,674 647,676 674,677 700,677 727,676 753,674 780,674 806,674 833,676 859,680 886,686"/>
                <TextEquiv>
                    <Unicode>ben hätte.</Unicode>
                </TextEquiv>
            </TextLine>
            <TextLine id="tr_2_tl_4" custom="readingOrder {index:3;}">
                <Coords points="480,844 865,873 1075,811 1609,835 1741,803 1932,873 2620,865 2649,720 2471,714 2412,755 2105,685 1860,763 1439,722 932,765 482,736"/>
                <Baseline points="498,806 605,806 713,809 821,809 929,806 1036,806 1144,806 1252,806 1360,800 1467,804 1575,803 1683,803 1791,803 1898,806 2006,805 2114,803 2222,797 2329,794 2437,797 2545,800 2653,803"/>
                <TextEquiv>
                    <Unicode>Löblein; Sie finden den Schluss. tragische Ertt Amtru!</Unicode>
                </TextEquiv>
            </TextLine>
            <TextLine id="tr_2_tl_5" custom="readingOrder {index:4;}">
                <Coords points="1032,887 1663,881 1663,822 1633,814 1612,835 1531,811 1493,838 1447,817 1310,838 1288,819 1073,811 1032,830"/>
                <Baseline points="1047,871 1078,869 1109,866 1140,865 1171,865 1202,867 1233,868 1264,868 1295,868 1326,868 1357,868 1388,868 1419,868 1450,868 1481,866 1512,867 1543,868 1574,868 1605,868 1636,867 1668,865"/>
                <TextEquiv>
                    <Unicode>denut etc kollen</Unicode>
                </TextEquiv>
            </TextLine>
            <TextLine id="tr_2_tl_6" custom="readingOrder {index:5;}">
                <Coords points="474,984 1310,984 1523,1024 1644,981 2175,978 2285,1029 2614,994 2614,889 2436,844 2345,892 2199,854 1811,868 1730,806 1585,897 1062,895 954,854 474,884"/>
                <Baseline points="489,940 595,940 701,940 808,938 914,940 1021,937 1127,937 1234,937 1340,934 1447,940 1553,937 1659,937 1766,934 1872,938 1979,936 2085,934 2192,937 2298,937 2405,935 2511,937 2618,925"/>
                <TextEquiv>
                    <Unicode>Dregulein: Schon herunten, Herr Boktor?Dauert noch ge-</Unicode>
                </TextEquiv>
            </TextLine>
            <TextLine id="tr_2_tl_7" custom="readingOrder {index:6;}">
                <Coords points="480,1110 1544,1135 1544,1021 1455,1003 695,1024 609,989 480,1021"/>
                <Baseline points="495,1071 547,1066 600,1067 653,1068 706,1065 759,1065 812,1065 864,1065 917,1065 970,1065 1023,1068 1076,1067 1129,1067 1182,1066 1234,1065 1287,1065 1340,1065 1393,1065 1446,1067 1499,1068 1552,1068"/>
                <TextEquiv>
                    <Unicode>raume Zeit bis zum Schluss.</Unicode>
                </TextEquiv>
            </TextLine>
            <TextLine id="tr_2_tl_8" custom="readingOrder {index:7;}">
                <Coords points="472,1280 1237,1248 1237,1153 1183,1135 1048,1124 906,1156 798,1121 728,1145 472,1135"/>
                <Baseline points="486,1200 523,1200 561,1202 599,1201 637,1200 674,1200 712,1200 750,1200 788,1200 825,1200 863,1200 901,1201 939,1202 976,1197 1014,1197 1052,1197 1090,1197 1127,1197 1165,1197 1203,1200 1241,1200"/>
                <TextEquiv>
                    <Unicode>Kerl: Allzu geraun.</Unicode>
                </TextEquiv>
            </TextLine>
            <TextLine id="tr_2_tl_9" custom="readingOrder {index:8;}">
                <Coords points="469,1388 825,1412 1191,1366 1463,1401 1542,1358 2002,1404 2396,1353 2582,1385 2582,1218 2490,1194 2231,1264 2105,1229 1717,1283 1593,1234 469,1280"/>
                <Baseline points="483,1331 588,1328 693,1326 798,1328 904,1325 1009,1327 1114,1325 1219,1323 1325,1327 1430,1328 1535,1325 1640,1325 1746,1327 1851,1327 1956,1325 2061,1322 2167,1325 2272,1325 2377,1325 2482,1323 2588,1331"/>
                <TextEquiv>
                    <Unicode>Ansager: Gut, dass Sie schon da sind, Herr Doktor. " auf</Unicode>
                </TextEquiv>
            </TextLine>
            <TextLine id="tr_2_tl_10" custom="readingOrder {index:9;}">
                <Coords points="480,1509 733,1528 865,1461 954,1517 1275,1531 1458,1458 1542,1507 1886,1544 2137,1466 2382,1485 2382,1374 2347,1366 1622,1418 1291,1372 480,1412"/>
                <Baseline points="495,1453 589,1454 684,1456 778,1453 873,1455 968,1453 1062,1453 1157,1453 1252,1455 1346,1453 1441,1453 1536,1453 1630,1453 1725,1453 1820,1453 1914,1454 2009,1453 2104,1453 2198,1453 2293,1453 2388,1450"/>
                <TextEquiv>
                    <Unicode>ein Haar und es wär nach dem zweiten Akt zu spät</Unicode>
                </TextEquiv>
            </TextLine>
            <TextLine id="tr_2_tl_11" custom="readingOrder {index:10;}">
                <Coords points="1415,1525 1428,1525 1442,1539 1474,1531 1493,1539 1512,1531 1533,1552 1582,1531 1628,1539 1628,1501 1598,1501 1582,1490 1542,1507 1512,1482 1488,1480 1450,1458 1412,1471"/>
                <Baseline points="1429,1522 1454,1522 1479,1522 1505,1524 1530,1525 1555,1525 1581,1525 1606,1525 1632,1522"/>
                <TextEquiv>
                    <Unicode>Rogi</Unicode>
                </TextEquiv>
            </TextLine>
            <TextLine id="tr_2_tl_12" custom="readingOrder {index:11;}">
                <Coords points="472,1622 965,1641 1043,1598 1194,1628 1342,1587 1808,1644 1876,1598 2455,1606 2455,1482 2385,1477 2046,1539 1536,1552 1393,1512 986,1536 860,1461 749,1528 472,1515"/>
                <Baseline points="486,1594 584,1588 683,1588 782,1588 881,1585 980,1585 1078,1585 1177,1587 1276,1585 1375,1585 1474,1585 1572,1585 1671,1586 1770,1587 1869,1585 1968,1585 2066,1585 2165,1585 2264,1585 2363,1585 2462,1585"/>
                <TextEquiv>
                    <Unicode>gewesen. Bitt sie, Herr Löblein, sagen Sie dem Herrn</Unicode>
                </TextEquiv>
            </TextLine>
            <TextLine id="tr_2_tl_13" custom="readingOrder {index:12;}">
                <Coords points="1172,1663 1245,1668 1272,1652 1302,1666 1326,1652 1385,1679 1412,1657 1431,1668 1552,1657 1555,1593 1485,1612 1461,1587 1318,1628 1261,1601 1191,1628 1172,1622"/>
                <Baseline points="1188,1650 1214,1650 1240,1650 1267,1652 1293,1652 1320,1649 1346,1647 1373,1647 1399,1646 1425,1644 1452,1642 1478,1642 1505,1643 1531,1642 1558,1638"/>
                <TextEquiv>
                    <Unicode>und an taliti</Unicode>
                </TextEquiv>
            </TextLine>
            <TextLine id="tr_2_tl_14" custom="readingOrder {index:13;}">
                <Coords points="469,1768 1407,1765 1474,1800 1846,1765 1846,1682 1773,1647 838,1679 763,1636 472,1630"/>
                <Baseline points="486,1713 554,1716 622,1716 691,1715 759,1718 827,1715 896,1716 964,1718 1032,1719 1101,1717 1169,1716 1237,1716 1306,1714 1374,1716 1442,1716 1511,1713 1579,1713 1647,1710 1716,1714 1784,1713 1853,1719"/>
                <TextEquiv>
                    <Unicode>Doktor er soll(gleich herauskommen.</Unicode>
                </TextEquiv>
            </TextLine>
            <TextLine id="tr_2_tl_15" custom="readingOrder {index:14;}">
                <Coords points="469,1897 943,1924 1202,1886 1493,1932 1663,1876 1835,1900 1905,1849 2401,1886 2622,1854 2622,1789 2439,1763 2385,1798 1819,1763 1485,1806 1407,1768 924,1773 814,1814 469,1771"/>
                <Baseline points="483,1847 590,1849 697,1847 804,1845 911,1844 1019,1847 1126,1844 1233,1844 1340,1846 1447,1844 1555,1844 1662,1845 1769,1847 1876,1846 1983,1844 2091,1844 2198,1844 2305,1844 2412,1844 2519,1844 2627,1844"/>
                <TextEquiv>
                    <Unicode>Karl: Iu ich unter keiner Bedingung. Zuerst mindestens</Unicode>
                </TextEquiv>
            </TextLine>
            <TextLine id="tr_2_tl_16" custom="readingOrder {index:15;}">
                <Coords points="461,2021 1153,2059 1350,2024 1601,2059 1727,2024 2582,2027 2582,1916 2531,1892 2477,1930 2113,1884 1657,1932 1272,1892 461,1924"/>
                <Baseline points="477,1976 582,1976 688,1976 793,1979 899,1976 1004,1976 1110,1976 1215,1976 1321,1979 1426,1979 1532,1979 1638,1979 1743,1976 1849,1976 1954,1976 2060,1976 2165,1978 2271,1973 2376,1979 2482,1976 2588,1976"/>
                <TextEquiv>
                    <Unicode>dreimal die Schauspieler allein. Es ist mir überhaupt</Unicode>
                </TextEquiv>
            </TextLine>
            <TextLine id="tr_2_tl_17" custom="readingOrder {index:16;}">
                <Coords points="469,2148 526,2183 849,2151 1051,2178 1197,2105 1525,2097 1504,2037 1361,2027 1065,2075 949,2029 641,2056 472,2027"/>
                <Baseline points="486,2107 538,2104 590,2104 642,2107 695,2107 747,2108 799,2112 851,2108 904,2110 956,2110 1008,2109 1060,2104 1113,2099 1165,2098 1217,2092 1269,2089 1322,2085 1374,2083 1426,2083 1478,2083 1531,2083"/>
                <TextEquiv>
                    <Unicode>zuwider genugimie le Caue</Unicode>
                </TextEquiv>
            </TextLine>
            <TextLine id="tr_2_tl_18" custom="readingOrder {index:17;}">
                <Coords points="1159,2167 1253,2191 1307,2178 1490,2188 1515,2172 1533,2188 1560,2183 1560,2132 1533,2124 1450,2137 1401,2124 1350,2143 1326,2124 1261,2129 1210,2105 1159,2107"/>
                <Baseline points="1173,2164 1199,2162 1225,2162 1251,2163 1277,2165 1303,2167 1329,2167 1355,2167 1381,2163 1407,2161 1433,2161 1459,2161 1485,2161 1511,2163 1537,2165 1564,2167"/>
                <TextEquiv>
                    <Unicode>die in ercan</Unicode>
                </TextEquiv>
            </TextLine>
            <TextLine id="tr_2_tl_19" custom="readingOrder {index:18;}">
                <Coords points="458,2266 941,2326 1951,2280 2253,2326 2415,2277 2385,2124 2091,2183 458,2183"/>
                <Baseline points="474,2238 571,2235 668,2235 766,2237 863,2235 960,2238 1058,2235 1155,2236 1252,2238 1350,2237 1447,2236 1544,2238 1642,2238 1739,2238 1836,2237 1934,2237 2031,2235 2128,2238 2226,2238 2323,2237 2421,2238"/>
                <TextEquiv>
                    <Unicode>Liblein: (sie dürfen nicht nur an sich denken, Herr</Unicode>
                </TextEquiv>
            </TextLine>
            <TextLine id="tr_2_tl_20" custom="readingOrder {index:19;}">
                <Coords points="466,2396 725,2466 1011,2415 1280,2466 1733,2380 2180,2374 2275,2417 2501,2382 2501,2320 2426,2296 2124,2323 1959,2280 1722,2334 466,2307"/>
                <Baseline points="480,2364 581,2368 682,2370 784,2373 885,2370 986,2370 1088,2370 1189,2370 1290,2370 1392,2376 1493,2372 1594,2373 1696,2370 1797,2370 1898,2370 2000,2370 2101,2370 2202,2370 2304,2370 2405,2373 2507,2370"/>
                <TextEquiv>
                    <Unicode>Doktor.) Von solchen Dingen kann das Schicksel Ihres</Unicode>
                </TextEquiv>
            </TextLine>
            <TextLine id="tr_2_tl_21" custom="readingOrder {index:20;}">
                <Coords points="458,2528 612,2571 782,2563 825,2593 1021,2544 1102,2568 1102,2447 949,2463 879,2426 720,2463 685,2434 458,2417"/>
                <Baseline points="474,2504 505,2502 537,2501 568,2501 600,2501 632,2501 663,2501 695,2501 727,2503 758,2503 790,2501 822,2501 853,2501 885,2502 917,2504 948,2504 980,2504 1012,2504 1043,2502 1075,2502 1107,2504"/>
                <TextEquiv>
                    <Unicode>Stücks abhängen.</Unicode>
                </TextEquiv>
            </TextLine>
            <TextLine id="tr_2_tl_22" custom="readingOrder {index:21;}">
                <Coords points="458,2673 574,2708 1334,2700 1695,2636 2161,2711 2318,2638 2614,2657 2614,2549 2544,2533 2291,2590 1552,2547 819,2590 458,2528"/>
                <Baseline points="474,2633 581,2636 688,2634 796,2633 903,2635 1010,2633 1118,2633 1225,2634 1332,2636 1440,2635 1547,2636 1654,2634 1762,2634 1869,2636 1976,2633 2084,2636 2191,2634 2298,2633 2406,2633 2513,2634 2621,2633"/>
                <TextEquiv>
                    <Unicode>Karl: Glauben Sie das wirklicht Und wenn ich schon tot</Unicode>
                </TextEquiv>
            </TextLine>
            <TextLine id="tr_2_tl_23" custom="readingOrder {index:22;}">
                <Coords points="453,2800 474,2795 536,2824 566,2816 625,2849 641,2846 641,2690 574,2708 547,2703 520,2684 453,2692"/>
                <Baseline points="468,2764 493,2764 519,2764 544,2764 570,2764 595,2764 621,2764 647,2764"/>
                <TextEquiv>
                    <Unicode>wir?</Unicode>
                </TextEquiv>
            </TextLine>
            <TextLine id="tr_2_tl_24" custom="readingOrder {index:23;}">
                <Coords points="453,2935 1415,2989 1604,2921 1746,2983 2539,2948 2539,2805 2458,2795 2417,2832 2215,2814 2024,2857 1388,2805 1272,2849 1089,2803 946,2859 453,2800"/>
                <Baseline points="468,2898 571,2895 675,2895 779,2895 883,2898 986,2895 1090,2896 1194,2898 1298,2900 1401,2895 1505,2895 1609,2898 1713,2898 1816,2898 1920,2895 2024,2901 2128,2898 2231,2898 2335,2898 2439,2898 2543,2895"/>
                <TextEquiv>
                    <Unicode>Löbleln: Einen Poten verzeiht man alles, auch dass er</Unicode>
                </TextEquiv>
            </TextLine>
            <TextLine id="tr_2_tl_25" custom="readingOrder {index:24;}">
                <Coords points="453,3080 547,3072 596,3099 652,3064 690,3102 765,3107 862,3059 911,3102 951,3102 1110,3053 1110,2994 965,2935 932,2967 453,2975"/>
                <Baseline points="468,3027 500,3029 532,3030 565,3030 597,3030 630,3030 662,3029 694,3027 727,3027 759,3028 792,3030 824,3030 856,3030 889,3030 921,3030 954,3030 986,3030 1018,3030 1051,3030 1083,3032 1116,3039"/>
                <TextEquiv>
                    <Unicode>nicht erscheint.</Unicode>
                </TextEquiv>
            </TextLine>
            <TextLine id="tr_2_tl_26" custom="readingOrder {index:25;}">
                <Coords points="776,3142 1296,3194 1356,3161 1447,3161 1447,3018 1407,3005 1307,3029 1183,2989 1056,3078 922,3105 854,3059 776,3094"/>
                <Baseline points="791,3134 825,3131 860,3131 895,3133 929,3135 964,3137 999,3140 1033,3140 1068,3137 1103,3133 1137,3131 1172,3133 1207,3134 1241,3133 1276,3131 1311,3131 1345,3131 1380,3130 1415,3127 1450,3122"/>
                <TextEquiv>
                    <Unicode>ciman at sum</Unicode>
                </TextEquiv>
            </TextLine>
            <TextEquiv>
                <Unicode></Unicode>
            </TextEquiv>
        </TextRegion>
    </Page>
</PcGts>
