2824 3400
462 425 906 562 und Armin.
462 505 2228 704 karl und Richard (bleiben allein zusammen
464 683 798 810 sitzen.
474 750 2324 959 fabar die Fochzeit haute. Ueber den Bräuti-
469 940 1353 1113 gam. Deber Mathilde.
469 1048 2286 1209 Karl wuss intimer sein mit Richard. kommt
464 1161 2320 1284 öfters ins Haus. Die Schwester Rihards ist
478 1305 2233 1449 in ihn etwas verliebt. Er spricht davon,
471 1437 2228 1620 dess er ihr morgen die Loge, für die Pre-
466 1582 1334 1690 miere bringen wird.
1510 1584 1752 1731 halt et
462 1666 2298 1853 Karl redet Richard zu dtotnette zu heire-
471 1815 2180 2005 ten. Sie sind dafür geboren, zum braven
464 1973 841 2103 Ehemann.
476 2041 2207 2231 Erst im laufe dieses Gespräches erfährt.
488 2202 2332 2348 Rx Karl, dass Franzi Richards Geliebte ist.
1976 2303 2409 2464 lieter niht
478 2351 1844 2524 steigende innere qual Richards.
478 2464 2317 2618 Karl: Für eine gute pölle ist jede zu ha-
478 2574 2310 2784 ben. (Dass sie Sie liebt ändert ja nichts
488 2719 805 2918 de ran.)
486 2827 2413 3053 Arnin erzählt von der Roreda in ihrer Jugerd
