2904 3496
2306 326 2471 457 122
764 301 1241 491 deritener
494 457 2264 633 Karl:/Dürfte ich nicht morgen Nachmittag -?
505 561 2702 745 Helene: Sie werden zu viel zu tun haben in den nächsten
1288 667 1598 759 sen nehlt
508 697 2686 848 Tagen, Herr Berg. Uebrigens will ich niemanden beunruhi-
513 806 2658 968 gen. Weder den Papa, noch das Fräulein Roveda, noch mich
508 962 1085 1135 selbst. Adieu.
510 1180 1168 1341 Helene, Mathilde.
519 1288 2471 1447 PMathilde: Du hast einen sonderbaren Ton mit ihm.
513 1389 2507 1606 Helene: Den einzig möglich. (Sonst würde er an Ende
505 1534 1422 1718 doch merken - das ch
1537 1584 2259 1735 Maxri Theconsel6
496 1665 2741 1832 Mathilde:(Nun und wenn2-Warum solltest du ihn nicht hei-
1537 1779 2658 1947 N. inchel. der de auh usch ir hu
510 1827 772 1991 raten?
1037 1815 1355 1983 Unangle
541 1933 2677 2119 Helene: (F’rohterl icher Gedanke.) Der mugs noch manches
519 2041 2546 2251 durchmachen. Ich möglicherweise auch) Weisst du, in
516 2192 2635 2390 zehn Jahren vielleicht, wenn ich einmal Mitwe bin oder
516 2340 2610 2518 geschiedene Frau. Aber der ist nichts für anständige
510 2465 1478 2641 Mäderen, wie wir es sind.
1063 2566 1272 2658 nieret
549 2582 2641 2775 Mathilde: Sag das nicht, als wenn das etwas so Dannes
521 2730 1406 2906 oder Schlschies wäre,e
508 2794 2627 3034 Helene: Manchnal das eine, manctmal das andere und zu-
2167 2959 2379 3037 cn
1768 2956 1952 3045 Aede
508 2984 2700 3146 weilen ist es gewiss auch etwas sehr Schönes. Wenn ich
513 3104 2633 3310 dich zum Beisptel anschs - ehe ach sa, du. Un mie vidl
