2824 3416
178 186 523 383 7.1.1928
1984 280 2138 415 131
429 399 2022 644 Roleno konnt horsin, sichtlich betrofsen.
418 577 1246 750 Richard: Was gibt' sr.
426 642 2241 855 Helene: Denkt Euch, wen hat aus Doktor ludnigs
439 795 2359 992 Wohnung her telefoniert, sein Vater ist plötzlich
439 952 863 1114 gestorben.
439 1087 968 1262 Ficherd: Mas?
439 1138 2373 1367 Helene: Der Diener telefontert,genz plötzlich, in
445 1324 2510 1507 seiner Wohnung. Er scheint übrigens nicht allein ge-
442 1499 1014 1653 wesen zu sein.
464 1588 2319 1798 Zichard: Man hat schon an Ludwig telegraphiert?
450 1707 2451 1914 Helene: Ich nehme an. Abèr du wirst wohl vor allem
480 1836 1984 2014 in die Wohnung zu Ludwig gehen müsgen.
472 1979 795 2073 Richard:
472 1982 2540 2162 xudngx a, das muss ich wohl) Ich werde wohl auch an
466 2098 2540 2286 Ludwig telegraphieren,Venedig,Hotel Danieli. Es wird
456 2249 2095 2437 eine kurze Hochzeitsreise gewesen sein.
2133 2257 2656 2419 Ichwelbeehr
2181 2357 2556 2508 Allgehre
469 2389 1836 2561 Helene: Armer Kerl. (Kleine Pause)
466 2513 2632 2723 Richard:(Plötzlich) adieu, Relene, leben Sie wohlMathil.
469 2699 604 2804 de.
491 2783 1173 2971 Retene, Mathitde.
