2840 3432
2315 311 2475 411 105
599 372 2603 576 die Hauptrolle, Mutter, hast du denn gar keine Freud?
589 528 2491 714 Mutter: Man gewöhnt sich's so ab das Freuen. Man
597 646 1546 790 traut sich nicht (recht).
1052 717 1706 840 Mecht eir aus 1bel
589 751 2459 947 Fränzi: Der Autor hat mir gesagt, Fräulein Ihnen
573 908 2519 1081 wird mans glauben,die Roveda kann vielleicht mehr
578 1010 2451 1196 als Sie, aber ie, Sie sind die Figur,wie ich sie
560 1156 1261 1292 mir gedacht habe:
552 1295 2580 1465 Willy: Das glaub ich, dass Fräulein Franzi die Figur-
552 1418 777 1565 ist.1
594 1536 2530 1742 Franzi: (lacht) Aber Sie kennen doch das Stück gar
544 1680 798 1779 nicht.
528 1800 2328 1991 Milly: Ich glaub's auswendig,Fräulein Franzi.
547 1933 2624 2164 Franzi: Und eigentlich brauch ich ja gar keine andern
531 2067 2564 2258 Fleider als Sixxix wie für die Emmy. Für den zwei-
523 2213 2548 2389 ten Akt vielleicht? Aber da nehm ich mein Strassen-
1214 2294 1570 2391 dan rihlih
518 2342 2553 2525 kostüm, wird sogar sehr gut sein. (Und das mächen ie
518 2459 1258 2606 jedesfalls fertig.
505 2587 1792 2755 Mutter: Aber du isst ja gar nix.
513 2724 2614 2901 Franzi: Ich hab genug. Die Torte, die heb mir für nach
500 2852 2530 3056 dem Thealer auf. Halbfünf schon. Ja, Mutter, könntet
510 2990 2441 3187 Ihr nicht - Fräulein Milly, könnten sie nicht auch
