2792 3464
547 419 2587 593 Gregor: (in der Kolle) as ist nebensächlich. Erzähl
549 557 2342 744 wie's dir geht. (Was machst du imnerz 4-4
557 692 2621 869 Dögelmann: (in der Kolle) (ein Lieberfheute komme ich
552 820 2584 994 vor allen dich (persönlich zu meiner Hochzeit einzu-
549 953 809 1109 leden.
552 1057 1481 1236 Gregor:(ruckt zusannen!
544 1210 2498 1398 Karl: Pardon, nicht tusannenzukken, Herr Gregor, die
552 1345 2423 1528 wiesen ja, dass Ihr Freund heiratet, es ist also
557 1473 2342 1629 gar keine Ueberraschung für Sie. Ueberhaupt-
552 1598 2514 1770 der Anfang ganz konventionell. (spricht vor) o,ich
560 1733 2556 1934 danke dir sehr, deine Karte habe ich schon bekommen
552 1869 1142 2014 und so weiter.
828 1973 1127 2059 lemutit
557 1981 2444 2147 Gregor: Ich danke dir sehr, deine Karte habe ich
560 2121 2649 2290 schon bekommen, sehr liebenswürdig, dass du nun selbst-
802 2233 963 2301 lielet
557 2246 2629 2439 Dögelmann: Aber, mein lieber Fedor, bei unserer alten
547 2410 1103 2556 Freundschaft.
560 2517 2582 2686 Grezor: (nimnt seine Eigarettentasche heraus, bietet
552 2675 2574 2798 ihn eine Zigarette an, dieehtertefretz al-
547 2761 1119 2936 2s0 merklort!
539 2891 2098 3079 oogelmenn: Wanke. Guto Merke.Krrietzt.
544 3040 2423 3227 toblein: Bitte, dichten sie nicht.Weiter,weiter!
