2872 3464
206 2067 381 2249 Pest
2107 300 2282 439 169
569 394 2432 597 ((Vielleicht noch ein kurzer Abgang von Franzi,
1747 561 2201 668 mus n. or.
566 559 1724 736 um Moritzky hereinzubfitten)1
1460 650 1998 749 Juc huleut . R
543 703 2475 845 Dregulein: (zu Karl ( Jetzt geht's gut. Da können
561 823 2412 998 Sie sich irauf verlassen. Auf die paar Minuten
559 960 2501 1122 vor dem letzten Fallen des Vorhängs kommt es an:
561 1066 2440 1262 Ansager: (zu Karl) Komren Sie doch lieber nach
574 1231 2513 1379 vorn, Herr Doktor; sonst find man Sie wieder nicht.
556 1348 2470 1521 (und gleich herauskommen. (Sie haben keine Geduld,
556 1495 2323 1645 die Herrschaften. Um zehn Uhr wollen s’ halt
546 1620 2551 1800 beim Nachtmahl sitzen. Dem Shakespeare ist es auch
543 1726 1434 1889 nicht anders gegangen.
579 1876 2394 1990 (Erstex Zeichen zum Herablassen des Vorhangs)
561 2021 1833 2115 Franzi: (als Fanni auf der Bühne)
561 2133 2399 2300 ((Bevor sie Moritzky ruft käme die Stelle: Ich
553 2254 2356 2414 bin es müde um deine Gnade zu flehen wie eine
505 2394 2460 2590 Sünderin und vor einem auf den Knieen zu liegen,
551 2521 2549 2696 der um nichts besser ist als ich, Sie unterschreibt
569 2633 2394 2755 den Kontrakt, dann ruft sie Moritzky herein, der
553 2780 2597 2953 eine Weile drin bleibt.- Die Repliquen entsprechend
546 2922 1795 3059 an andere Stellen zu setzen l))
