2872 3464
378 1470 541 1645 Aezel
376 1610 614 1737 Misre
2173 259 2298 371 95
630 368 2384 602 von der Situation) Ich habe keine lust einen
627 513 2468 729 neuen Irrtum in Ihrem Leben zu bedeuten und es
625 617 2455 835 gibt keinen Beweis dafür, dass es nicht wieder
612 744 2653 955 ein Irrtum wäre, ich weiss nicht genau der wie viel-
1013 886 1881 1087 Leckee An eite. Rekler.
678 980 820 1102 te.
665 1018 2562 1224 Fränzi: (in der Rolle) Und sie, so denken Sie sich
658 1175 2521 1368 jetzt, sie steht da und lässt diese Beschimpfung
655 1328 1384 1513 über sich ergehen.
660 1412 2635 1615 Gregor: (in der Kollel o, ich denke mir gar nichts.
650 1541 2607 1754 Franzl:(in der Rolle) Ich aber werde Ihnen sagen,
660 1665 2681 1879 warum ich da stehe und nicht einmal die Kraft habe-
673 1803 2584 2011 Roveda:(kann sich nicht länger beherrschen) Soll
673 1973 1886 2166 das nun Spass oder Ernst seine
670 2064 2427 2280 Direktor: Ich bitts un Ruhe, Fräutein Koreda.
1186 2193 1853 2265 Mer de de Stut cntem
678 2193 2465 2417 Bemihen Sie sich in den Zuschauerraun.Weiter,
724 2371 1371 2557 Träulein Binder.
706 2475 2447 2681 Hochgespannte Stimmung auf der Bühne.Andere
703 2620 2003 2790 Schauspioler aus den Coulissenl.
708 2742 2122 2922 Roveda:lsteht jetzt auf der Brückel-
701 2856 2638 3090 Franzi:(in der Roliel dus allem, was Sie sagen, auf
