<?xml version="1.0" encoding="UTF-8" standalone="yes"?>
<PcGts xmlns="http://schema.primaresearch.org/PAGE/gts/pagecontent/2013-07-15" xmlns:xsi="http://www.w3.org/2001/XMLSchema-instance" xsi:schemaLocation="http://schema.primaresearch.org/PAGE/gts/pagecontent/2013-07-15 http://schema.primaresearch.org/PAGE/gts/pagecontent/2013-07-15/pagecontent.xsd">
    <Metadata>
        <Creator>prov=READ-COOP:name=PyLaia@TranskribusPlatform:version=2.7.0:model_id=50870:lm=none:date=22_01_2024_17:28</Creator>
        <Created>2023-09-27T14:34:34.968+02:00</Created>
        <LastChange>2024-01-22T17:28:50.660+01:00</LastChange>
        <TranskribusMetadata docId="1589032" pageId="60123569" pageNr="202" tsid="145629845" status="IN_PROGRESS" userId="40391" imgUrl="https://files.transkribus.eu/Get?id=JGXLCYVJIKKEQFXYKSMKLQGU&amp;fileType=view" xmlUrl="https://files.transkribus.eu/Get?id=PDZSWQLZCKAYBHYEURYQMICV" imageId="48548647"/>
    </Metadata>
    <Page imageFilename="1589032_0202.jpg" imageWidth="2808" imageHeight="3400">
        <ReadingOrder>
            <OrderedGroup id="ro_1711794014668" caption="Regions reading order">
                <RegionRefIndexed index="0" regionRef="tr_1"/>
            </OrderedGroup>
        </ReadingOrder>
        <TextRegion orientation="0.0" id="tr_1" custom="readingOrder {index:0;}">
            <Coords points="462,273 462,2846 2507,2846 2507,273"/>
            <TextLine id="tr_1_tl_1" custom="readingOrder {index:0;}">
                <Coords points="2040,379 2055,379 2073,366 2080,374 2093,372 2128,354 2166,364 2179,354 2201,356 2201,248 2176,248 2151,235 2121,258 2088,245 2070,263 2065,258 2040,265"/>
                <Baseline points="2053,337 2078,335 2103,334 2129,334 2154,334 2179,334 2205,337"/>
                <TextEquiv>
                    <Unicode>189</Unicode>
                </TextEquiv>
            </TextLine>
            <TextLine id="tr_1_tl_2" custom="readingOrder {index:1;}">
                <Coords points="1681,531 1979,528 2057,473 2224,485 2328,533 2490,516 2490,364 2214,417 2030,377 1827,422 1681,387"/>
                <Baseline points="1695,468 1735,465 1775,465 1815,463 1855,464 1895,463 1935,462 1975,462 2015,462 2055,462 2095,462 2135,462 2175,459 2215,461 2255,460 2295,459 2335,459 2375,458 2415,456 2455,456 2495,459"/>
                <TextEquiv>
                    <Unicode>indern sind schön in</Unicode>
                </TextEquiv>
            </TextLine>
            <TextLine id="tr_1_tl_3" custom="readingOrder {index:2;}">
                <Coords points="457,495 887,521 1643,470 1643,349 1410,415 945,369 693,435 457,404"/>
                <Baseline points="471,471 529,471 588,471 647,471 706,474 765,472 823,472 882,471 941,468 1000,468 1059,468 1117,471 1176,468 1235,468 1294,468 1353,466 1411,466 1470,465 1529,465 1588,467 1647,468"/>
                <TextEquiv>
                    <Unicode>Sanstag gekommen- und die zwei</Unicode>
                </TextEquiv>
            </TextLine>
            <TextLine id="tr_1_tl_4" custom="readingOrder {index:3;}">
                <Coords points="455,657 1006,607 1241,639 1383,599 1554,655 1650,604 1815,627 1880,594 2340,647 2368,518 1926,508 1610,554 1504,513 1329,551 1087,490 907,561 455,548"/>
                <Baseline points="468,602 563,600 658,604 753,603 849,602 944,600 1039,598 1134,597 1230,597 1325,595 1420,596 1515,597 1611,594 1706,594 1801,591 1896,593 1992,591 2087,591 2182,589 2277,591 2373,591"/>
                <TextEquiv>
                    <Unicode>Bett gelegen und er hat durchaus herein wollen-</Unicode>
                </TextEquiv>
            </TextLine>
            <TextLine id="tr_1_tl_5" custom="readingOrder {index:4;}">
                <Coords points="463,741 718,736 804,776 864,733 1342,806 1410,776 1774,814 2042,728 2161,778 2232,748 2424,789 2424,647 2381,627 1911,677 1815,639 1668,690 1522,647 1084,675 950,622 662,693 463,660"/>
                <Baseline points="477,725 574,731 672,730 769,728 867,728 965,725 1062,725 1160,727 1257,725 1355,723 1453,725 1550,722 1648,725 1745,722 1843,722 1941,725 2038,722 2136,722 2233,722 2331,722 2429,731"/>
                <TextEquiv>
                    <Unicode>Baronin: Wie oft hab ich Ihnen /schon g’sagt, Marie,</Unicode>
                </TextEquiv>
            </TextLine>
            <TextLine id="tr_1_tl_6" custom="readingOrder {index:5;}">
                <Coords points="460,925 720,877 809,917 1269,930 1479,864 1559,897 1774,854 1982,910 1982,811 1875,776 1774,816 1385,784 1041,824 824,766 460,809"/>
                <Baseline points="474,859 549,859 625,858 701,856 776,856 852,858 928,856 1003,859 1079,856 1155,856 1231,853 1306,853 1382,853 1458,852 1533,853 1609,855 1685,853 1760,853 1836,852 1912,855 1988,856"/>
                <TextEquiv>
                    <Unicode>Sie haben sich an nichts zu ersnnern.</Unicode>
                </TextEquiv>
            </TextLine>
            <TextLine id="tr_1_tl_7" custom="readingOrder {index:6;}">
                <Coords points="460,1029 647,1067 844,1016 968,1059 1074,1011 1168,1051 1292,1019 1587,1054 1721,983 1789,1024 2472,996 2474,897 2201,938 1923,905 1840,945 1754,907 1673,966 1489,917 463,923"/>
                <Baseline points="474,991 574,988 674,988 774,988 874,985 974,985 1074,987 1175,988 1275,985 1375,987 1475,982 1575,982 1675,982 1775,982 1876,982 1976,983 2076,982 2176,976 2276,976 2376,976 2477,973"/>
                <TextEquiv>
                    <Unicode>(Zlingel draussen) Das ist der Graf: Verschwinden!</Unicode>
                </TextEquiv>
            </TextLine>
            <TextLine id="tr_1_tl_8" custom="readingOrder {index:7;}">
                <Coords points="2012,1155 2075,1183 2146,1140 2229,1145 2320,1102 2373,1099 2378,986 2287,991 2252,1019 2186,1001 2128,1034 2090,1024 2050,1056 2014,1046"/>
                <Baseline points="2029,1092 2054,1094 2079,1094 2104,1092 2129,1095 2154,1098 2179,1093 2204,1089 2229,1089 2254,1089 2279,1089 2304,1087 2329,1084 2354,1082 2379,1080"/>
                <TextEquiv>
                    <Unicode>en s halbe</Unicode>
                </TextEquiv>
            </TextLine>
            <TextLine id="tr_1_tl_9" custom="readingOrder {index:8;}">
                <Coords points="463,1178 490,1173 566,1211 622,1178 872,1178 875,1041 746,1026 695,1067 662,1072 614,1036 465,1026"/>
                <Baseline points="480,1119 505,1121 530,1121 555,1120 580,1119 605,1119 630,1118 655,1116 680,1118 705,1119 730,1119 755,1118 780,1117 805,1117 830,1119 855,1118 880,1116"/>
                <TextEquiv>
                    <Unicode>(Beide abl</Unicode>
                </TextEquiv>
            </TextLine>
            <TextLine id="tr_1_tl_10" custom="readingOrder {index:9;}">
                <Coords points="473,1327 2404,1286 2404,1188 2126,1196 2012,1153 1532,1196 1324,1145 1249,1185 1130,1155 677,1208 473,1175"/>
                <Baseline points="486,1247 582,1247 678,1244 774,1247 871,1247 967,1244 1063,1247 1159,1244 1256,1244 1352,1242 1448,1246 1544,1243 1641,1244 1737,1238 1833,1238 1929,1238 2026,1238 2122,1239 2218,1238 2314,1238 2411,1235"/>
                <TextEquiv>
                    <Unicode>(Pause. Ein Herr, sehr elegant, kommt herein, von der</Unicode>
                </TextEquiv>
            </TextLine>
            <TextLine id="tr_1_tl_11" custom="readingOrder {index:10;}">
                <Coords points="455,1474 986,1423 1400,1458 1489,1408 1572,1441 1640,1400 2022,1388 2171,1428 2411,1393 2414,1289 2121,1337 1979,1292 1719,1329 1570,1284 1312,1332 455,1335"/>
                <Baseline points="468,1379 565,1379 662,1379 760,1379 857,1379 955,1376 1052,1376 1150,1378 1247,1373 1345,1373 1442,1372 1539,1372 1637,1370 1734,1370 1832,1370 1929,1370 2027,1369 2124,1369 2222,1372 2319,1368 2417,1367"/>
                <TextEquiv>
                    <Unicode>Baronin geleitet. Er sieht sich im Zimmer um,ver-</Unicode>
                </TextEquiv>
            </TextLine>
            <TextLine id="tr_1_tl_12" custom="readingOrder {index:11;}">
                <Coords points="463,1559 771,1587 1097,1544 1474,1595 1570,1549 1762,1572 2017,1527 2381,1557 2381,1458 2338,1433 2143,1420 1825,1476 1519,1428 463,1474"/>
                <Baseline points="477,1513 572,1510 667,1510 763,1508 858,1510 954,1507 1049,1507 1144,1507 1240,1507 1335,1504 1431,1504 1526,1504 1621,1501 1717,1504 1812,1504 1908,1503 2003,1503 2098,1499 2194,1501 2289,1498 2385,1498"/>
                <TextEquiv>
                    <Unicode>schwindet dann für einen Moment im Alkoven, nickt</Unicode>
                </TextEquiv>
            </TextLine>
            <TextLine id="tr_1_tl_13" custom="readingOrder {index:12;}">
                <Coords points="457,1676 513,1656 548,1668 574,1658 581,1666 596,1650 612,1650 637,1668 645,1658 670,1666 667,1570 639,1567 627,1575 607,1565 541,1600 506,1587 455,1600"/>
                <Baseline points="471,1644 496,1641 522,1638 548,1640 574,1641 599,1641 625,1642 651,1644 677,1644"/>
                <TextEquiv>
                    <Unicode>dann)</Unicode>
                </TextEquiv>
            </TextLine>
            <TextLine id="tr_1_tl_14" custom="readingOrder {index:13;}">
                <Coords points="460,1837 624,1858 1097,1787 1329,1822 1458,1767 1575,1807 1744,1772 1868,1835 2194,1805 2194,1696 2004,1691 1749,1565 1602,1607 1501,1580 1395,1633 1155,1597 1014,1693 905,1663 647,1731 460,1704"/>
                <Baseline points="474,1770 560,1770 646,1770 732,1770 819,1769 905,1770 991,1767 1078,1767 1164,1770 1250,1769 1337,1765 1423,1766 1509,1766 1595,1766 1682,1764 1768,1765 1854,1764 1941,1766 2027,1764 2113,1755 2200,1746"/>
                <TextEquiv>
                    <Unicode>Beronin: sind ruekloden, Horr Frafsk ife¬</Unicode>
                </TextEquiv>
            </TextLine>
            <TextLine id="tr_1_tl_15" custom="readingOrder {index:14;}">
                <Coords points="447,1911 725,1934 771,1934 804,1908 859,1931 945,1913 945,1830 799,1822 662,1860 637,1843 533,1855 447,1830"/>
                <Baseline points="462,1901 487,1901 513,1901 539,1899 565,1899 590,1901 616,1902 642,1904 668,1902 694,1901 719,1901 745,1901 771,1901 797,1901 823,1901 848,1899 874,1898 900,1898 926,1900 952,1904"/>
                <TextEquiv>
                    <Unicode>Herr: (nickt)</Unicode>
                </TextEquiv>
            </TextLine>
            <TextLine id="tr_1_tl_16" custom="readingOrder {index:15;}">
                <Coords points="470,2108 538,2085 624,2108 667,2083 763,2105 917,2075 960,2098 1036,2073 1112,2108 1112,1901 900,1969 733,1954 627,1994 584,1969 470,1974"/>
                <Baseline points="483,2032 514,2030 546,2030 577,2032 609,2030 641,2029 672,2029 704,2029 736,2029 767,2029 799,2029 831,2031 862,2031 894,2029 926,2029 957,2031 989,2031 1021,2029 1052,2031 1084,2032 1116,2035"/>
                <TextEquiv>
                    <Unicode>(wieder rringel)</Unicode>
                </TextEquiv>
            </TextLine>
            <TextLine id="tr_1_tl_17" custom="readingOrder {index:16;}">
                <Coords points="465,2214 1125,2194 1259,2252 1357,2199 1691,2201 1891,2252 2083,2201 2361,2229 2497,2181 2500,2067 2378,2042 2242,2100 2090,2052 1941,2103 1342,2110 1168,2050 1097,2105 1016,2075 912,2121 670,2080 468,2110"/>
                <Baseline points="480,2161 581,2164 682,2161 783,2161 884,2158 985,2158 1086,2158 1187,2158 1288,2158 1389,2155 1490,2158 1591,2154 1692,2155 1793,2155 1894,2153 1995,2155 2096,2155 2197,2152 2298,2152 2399,2150 2501,2155"/>
                <TextEquiv>
                    <Unicode>Baronin: Irgsch hinaus, der Horr bleibt gespannt ste-</Unicode>
                </TextEquiv>
            </TextLine>
            <TextLine id="tr_1_tl_18" custom="readingOrder {index:17;}">
                <Coords points="445,2373 2295,2325 2295,2229 2100,2207 1901,2252 1552,2201 1259,2252 1122,2196 804,2204 723,2247 447,2209"/>
                <Baseline points="462,2286 558,2289 655,2294 752,2290 849,2289 945,2287 1042,2286 1139,2286 1236,2288 1333,2283 1429,2286 1526,2286 1623,2283 1720,2286 1817,2284 1913,2283 2010,2283 2107,2286 2204,2283 2301,2286"/>
                <TextEquiv>
                    <Unicode>hen, die Züre öffnet sich wieder, eine Dane, sehr</Unicode>
                </TextEquiv>
            </TextLine>
            <TextLine id="tr_1_tl_19" custom="readingOrder {index:18;}">
                <Coords points="455,2442 2095,2421 2095,2361 1893,2340 455,2366"/>
                <Baseline points="468,2420 549,2421 631,2420 712,2420 794,2420 876,2417 957,2419 1039,2418 1121,2420 1202,2414 1284,2415 1366,2417 1447,2415 1529,2417 1611,2417 1692,2414 1774,2414 1856,2416 1937,2414 2019,2414 2101,2417"/>
                <TextEquiv>
                    <Unicode>elegant und tief verschleiert tritt ein)</Unicode>
                </TextEquiv>
            </TextLine>
            <TextLine id="tr_1_tl_20" custom="readingOrder {index:19;}">
                <Coords points="455,2608 2366,2601 2366,2479 2196,2449 1795,2505 455,2479"/>
                <Baseline points="468,2552 563,2552 658,2549 753,2552 849,2548 944,2546 1039,2546 1134,2548 1230,2546 1325,2548 1420,2546 1515,2551 1611,2549 1706,2543 1801,2542 1896,2543 1992,2543 2087,2541 2182,2540 2277,2540 2373,2540"/>
                <TextEquiv>
                    <Unicode>Der Herr: (öffnet seine Arme, die Dane stürzt sich</Unicode>
                </TextEquiv>
            </TextLine>
            <TextLine id="tr_1_tl_21" custom="readingOrder {index:20;}">
                <Coords points="460,2773 483,2775 506,2758 538,2773 591,2750 607,2763 629,2750 675,2765 743,2760 743,2624 703,2631 647,2618 619,2641 576,2644 533,2618 521,2626 485,2616 460,2629"/>
                <Baseline points="474,2683 499,2683 524,2683 549,2683 574,2683 599,2683 624,2683 649,2683 674,2683 699,2683 724,2685 749,2683"/>
                <TextEquiv>
                    <Unicode>dareinl</Unicode>
                </TextEquiv>
            </TextLine>
            <TextLine id="tr_1_tl_22" custom="readingOrder {index:21;}">
                <Coords points="1064,2732 1218,2689 1580,2689 1653,2725 2204,2704 2330,2755 2502,2730 2502,2659 2191,2606 2027,2659 1789,2606 1554,2659 1438,2606 1062,2596"/>
                <Baseline points="1077,2686 1148,2686 1220,2682 1291,2682 1363,2679 1434,2680 1506,2677 1577,2680 1649,2682 1720,2689 1792,2689 1863,2689 1935,2686 2006,2687 2078,2692 2149,2697 2221,2696 2292,2695 2364,2699 2435,2701 2507,2692"/>
                <TextEquiv>
                    <Unicode>in plicbt Wenn. (de miert auch Reher sihte</Unicode>
                </TextEquiv>
            </TextLine>
            <TextLine id="tr_1_tl_23" custom="readingOrder {index:22;}">
                <Coords points="1074,2861 1415,2871 1542,2823 1759,2899 2088,2859 2088,2712 2030,2740 1544,2709 1405,2765 1274,2689 1074,2735"/>
                <Baseline points="1089,2805 1139,2805 1189,2806 1239,2808 1290,2808 1340,2810 1390,2811 1441,2814 1491,2817 1541,2811 1592,2814 1642,2814 1692,2814 1742,2812 1793,2811 1843,2814 1893,2814 1944,2811 1994,2811 2044,2810 2095,2811"/>
                <TextEquiv>
                    <Unicode>Vorhang. 11 Jel - destieb.</Unicode>
                </TextEquiv>
            </TextLine>
            <TextEquiv>
                <Unicode></Unicode>
            </TextEquiv>
        </TextRegion>
    </Page>
</PcGts>
