2808 3384
1245 127 1741 302 I. Licotes.
2296 226 2442 383 247
455 350 2369 520 Galerie.)Wer kennt mich hier?/ Und wenn auch. Ich
819 453 1089 552 anah el
612 464 763 555 2
455 461 2482 652 musste sie sehen!. Merkst du nicht, dass es Schicksal
455 652 841 744 ist2"
1981 639 2431 790 Blsor Ledwst
472 736 2452 914 Eichard: Dein Vater musste sterdenfdamit du Anlass
1851 868 2000 984 Ne
469 906 1657 1056 hast früher zurück zu kommen?
2000 849 2560 1038 sde
2280 994 2566 1140 interte
458 978 2261 1183 Ludwig( Um heute schon da zu seinsum zu ihrem
458 1129 2606 1296 Triumph zurecht zu kommen. Eine Stunde vor Ankunft las
458 1264 2590 1439 ich in der Zeitung, im f Coupé, dass sie die Hauptrolle
1682 1358 2188 1450 a int dort falult
1086 1383 1342 1469 Jungegeb
469 1361 2563 1582 spielt1.(Mein Vater musste in den Armen irgend eines
458 1501 2533 1687 Frauemzimmers sterben, um mir Gelegenheit zu geben-
1862 1633 2447 1798 su etbegetl¬
461 1671 1649 1827 Wenn das nicht Schicksal ist?
450 1803 2482 1957 Richard: Schicksal? Ein Zynismus, vor dem mir graut.
1905 1884 2544 1946 Mi Mont ven more
469 1919 2544 2091 Ludwig: Willst, du mir moralisch kommen? Adieu, es hat
461 2032 1978 2205 angefangen, ich muss auf meinen Platz.
450 2153 2417 2374 Richard: Hast Zeit. Sie tritt nicht zu Beginn des
450 2339 873 2471 Aktes auf.
450 2428 2574 2579 Ludwig: Woher weisst du das? Kennst du das Stücke-Was
450 2544 2595 2727 berührt dich überhaupt so sehr?(Ich Dummkopf. Du also!
1962 2665 2485 2757 herdune lis
1127 2668 1811 2760 aimi dela eue so
652 2679 800 2754 kein
455 2663 2622 2889 Es ist ja zum Totlachen.)Und ich höre, du bist verlöbt.
1032 2814 1224 2905 is e
450 2851 2603 3008 Richard: Ich bin es nicht. Ich bin es nicht mehr.-Ich
