2824 3400
2097 249 2229 386 54
543 376 2347 548 glaubt, dass er nur zu winken braucht.Dass
545 527 2269 701 du ihm wieder gehören würdest, sobald es
536 670 1084 790 ihm beliebt.
538 764 2184 940 Franzi: Und das alles liessest du ihn
2079 924 2434 1072 je seder
545 924 823 1063 sagen.
557 1013 2396 1183 Richard: Es war schwer ihm eine Antwort zu
555 1199 825 1314 geben.
557 1267 2182 1446 Franzi: Es war leicht. Du hättest ihm
538 1408 2307 1582 nur sagen müssen, dass ich - dir gehöre.-
555 1580 2408 1716 Richard: Und vielleicht auch, dass du dich
2095 1672 2295 1810 colet
548 1681 2086 1834 töten wirst, wenn ich dich verlasse.
541 1820 2104 1975 RxAAxXxXRAxxkahaxxaAxuxamalxxXEAAX
569 1963 854 2111 (Pause!
557 2076 2184 2248 Franzi: Ich werde ihm telegraphieren.
574 2203 1305 2354 Richard: Franzi 1.
557 2292 2431 2483 Franzi: Nun ja, er soll Klarheit haben, (ehe
555 2459 2412 2603 er noch winkt, soll er wissen woran er ist.
562 2582 2403 2756 Richard: Du willst ihm. sagen, dass du meine
538 2744 1185 2847 Geliebte bist?
995 2810 1470 2897 Er wechee mich
560 2843 2401 2967 Franzi: Warum hast du es ihm nicht gesagt?
555 2953 2443 3139 Dies wäre die Antwort gewesen. Aber du hast
