2824 3432
199 240 483 404 19.1177
428 417 2586 666 dögelnann:(in seiner Rollel Bessere, aber auch die bes-
428 616 1694 769 seren sind noch lenge nicht gut.
442 742 1642 906 Ein Diener: (zum Direktor hinl.
450 862 2444 1012 Direktor: Nun, hat sich Fräulein Roveda zum Telefon
445 1017 736 1173 bemüht?
480 1088 2067 1271 Diener: (verlegen) Jawohl, Herr Direktor,
450 1268 1803 1437 Direktor: Nun?/Was hat sie gesagt?
450 1364 2632 1566 Diener:(rögert, dann sagß er den Direktor etwas ins Ohrl
2168 1486 2610 1683 dg wehret
450 1519 2013 1653 Direktor: (zuckt unwillkürlich zusammen)
455 1647 2569 1825 Kreuftng: (Herr Doktorlmüssen es ja nicht tun.) 2. 11
1481 1737 1636 1803 ticun
461 1759 2520 1950 Direktor: (zum Diener) Danke, (zu den Andern) Weiter,
1304 1885 1697 2021 Heiltete
458 1928 993 2076 meine Herren.
505 2027 2493 2209 (Gregor und Bögelmenn haben indess meiter probiert
472 2187 1388 2294 und fahren jetzt fort).
464 2275 2618 2438 dögelnenn: (in der Rolle) Ein bischen angenagt sind sie
472 2427 696 2607 allo.
485 2487 2466 2719 Gregor:(in der Rolle) Men urteilt vielleicht allzu
502 2667 2155 2853 sehr nach der Schablone in vielen Föllen.
480 2801 2678 3000 Kerl:lhat sich erhoben, zum Direktor) Herr Direktor derf
488 2976 1844 3126 ich um freundliches Gehörf bitten?
