2808 3384
188 193 566 415 9.1.1918.
2153 250 2294 379 140
1048 430 2500 605 aus ihrer Loge heraus, tritt zu ihnen,
515 471 739 561 Helene
497 592 1738 693 Es war schon das erste Zeichen.
497 706 2490 883 Mathilde: (erhebt sich) Du hast ja geradezu Lampen-
502 865 796 971 fieber.
492 948 2415 1148 Helene: O nein(wahrhaftig) jetzt kann nichts mehr
510 1118 2091 1259 geschehen. Der letzte Akt ist der beste.
497 1236 1748 1401 Mathilde: Du kennst des Stück?
505 1357 2487 1463 Helene: (nickt) Ich habe es im Manuscript gelesen.
507 1475 2572 1591 Richard:(zu seinem Vater) Es bleibt dabei: Imperial?
507 1620 2287 1782 Frick: Wir gehen doch wohl alle zusammen hin?
505 1743 2575 1918 Richard: Ich gehen die paar Schritte lieber zu Fuss.
518 1895 1661 1996 Ich habe etwas Kopfschmerzen.
518 1985 2554 2181 Frick: Immer mit deinen Kopfschnerzen. Jeht wll in
523 2150 2142 2248 Trau Veith,Mathilde und Helene zusammen.
1251 2281 2542 2444 Veith mit Mathilde. Ri.hard ver-
518 2307 1174 2441 In die Loge Frau
507 2415 924 2580 schwindet.
520 2485 1978 2657 Frick und Helene in ihre Hetene. Voge
492 2681 1676 2838 Die. Tüxen bleiben noch offen.
502 2796 2181 2990 pregulin aus der Logs der Roreda tretend.
505 2936 806 3090 LAxXXX
