2888 3496
2181 313 2318 429 23
664 402 2498 552 Freund, wen man heiratet. EBei jungen Leuten,
636 532 2439 707 (besonders bei jungen leuten Ihrer Art,ge-
673 648 2498 828 rade bei pahr gewissenhaften, sehr feinfüh-
673 792 2350 944 ligen jungen leuten)-ich bin ein wenig
668 919 2420 1093 Esychologe und ich glaube, sie Herr Dok-
668 1052 2471 1207 tor.gehören zu dieser sortegbesteht inner
668 1173 1638 1346 ein wenig die Gefahr-
659 1312 1271 1487 Richard: -- 2
664 1412 2420 1583 sidon: Dass Sie ihr Verhältnis heiraten.
664 1565 2386 1716 Richard: Das ist vielleicht nicht inner
652 1695 1335 1864 das Schlimmste.
648 1811 2409 1994 sidon; (Sohen sie, wie richtig ich sie ta-
655 1953 2341 2147 Tiert habe sich sage Ihnenzwenn es auch
652 2087 2247 2256 nicht immer das Schlimmste sein mag.
1426 2208 1599 2334 de
655 2215 2443 2372 schlimm ist es inmer.Ich könte Ihnen Bei-
662 2343 2343 2491 spiele aufzählen, ich habe selbst einen
659 2484 2471 2637 guten Freund gehabt, einen ausgezeichneten
650 2614 2448 2758 Menschen, begabt, zu den schönsten Hoffnun-
643 2735 2375 2911 gen berechtigt:oin junger Architekt, der
652 2872 2418 3043 war verbandelt seit seinen Studentenjah-
652 3004 2418 3162 ron, ein sehr nettes Geschöpf übrigens, ag
