2840 3448
501 284 2537 545 Milly: Wird's wenigstens etwas Schönes? Was erzählt
540 517 1556 686 denn des Fräulein Franzi?
2125 548 2292 699 1t. 4.
512 660 2459 806 Mutter: Sie spricht nicht viel davon. Kann ihr ja-
499 773 2495 953 auch egal sein,ob's durchfallt oder nicht. So eine
543 921 1349 1060 Rolle wieder!(Gestel
540 1041 1822 1167 Milly: Wird schon anders werden.
538 1172 2495 1347 Mutter: (von der Wähmaschine fort, zu Milly hin,be-
538 1308 2391 1456 sichtigt ihre Arbeit, nickt Beifall) Tragt man
517 1456 1626 1597 jetzt wieder solche Volants?
496 1556 2132 1704 Milly: tetzt Sind ale wieder ganz modern.
2192 1660 2388 1819 M. s.
499 1712 1039 1835 Mutter: Fein.
1676 1743 2125 1869 zu de Hortzeil(
509 1822 2372 1976 Milly: Für den dritten Akt. Da soll ja Fräulein
559 1934 2190 2098 ranzi zu einer Hochzeit eingeladen sein.-
519 2070 2620 2237 Mutter: Für so eine Schmarrnrolle-gleich zwei Kleider
499 2198 2466 2383 Milly: Das erste ist ja nur ein bisl hergerichtet,
493 2341 2370 2482 wird nicht teuer kommen. Gibt andere Damen beim
2153 2438 2477 2540 die Pulel
499 2498 2370 2652 Theater, die spielen noch kleinere Kollen und es
496 2597 2534 2754 kostet sie mehr. Freilich nicht die Damen selber, da
499 2727 1853 2900 is immer wer Anderer da, der zahlt.
522 2863 2451 3033 Mutter: Jeden Tag muss ich’'s Essen aufwärmen und
480 3004 2438 3184 wofür? Manchmal glaub ich halt, es wär doch besser
