2792 3464
590 449 1517 621 Erwägung ziehen müssen.
600 580 2486 774 Löblein: Wie stellen Sie sich das vor, Herr Berg?
592 733 1197 891 Wer soll denn-
592 842 2027 1000 Karl: Das mues eben erwogen werden.)
609 947 2423 1155 Löblein: Ich habe eben hintelefonieren lassen.
604 1073 2478 1304 Gregor: Wenn die Herren sich weiter unterhalten
602 1221 2522 1418 wollen, kann ich ja unterdessen eine kleine Relse
604 1381 1872 1524 nach Südfrankreich unternehmen.
617 1493 2440 1677 Löbleln: (zur Souffleuse) Mollen Sie sich nicht
612 1653 1842 1772 einmal in Ihren Kasten bemühen?
609 1772 2384 1942 Souffleusd: Da bin ich imner noch - rel gen
612 1884 1685 2054 Löblein: Und(weniger reden.
617 2027 2549 2199 Karl: (setzt sich zum Regiaseur) Man könnte viel-
612 2139 2563 2313 leicht statt der Stelle, die wir gestern streichen
612 2260 2493 2461 wollten, einiges andere -(dto rtet überflässigen
1294 2381 2005 2590 Lob. besi! Ef
614 2430 1046 2595 Flosketnü
617 2546 2491 2738 Gregor:(beginnt seine Kolle zu sprochen) ... Das
621 2673 2418 2835 ist wirklich schön, dass du dich wieder einmal
621 2801 2522 3013 blicken lässt. (vorher hat er Dögelmann zur Büre
629 2947 1170 3117 niggeschoben!
621 3059 1835 3287 vögelnannt tritt setzt durch d
624 3255 835 3343 Wo 1t
