2792 3384
873 301 2436 530 verborgen? Und er wollte doch nichts
560 366 826 516 vor ihr
537 499 880 639 anderes.
539 635 1557 784 Richard: Was wollte er?
607 728 2329 929 Franzi: Erahnte. Ily aller seiner Gecke-
539 884 2303 1020 rei hoffte er doch, dass deine gegenwart,
532 990 2306 1160 de ine Nähe es mir leichter machen würden
537 1120 2303 1298 die Trennung von ihm zu ertragen. Ja, ich
541 1281 1629 1426 bin gewiss, dass er ahnt.
551 1414 2278 1566 Richarl: Du kennst ihn nicht, Heute ahnt
541 1538 2261 1678 er nichts. Vielleicht, dass ich dein Ge-
541 1631 2415 1785 liebter bin,aber nicht, dass du mich liebst.
539 1797 2007 1958 Dass du mich mehr liebst als ihn.
581 1928 1795 2084 Panzi: Mersst dues endlich?
555 2049 2432 2226 Richard: Ich glaube es. Und in dieser Stun-
548 2205 1447 2322 de ist es auch wahr.
551 2294 1708 2485 Franzi: In aller Ewigkeit.
560 2443 2084 2576 Richard: Sprich das Wort nicht aus.
1151 2653 2114 2815 hin geliebt:– (e tist.).
721 2758 1638 2950 den Sein gheber de
976 2908 1286 3025 su win
1181 2945 1650 3132 4. nechricht
