2888 3496
614 462 2503 643 Ludwig: Wie nah war ich schon daran. Aber du
599 606 1943 776 bogreifst - ich als Bräutigan-
621 725 2460 913 Richard: Man hätte dir wohl nicht die Türe
619 892 1044 1010 gewiesen.
1075 867 1636 1044 heu. is surel
616 969 2380 1148 Ludwig: Kaum. Man hätte sogar mein kommen
604 1109 2525 1269 möglicherweise ganz anders aufgefasst und an
602 1215 1578 1421 Ende sogar mit Recht.)
616 1375 2501 1537 Richard: (mit trockenen zippen) Und was soll
609 1510 1662 1650 ich in dieser Sache tun?
616 1612 2288 1793 Ludnig: In zehn Minuten muss ich fort.
621 1730 2375 1916 Richard: Ich finde ja auch, dass du einen
626 1848 2513 2042 etpas unglücklichen Zeitpunkt gewählt hast.)
626 1993 872 2056 Anderic
628 1986 2576 2175 Etekard: Sie hat wir einmal - es ist froilich
616 2119 2508 2322 lange hor - es war in unserer glücklichsten
628 2257 2436 2399 zeit vor einem Jahr otwa - sie hat wir ge-
616 2375 2465 2542 schworen - - dass sie sich an meinem Hoch-
631 2513 1674 2680 zeitstag unbringen wird.
626 2624 2390 2825 Richard: (kalt) Man schnört gar manches.
621 2786 2477 2909 Ludwig: Sehr richtig und es war vor einen
614 2902 2486 3081 Jahr (Ein einziges Mall. Und als ich nich ver-
623 3032 2300 3192 lobt hatte - nach dem ersten Ausbruch:
