2904 3464
548 404 2356 609 Richard: Nun, wenn Sie jetzt etwas andferes in
548 480 2512 771 meinen Gesicht lesen als das Vergnügen, die Freude
556 660 2297 869 wieder einmal mit Ihnen plauder zu dürfen.
566 786 2409 996 Mathilde: Ach, wie unecht das alles klingt. Man
581 912 2573 1147 sieht Ihnen nur eines an, dass Sie nicht wissen, was
584 1107 1031 1276 Sie wollen.
584 1173 2543 1385 Richard: O, ich weiss es. Niemals noch habe ich es
589 1360 1506 1522 so genau gewusst, halt
579 1433 2512 1666 Mathilde:/ Noch lange nicht, Richard. Da weiss ich
596 1592 1673 1787 wieder einmal mehr als sie.
604 1731 1522 1913 Richard: Wieder einmal!
607 1868 1522 2017 Mathilde: ja, wie inner.
612 1941 2507 2161 lchard:(schwer seufzend, er ist den Pränennkhl.
612 2093 2621 2308 Mathilde: oder Richard! (ihre Hand auf seinen Kes-
632 2229 2510 2429 ren) mein, ss geflit mir gar nicht, wenn Sie so-
619 2290 2651 2565 Und überdies, es ist sa beinshe, als hätte uns Kolens
627 2482 2507 2687 absichtlich allein gelassen. Mein, neinreden Sie
632 2618 2431 2793 nichts, Richard, es ist noch viel zu früh, wenn
632 2737 2510 2970 überhaupt je die rechte Zeit dazu war oder sein
639 2947 842 3061 wird.
