2808 3464
243 1551 411 1696 dtar
150 2489 421 2696 Johl ken
153 2675 377 2792 tininach
150 2758 344 2887 Men¬
483 424 2034 607 Grogor: Ausgeschaltet, ich kenne das.-I.
478 571 2445 744 Esbleih: Wir probieren also Szene drei: Fodor und
483 708 2283 858 Doktor Mitte. Herr Greger und Herr Dögelmann.
483 814 2373 1000 Insplalent:Isckon wieder hinter der Bühnel Herr
481 985 907 1143 Dogelmann.
476 1091 2376 1264 Gregor: (zu Löblein) Ich bin neugierig, wie lange
481 1225 2104 1396 man sich das noch gefallen lassen wird.
496 1334 2345 1528 Inspizient: (hinter der Szene) Herr Dögelmann.
496 1473 2373 1652 stimme Dögelmanns: (aus dem Zuschanarraum, hinter
499 1631 2575 1797 dem Vorhang( Was schrein Sie denn sol ich bin längst
494 1732 2497 1934 vorhanden. (tritt durch eine Spalte im Vorhang auf
496 1877 2557 2050 die Bühne.- Besonders elegant, ja geckenhaft) (1es
481 2050 1225 2192 Osgelmenn: Morgen!
465 2099 2458 2314 Löbleln: Was mächen sie denn im Zuschauerraum, wir
499 2246 2192 2438 probieren doch bei geschlosgenem Vorhang.
494 2383 2549 2585 Dögelmann: Eben darum. Sie sollten die Premiere auch
507 2523 2187 2712 so spielen. Wieso komm ich denn schon dranz
504 2660 2572 2846 Löblein: Die Roveneda ist noch nich t da. Wir probie-
494 2763 2528 2973 ren Ihre Szens mit Fedor. Indess konnt sie hoffent-
483 2929 1828 3110 lich (und wir gehen gleich weiter.
458 3043 2474 3278 (ein Direktionsdiener stoht plotzlich bet Loblein.
