2776 3416
2137 244 2322 408 186
408 384 2397 573 hab halt das Zimmer noch einmal sehen wollen - nur
1408 496 1938 689 Stett sidei
422 533 1363 695 Eir ein paar Minuten.
419 634 2468 830 Baronin: (unwillkürlich etwas ergriffen) Aber bitte-
414 779 2376 954 mein Schwager kommt sicherlich nicht vor, halbneun
422 893 2421 1084 nachhause. (erinnert sich plötzlich) Ja richtig.d.
427 1039 2185 1214 es ist ja ein Brief da für den Herrn Doktor.
424 1180 2142 1334 Richard: Ein Brief für micht - Glaulsi M..
424 1304 2376 1479 Baronin: Schon vor ein paar Tagen abgegeben. (gibt
1731 1403 2036 1548 d. gute.
1018 1421 1546 1559 d.e racht
411 1453 994 1620 Ihn den Briefl
430 1556 2307 1760 ichard: (ergreift ihn, sieht die Adresse an,meit
156 1657 323 1742 ena
255 1678 411 1843 geken
435 1715 976 1882 offene Augen!
1156 1699 1896 1861 An u. tu H Ativit
422 1829 2264 2002 Baronin: Din Stenstmann hat im abgegeben Das
376 1951 2508 2121 Fräulein hat sich wahrscheinlich gedacht, Herr Doktor
156 2071 323 2182 d.1
326 2076 1668 2262 Ir werden noch einmal nachfragen.
424 2206 2322 2378 Richard: Frau Baronin - wenn Sie vielleicht die
437 2325 2505 2505 grosso cüte hätten mich nur für ein paar Minutensmit
432 2466 2466 2665 dem Brieffallein zu lassen. Brauchen keine Angst zu
437 2609 2346 2789 haben. Wird gar nichts geschehen.) Ich möchte nur
437 2723 1434 2922 den Brief für mich lesen.
445 2885 939 3078 Baronin: Iab1
