2824 3432
555 408 2555 548 Liebschaften (lassen einen doch nie zum richtigend
578 578 1115 690 Ernst kommen.
578 674 2527 804 Direktor: Ich liebe es nicht,Herr Dögelmann, wenn
575 819 2482 1006 man seine Rolle drei oder vier Tage vor der Fre-
570 966 1265 1085 miere noch liest.
2010 991 2167 1120 loc
583 1055 2520 1176 Gregor: Drei Tag“ vor der Premiere 1 glauben Herr-
1445 1158 2444 1275 dur die en aufgeramt, kan srepe
1473 1222 2279 1404 Grager. de mnlich in sene
575 1202 1321 1379 Direktor wirklich).
1714 1288 2461 1425 sal burleder veglet
568 1308 1268 1453 Direktor: Weiter!
575 1496 1049 1595 BgaxaXXX
573 1577 1894 1704 Gregor: Die Heiterkeit hat aber-
573 1731 2560 1838 Karl: (unterbricht) Moment, meine Herren.. Alles ge-
586 1861 2609 2025 strichen bis es begegnen uns bei diesen Liebschaff
578 1982 1861 2091 ten - haben Sie?(zur Souffleuse)
583 2150 1582 2249 Souffleuse: Schon längst.
586 2243 2614 2439 Karl: (streicht Dögelmann in seinem Buch diese Stel-
586 2418 793 2510 len).
588 2502 2626 2677 Kregor:(in der Rolle) Es begegnen uns doch manchnal-
583 2641 1987 2745 Dögelmann:(in der Rolle) Schönere-
570 2791 2023 2953 Grebor: (in der Rolle) Auch Beseere-
586 2910 2479 3100 lüblein: Etwas einfacher. (spricht vorl Bessere.
