<?xml version="1.0" encoding="UTF-8" standalone="yes"?>
<PcGts xmlns="http://schema.primaresearch.org/PAGE/gts/pagecontent/2013-07-15" xmlns:xsi="http://www.w3.org/2001/XMLSchema-instance" xsi:schemaLocation="http://schema.primaresearch.org/PAGE/gts/pagecontent/2013-07-15 http://schema.primaresearch.org/PAGE/gts/pagecontent/2013-07-15/pagecontent.xsd">
    <Metadata>
        <Creator>prov=READ-COOP:name=PyLaia@TranskribusPlatform:version=2.7.0:model_id=50870:lm=none:date=22_01_2024_17:28</Creator>
        <Created>2023-09-27T14:34:30.490+02:00</Created>
        <LastChange>2024-01-22T17:28:36.798+01:00</LastChange>
        <TranskribusMetadata docId="1589032" pageId="60123334" pageNr="155" tsid="145629792" status="IN_PROGRESS" userId="40391" imgUrl="https://files.transkribus.eu/Get?id=NAZZZMXTVZQQKOMFWOZRUUBH&amp;fileType=view" xmlUrl="https://files.transkribus.eu/Get?id=QERFDHWULLFRGMTCQHANMPIV" imageId="48548412"/>
    </Metadata>
    <Page imageFilename="1589032_0155.jpg" imageWidth="2792" imageHeight="3384">
        <ReadingOrder>
            <OrderedGroup id="ro_1711793947918" caption="Regions reading order">
                <RegionRefIndexed index="0" regionRef="tr_1"/>
            </OrderedGroup>
        </ReadingOrder>
        <TextRegion orientation="0.0" id="tr_1" custom="readingOrder {index:0;}">
            <Coords points="602,279 602,2860 2697,2860 2697,279"/>
            <TextLine id="tr_1_tl_1" custom="readingOrder {index:0;}">
                <Coords points="2227,365 2251,370 2269,359 2287,370 2311,362 2329,375 2350,378 2358,370 2389,373 2391,281 2373,281 2358,268 2339,266 2318,274 2285,255 2264,253 2253,242 2230,247"/>
                <Baseline points="2241,340 2266,340 2292,338 2318,337 2344,337 2370,337 2396,337"/>
                <TextEquiv>
                    <Unicode>143</Unicode>
                </TextEquiv>
            </TextLine>
            <TextLine id="tr_1_tl_2" custom="readingOrder {index:1;}">
                <Coords points="589,529 706,492 1941,469 2529,516 2532,386 1769,373 1581,425 1430,352 1110,430 914,396 591,427"/>
                <Baseline points="602,480 698,483 795,483 892,480 988,479 1085,477 1182,478 1278,474 1375,474 1472,476 1569,473 1665,471 1762,471 1859,474 1955,468 2052,468 2149,468 2245,466 2342,466 2439,465 2536,474"/>
                <TextEquiv>
                    <Unicode>Beste, der Einzige, der seiner Rolle gewachsen war.</Unicode>
                </TextEquiv>
            </TextLine>
            <TextLine id="tr_1_tl_3" custom="readingOrder {index:2;}">
                <Coords points="854,550 1894,544 1894,490 1816,482 1493,511 1433,477 1329,518 854,495"/>
                <Baseline points="868,528 919,534 970,534 1022,534 1073,536 1125,537 1176,537 1228,540 1279,539 1331,536 1382,535 1433,535 1485,534 1536,534 1588,533 1639,529 1691,530 1742,528 1794,526 1845,520 1897,522"/>
                <TextEquiv>
                    <Unicode>triete de Rin aufzmest tet</Unicode>
                </TextEquiv>
            </TextLine>
            <TextLine id="tr_1_tl_4" custom="readingOrder {index:3;}">
                <Coords points="594,623 703,669 912,612 1190,654 1375,612 1709,641 2337,602 2454,646 2454,563 2397,539 2006,563 1904,524 1837,565 1672,534 1177,581 594,547"/>
                <Baseline points="608,611 700,609 793,611 885,608 978,608 1071,608 1163,602 1256,605 1349,602 1441,606 1534,604 1627,602 1719,602 1812,604 1905,601 1997,598 2090,599 2183,597 2275,596 2368,596 2461,599"/>
                <TextEquiv>
                    <Unicode>Ini, Sie, werden der einzige sein,den ich schone.</Unicode>
                </TextEquiv>
            </TextLine>
            <TextLine id="tr_1_tl_5" custom="readingOrder {index:4;}">
                <Coords points="620,753 1417,771 1985,729 2352,795 2527,737 2527,649 2417,638 2264,677 2107,633 2037,677 1803,688 1433,654 1305,683 1227,641 1133,685 904,649 620,688"/>
                <Baseline points="635,743 729,744 824,745 919,743 1014,743 1109,742 1204,740 1299,735 1394,736 1489,737 1584,734 1678,731 1773,731 1868,731 1963,730 2058,730 2153,730 2248,729 2343,730 2438,725 2533,722"/>
                <TextEquiv>
                    <Unicode>Dregulein: Um Gotteswi len,tun Sie das nicht, man</Unicode>
                </TextEquiv>
            </TextLine>
            <TextLine id="tr_1_tl_6" custom="readingOrder {index:5;}">
                <Coords points="597,901 800,927 1076,870 1417,925 1912,867 2133,917 2191,875 2420,873 2420,805 2196,774 1972,813 1779,774 1482,823 1157,800 1073,834 951,789 870,831 774,795 599,823"/>
                <Baseline points="614,865 704,864 794,868 885,871 975,872 1066,872 1156,869 1247,866 1337,868 1428,866 1518,867 1608,865 1699,865 1789,862 1880,862 1970,865 2061,859 2151,859 2242,859 2332,856 2423,853"/>
                <TextEquiv>
                    <Unicode>kinnte mich für einen Abonnenten Ihres Blattes-</Unicode>
                </TextEquiv>
            </TextLine>
            <TextLine id="tr_1_tl_7" custom="readingOrder {index:6;}">
                <Coords points="599,1071 646,1078 667,1058 703,1068 724,1047 800,1037 862,1068 925,1068 995,1029 1013,1045 1052,1037 1052,938 917,935 875,956 847,935 834,948 795,935 771,959 735,961 703,935 677,951 599,940"/>
                <Baseline points="614,996 640,999 666,1002 692,1002 718,1003 744,1005 770,1004 796,1002 822,1002 848,1002 874,1002 900,1002 926,1002 952,1000 978,999 1004,1001 1030,1003 1056,1005"/>
                <TextEquiv>
                    <Unicode>halten. (ab)</Unicode>
                </TextEquiv>
            </TextLine>
            <TextLine id="tr_1_tl_8" custom="readingOrder {index:7;}">
                <Coords points="599,1151 873,1146 1024,1204 1511,1128 2209,1159 2331,1125 2441,1164 2571,1128 2571,1060 2433,1032 1975,1081 1055,1034 880,1071 797,1037 599,1081"/>
                <Baseline points="614,1136 712,1131 810,1130 908,1131 1006,1128 1105,1128 1203,1128 1301,1128 1399,1125 1497,1122 1596,1125 1694,1122 1792,1119 1890,1122 1988,1119 2087,1119 2185,1119 2283,1116 2381,1116 2479,1113 2578,1113"/>
                <TextEquiv>
                    <Unicode>Roveda: (zu Armin) Du siehst übel aus.Was machst</Unicode>
                </TextEquiv>
            </TextLine>
            <TextLine id="tr_1_tl_9" custom="readingOrder {index:8;}">
                <Coords points="597,1269 1073,1302 1573,1269 1662,1326 1771,1292 1894,1334 2105,1256 2347,1253 2347,1193 2290,1183 597,1201"/>
                <Baseline points="611,1259 698,1262 785,1259 872,1259 959,1256 1046,1259 1133,1259 1221,1257 1308,1256 1395,1254 1482,1255 1569,1256 1656,1256 1743,1251 1831,1253 1918,1251 2005,1250 2092,1247 2179,1247 2266,1247 2354,1244"/>
                <TextEquiv>
                    <Unicode>denn du immer, after Schurke? Du pfeifst wohl</Unicode>
                </TextEquiv>
            </TextLine>
            <TextLine id="tr_1_tl_10" custom="readingOrder {index:9;}">
                <Coords points="597,1438 742,1412 912,1451 982,1415 1094,1467 1217,1412 1446,1391 1446,1326 1378,1302 1318,1349 1125,1316 831,1336 774,1302 597,1339"/>
                <Baseline points="611,1387 653,1390 695,1393 737,1391 779,1390 821,1390 863,1390 905,1388 947,1387 989,1388 1032,1389 1074,1387 1116,1387 1158,1387 1200,1387 1242,1387 1284,1387 1326,1384 1368,1387 1410,1387 1453,1387"/>
                <TextEquiv>
                    <Unicode>auf dem letzten Loch.</Unicode>
                </TextEquiv>
            </TextLine>
            <TextLine id="tr_1_tl_11" custom="readingOrder {index:10;}">
                <Coords points="597,1550 2386,1532 2420,1527 2423,1407 2292,1433 2196,1391 1847,1467 1732,1420 1610,1469 1396,1433 1274,1469 823,1433 597,1464"/>
                <Baseline points="611,1521 701,1521 792,1519 883,1517 974,1518 1064,1515 1155,1513 1246,1514 1337,1514 1427,1512 1518,1512 1609,1512 1700,1510 1790,1508 1881,1506 1972,1509 2063,1506 2153,1506 2244,1504 2335,1504 2426,1498"/>
                <TextEquiv>
                    <Unicode>Armin: Gebiete über mich,Roveda! Ein Wort und</Unicode>
                </TextEquiv>
            </TextLine>
            <TextLine id="tr_1_tl_12" custom="readingOrder {index:11;}">
                <Coords points="597,1683 1008,1654 1089,1701 1626,1646 1951,1680 1951,1597 1842,1560 1626,1599 1316,1560 1175,1602 597,1594"/>
                <Baseline points="611,1653 678,1652 745,1650 812,1650 880,1650 947,1649 1014,1647 1082,1647 1149,1647 1216,1644 1284,1644 1351,1641 1418,1641 1485,1644 1553,1641 1620,1641 1687,1641 1755,1638 1822,1641 1889,1641 1957,1641"/>
                <TextEquiv>
                    <Unicode>ich vernichte dieses Frauenzimmer.</Unicode>
                </TextEquiv>
            </TextLine>
            <TextLine id="tr_1_tl_13" custom="readingOrder {index:12;}">
                <Coords points="602,1792 1089,1790 1401,1842 1521,1784 1719,1790 1719,1719 1618,1709 602,1711"/>
                <Baseline points="617,1784 672,1781 727,1781 783,1781 838,1781 893,1778 949,1777 1004,1775 1059,1777 1115,1773 1170,1775 1225,1775 1281,1775 1336,1775 1391,1775 1447,1773 1502,1775 1557,1773 1613,1775 1668,1775 1724,1772"/>
                <TextEquiv>
                    <Unicode>Roreda: Und verlangst dafür?</Unicode>
                </TextEquiv>
            </TextLine>
            <TextLine id="tr_1_tl_14" custom="readingOrder {index:13;}">
                <Coords points="594,1928 1110,1915 1284,1943 1287,1844 1198,1863 1110,1844 974,1860 886,1829 597,1837"/>
                <Baseline points="608,1912 642,1912 676,1912 710,1912 744,1912 779,1910 813,1911 847,1912 881,1912 915,1912 950,1910 984,1908 1018,1906 1052,1906 1086,1904 1121,1904 1155,1906 1189,1906 1223,1906 1257,1907 1292,1912"/>
                <TextEquiv>
                    <Unicode>Armin: Du weisst.</Unicode>
                </TextEquiv>
            </TextLine>
            <TextLine id="tr_1_tl_15" custom="readingOrder {index:14;}">
                <Coords points="602,2063 2058,2032 2042,1922 1581,1988 602,1967"/>
                <Baseline points="617,2038 689,2038 761,2041 834,2044 906,2041 979,2041 1051,2038 1123,2035 1196,2037 1268,2036 1341,2035 1413,2034 1485,2032 1558,2032 1630,2032 1703,2035 1775,2032 1847,2032 1920,2029 1992,2025 2065,2020"/>
                <TextEquiv>
                    <Unicode>Roveda: Nenne lieber eine Summe. - l</Unicode>
                </TextEquiv>
            </TextLine>
            <TextLine id="tr_1_tl_16" custom="readingOrder {index:15;}">
                <Coords points="599,2186 2553,2186 2553,2074 2329,2037 1670,2126 599,2100"/>
                <Baseline points="614,2175 711,2173 808,2172 905,2169 1003,2168 1100,2169 1197,2166 1295,2166 1392,2166 1489,2166 1587,2163 1684,2163 1781,2163 1878,2160 1976,2160 2073,2160 2170,2159 2268,2157 2365,2155 2462,2154 2560,2151"/>
                <TextEquiv>
                    <Unicode>Armin: Ich bin informiert. Ich weiss, wie sie sich</Unicode>
                </TextEquiv>
            </TextLine>
            <TextLine id="tr_1_tl_17" custom="readingOrder {index:16;}">
                <Coords points="599,2334 1188,2368 1568,2311 1790,2376 2074,2292 2621,2316 2623,2167 2501,2204 1688,2167 1399,2235 599,2235"/>
                <Baseline points="614,2303 714,2303 815,2304 915,2306 1016,2300 1117,2297 1217,2299 1318,2297 1418,2297 1519,2297 1620,2294 1720,2294 1821,2291 1921,2291 2022,2291 2123,2286 2223,2288 2324,2288 2424,2285 2525,2285 2626,2279"/>
                <TextEquiv>
                    <Unicode>die Rolle verschafft hat. Löblein, der Direktor, Gre-</Unicode>
                </TextEquiv>
            </TextLine>
            <TextLine id="tr_1_tl_18" custom="readingOrder {index:17;}">
                <Coords points="610,2472 2498,2441 2498,2373 2449,2352 1878,2386 1524,2339 854,2381 610,2350"/>
                <Baseline points="623,2444 717,2438 811,2435 905,2437 999,2434 1093,2432 1187,2430 1282,2428 1376,2428 1470,2426 1564,2426 1658,2426 1752,2423 1846,2423 1941,2420 2035,2420 2129,2420 2223,2419 2317,2420 2411,2414 2506,2426"/>
                <TextEquiv>
                    <Unicode>gor - alle sind an diesem Unternehmen beteiligt.</Unicode>
                </TextEquiv>
            </TextLine>
            <TextLine id="tr_1_tl_19" custom="readingOrder {index:18;}">
                <Coords points="615,2634 1094,2589 1420,2626 1626,2579 1738,2615 2113,2558 2256,2597 2347,2558 2410,2602 2503,2550 2613,2610 2636,2498 2535,2457 2365,2514 2235,2449 1949,2496 1865,2464 1592,2501 1412,2467 1349,2501 617,2493"/>
                <Baseline points="629,2563 729,2565 830,2566 930,2563 1031,2566 1131,2565 1232,2563 1332,2561 1433,2560 1533,2560 1634,2557 1735,2555 1835,2551 1936,2554 2036,2554 2137,2551 2237,2551 2338,2547 2438,2548 2539,2548 2640,2545"/>
                <TextEquiv>
                    <Unicode>Roveda: Es glaubt ja doch kein Mensch, was in deinem</Unicode>
                </TextEquiv>
            </TextLine>
            <TextLine id="tr_1_tl_20" custom="readingOrder {index:19;}">
                <Coords points="612,2712 719,2707 755,2727 998,2701 1047,2727 1151,2696 1209,2707 1209,2641 1138,2602 1013,2634 896,2628 844,2657 711,2610 612,2639"/>
                <Baseline points="626,2697 655,2695 684,2694 714,2694 743,2694 773,2694 802,2694 831,2696 861,2696 890,2694 920,2692 949,2692 978,2694 1008,2692 1037,2691 1067,2691 1096,2691 1125,2691 1155,2693 1184,2695 1214,2697"/>
                <TextEquiv>
                    <Unicode>Saublatt steht.</Unicode>
                </TextEquiv>
            </TextLine>
            <TextLine id="tr_1_tl_21" custom="readingOrder {index:20;}">
                <Coords points="599,2912 831,2915 930,2860 1151,2847 1349,2905 1467,2829 1701,2886 1998,2819 2654,2847 2694,2842 2696,2727 2350,2772 2003,2764 1933,2725 742,2777 602,2738"/>
                <Baseline points="614,2831 718,2829 822,2828 926,2825 1030,2827 1134,2828 1238,2824 1343,2822 1447,2822 1551,2823 1655,2820 1759,2820 1863,2819 1967,2817 2072,2817 2176,2812 2280,2814 2384,2814 2488,2812 2592,2814 2697,2817"/>
                <TextEquiv>
                    <Unicode>Armin: Egal, man liest es gern und nebstbei wette ich,</Unicode>
                </TextEquiv>
            </TextLine>
            <TextEquiv>
                <Unicode></Unicode>
            </TextEquiv>
        </TextRegion>
    </Page>
</PcGts>
