2792 3464
210 254 491 473 1711127
439 524 2280 740 Stimne eanz rückwirts, also hinter dem Vorhang:
332 628 748 745 xkaxxxXXXX
447 696 937 815 Vorhang auf!
439 823 1604 981 Löblein: Weiter, meine Herren!
447 953 1755 1111 Stimme: (wie vorhin) Vorhang auf!
454 1077 2402 1249 (Vorhang rollt langsam auf.Der Zuschauerraun wird
441 1199 2370 1329 sichtbar, ganz im Dunkeln.Der Direktor steht vorn,
439 1340 2492 1501 nahe der Bühnenrampe, man sieht also nur seinen Kopf.
436 1485 1643 1636 Vornehmer alter Herr, Monocle.1
1794 1488 2461 1633 die parti nas pello todem ea
431 1592 2373 1760 Direktor: Nicht stören lassen, meine Herren. (Man
418 1747 922 1880 grüsst ihnl.
423 1830 1877 2012 Löblein: Guten Morgen, Herr Direktor.
1402 1952 1698 2041 er Ie sulu¬
421 1986 2511 2150 Dögelmann: (in der Kolle) Weisst du, dass ich ein hal-
421 2137 1519 2280 bes Jahr nicht bei dir war?
434 2225 2409 2438 Groger:(in der Zollel Men trifft dich sa nirgends
410 2407 646 2550 mehr.
415 2513 2350 2687 Dögelmann:(in der Kollef, lesend), Ja, seit ich den
413 2656 2422 2817 grossen Entschluss gefasst - aber ich sage dir, ich
410 2760 1997 2926 befinde mich unmöglich wohl. ksorffimmen
418 2905 1976 3092 Souffleuse:lkorrigiert) Unsöglich wohl.
405 3025 2350 3206 Dögelmann: Unsöglich wohl. Du solltest ai es mir
