2824 3384
169 1838 525 2016 Aler junt
193 1973 573 2114 Canm birt
209 2080 556 2194 dir k
231 2178 459 2323 Riher
1289 385 2114 518 glatbt, auch an ihre
592 392 1079 528 Er hat ans
592 480 2473 661 Sie ist es eigentlich, die ihn ruiniert hat.
1645 654 2439 770 t dem Grafen l.ent
604 682 1621 851 Wie er ihre Beziehung v.
606 808 880 965 dackt.
613 863 2351 1058 In einer Skandalblatt eine durchsichtige
613 1032 2330 1182 Verdächtigung. Die Redoute, von der sich-
606 1146 2508 1329 eine unserer bekanntesten Schauspielerinnen
602 1251 2461 1474 mit einem auf allen Kennplätzen Furopas be-
604 1412 2104 1555 rühmten Aristokraten entfernt hat.
611 1567 1778 1681 KAxxkaLXExxahxahEExhaxaux
611 1650 2435 1864 Armin macht Roreda eine Furchtbare Szene.
613 1802 2444 1933 Es stellt sich später heraus, dass kein an-
618 1890 2475 2076 derer als Armin selbst diese Skandalnotiz
623 2076 2470 2216 geschrieben hat. Er erzählt von dem harten
625 2194 2458 2344 Kampff, den er innerlich zu bestehen hatte.
616 2287 2413 2473 Soll ich in die Loge und sie niederschle-
616 2463 2342 2601 gen oder soll ich eine Notiz daraus na-
623 2582 2389 2744 chen? Der Journalist ist stärker in ihm.
625 2710 2534 2908 Noch den Gespräch mit Karl schreibt Richard
635 2872 1881 3022 an Franzi den abschiedsbrief
