2888 3464
203 1454 456 1608 Euth
229 1572 500 1691 selbhord.
2090 263 2262 414 164
526 362 2486 571 Läblein: (bissig) Hätten wir halt gewartet, bis die
537 524 1686 620 Roveda wieder die Gnade hat.
532 612 2578 808 Direktor: Freilich hätten wir das tun sollen. Keine
539 748 2043 902 vier Mal, sagt der Doktor Neugröschel.
534 878 2557 1092 Läblein: Dem seine Prophezeiungen. Beim Egrano hat
545 1058 1337 1157 er das auch gesagt.
524 1139 1381 1327 Direktor: Der Cyrano
529 1259 2572 1389 Karl: (zum Direktorf, kommt von rechts) Doch ziemli-
2075 1410 2559 1556 lein Suciuarte
1491 1428 1960 1585 die Abrie
537 1446 1420 1553 che Spannung im Haus.
1931 1491 2721 1634 Teebstueer- TUmart?!
545 1527 2635 1699 (Sie sind jetzt alle links ziemlich vorn) sie unfchl
539 1710 2426 1861 Inspizient: Habe die Ehre, Herr Direktor,Platz!)
526 1830 790 1929 Platz!
526 1892 1621 2051 Diroktor: Was ist denn 1os?
1014 2041 1209 2132 gegen
534 2082 2617 2244 Inspizient: Abgang! Jetzt begeben sich die Giste zum
526 2226 2366 2348 Buffet. (Schlussszehe zwischen Fedor und Fanni.
539 2309 1350 2518 (sollts Karl gegen1
516 2502 2567 2658 Direktor: Etwas leicht gemacht, Herr Doktor. Einfach
529 2601 2512 2773 die Leute abgehen lassen,um die Bühne frei zu be-
526 2757 826 2846 kommen.
519 2815 2531 3052 karl: Schon wahr, Herr Direktor. Aber das nacht der
539 2992 1527 3117 liebe Goti auch manchmal.
1084 3031 2507 3258 bot 4. hal d Rechtdeges. 1 Run
1817 3167 2103 3328 Arkll
