2760 3368
2139 233 2299 383 145
435 333 1625 514 Schluss wird niedergezincht.
474 451 2433 645 Karl: Dieser Herr ist wohl nicht ganz bei Sinnen.
1020 574 1672 650 kuna cest i Batad
498 595 2556 786 Armin: Sie spielen hier keine Rolle. Es handelt sich
495 734 2446 896 darum, dass man wagt ein lächerliches Püppchen uns
503 870 2087 1038 in der Zolle der Roveda aufzuoktrojeren.
490 993 2592 1143 Roveda: Das ist ein Konflikt. Daraus mach ein Strick,
498 1117 2398 1316 Junge. Da (zu. Armin) Dass du nicht unterstehst.
477 1242 988 1392 Ab Exgemahl!
477 1402 986 1549 Armin: (fort)
493 1515 2495 1706 Roreda: (zu Karl (Cäsarenwahnsinn! Delirium. Komm in
488 1675 933 1785 meine Logel
493 1772 2564 1937 Karl: Ich mächte lieber wieder in meine Autorenloge
792 1872 938 1963 fel.
474 1916 1568 2047 dort bin ich unauffälliger.
488 2013 2372 2157 (Die füre der Loge 4 öffngt sich, Helene schaut
495 2178 779 2330 heraus)
488 2317 2388 2467 Roreda: Ah, sieh doch. Man ist wohl eifersüchtig.
480 2446 1877 2619 Helene: (wieder zurück in ihre Logel
488 2566 2556 2734 Roveda: Geh nur zu deinem Bräutchen, ich will ihr den
480 2695 2516 2844 Abend nicht verderben. Bin doch ein gutes Ding. Auf
469 2813 1843 2957 morgen! (sie umarmt ihn plötzlich)
