2824 3432
514 328 2311 544 Prauling:(Sie sind nerrös, Gregor) Sie geh
1305 487 1695 577 prictunticli
512 517 1697 691 zurück. Das hängt (zusa men.
522 661 1310 815 Gregor: Inwiefern?
514 760 2222 947 Breuling: Ich spreche natürlich nur von
527 919 1986 1061 lard. ler lässt einen stoss aus)
517 1009 2393 1203 Cregor: Ha, nun will ich ihnen mal zeigensob
509 1146 2458 1357 ich in. Forn bin. 16 -(verfehlt den nächsten
517 1290 803 1454 Stos8)
512 1404 2500 1600 Preuling: (inmer kühl) Manssoll nichts zwingen
512 1538 2490 1727 wollenikenn man nicht auf der Höhe ist;augen-
502 1680 2341 1846 blicklich nicht auf der Höhe ist, soll man
524 1802 1968 1978 resignioren, seitweise wenigstens.
517 1928 2381 2122 Gregor: Sie sind frech wie eine Manze, Dreu-
514 2090 703 2232 läg.
519 2184 2517 2373 Dreuling: (spielt) (35,36,37 - ich könnte Ihnen
534 2328 1923 2485 vielleicht vorgeben,10 oder 15.
532 2468 2338 2634 Gregor: Ich brauche keine Vorgabe, spielen
527 2622 984 2768 Sie weiter
532 2719 2142 2885 Preuling: 38 (lässt den nächsten aus)
512 2853 2458 3049 Gregor: Hal (er gickst und haut dann rütend
519 3002 1116 3109 den Queu hin)
