2840 3464
463 297 2486 571 Franzi: (6s ist auch schner so was in Vorhinein
458 548 910 666 zu wissen.
495 651 2157 799 Baronin: Manchmal kännt man es schon.
473 799 1277 960 (Es läutet wieder).
1890 794 2396 978 lrauencten
460 910 1300 1058 Franzi: (steht aufl.
445 1031 2383 1194 Baronin: Jötzt zum Beispiel müsste er Sie se
450 1161 2463 1310 hen.Da, wüsste er es ein für alle Male, dass er
460 1277 2393 1455 in sei nem Leben käine finden kann, die ihn so
442 1440 870 1543 gern hat.
447 1536 1342 1704 Richard:(tritt einl.
435 1664 1903 1812 Baronin: Guten Abend,Herr Doktor.
442 1810 2282 1971 Richard: Guten Abend. (reicht Ihr diefand).
437 1926 2159 2096 Guten Abend, Franzi. (küsgt ihr die Hand)
427 2069 2381 2225 Baronin: Ich komm dann spätr noch fragen we-
432 2182 1282 2358 gen des rachtmahls.
430 2305 2265 2489 Richard: O, das können Sie gleich tun, Frau
425 2476 802 2582 Baronin.
430 2569 2074 2730 Baron in: Die Herrschaften bleiben da?
432 2705 2277 2863 Richard: Wenn du nichts Besseres vor hast,
427 2851 752 2969 Franzi?
412 2956 1569 3087 Franzi: (verneint lächdund)
