2856 3480
499 269 1320 447 wie die zu dem plrite
415 353 2172 596 es der Mühe wert wäre Sie zu vernichten.
423 514 2046 692 Kellner: Herr Chefredakteur wünschen?
413 638 2355 830 Armin: Ja, das kommt darauf an wozu nich Herr
410 808 1095 969 Gregor einlädt?
423 897 1673 1105 Gregor: (lacht) Flasche Bierz
425 1013 2323 1250 Dreuling: Vor einer Previere wäre ich nicht
428 1218 1013 1359 so schmutzig.
415 1290 2363 1473 Gregor: Iat nur der Afang. Zuerst eine Fla-
425 1426 2395 1601 schie Biernicht wahr? oh ein Süinkenbrötchen
428 1549 2239 1745 Armin: Sagen wir einen kalten ufschnitt.
440 1668 2029 1863 Kellner: Sehr wohlskeiner Aufschnitt.
450 1821 2296 2026 Freuling: Von keinem Aufschnitt Kaxxkx hat
440 1965 1601 2113 Herr Gregor nichts gesagt.
437 2073 1910 2276 Gregor: selbstverständlich fein.
445 2214 2375 2377 Armin: Gemacht. und Sie sollen sehen,gregor,
1648 2308 2157 2395 ia mande cres
440 2313 2348 2523 wir unbestechlich ith bin. ... Alsoblgibts
1213 2434 2301 2617 wde miel einrenlich
440 2491 1001 2644 bei Sanstag?
450 2587 2276 2780 Gregor: Marum sollte es nicht bei Sanstag
455 2758 835 2891 bleiben?
457 2802 2333 3005 Armin: (um hört d lerlei von den Erpbenfdie
457 2877 2447 3153 Roveda soll ja heute die vollestingeschwissen
455 3094 731 3272 haben.
