2840 3480
1235 407 1701 518 trenotren
497 470 2362 642 Ludwig: We gar so woit Ist os ja nioht. Ge-
1395 577 1926 671 den keinbal selnt
506 610 2422 775 rado un dto Eeke- und du wirst uns immer wilt
509 744 1601 908 kommen sein. (Zigarette).
499 838 2393 1032 Mayer: Ach, sag das nicht, din Schwiegervater
504 988 2430 1170 ist auch nicht immer willkormen, wenn man auch
494 1131 2374 1277 nicht so viele Witze über ihn macht. He,.
504 1235 2139 1420 Ein bischene ingen wird es hier sein.
1073 1364 1550 1444 dulimanten
506 1371 2408 1558 Ludwig: Marbe wird sich sekon ein Frest fin
494 1516 1325 1676 don. milden. lorsen
1735 1529 2498 1681 lricide tillonoll
497 1647 2447 1814 Mayer: Hoffentlick, ja hoffentlich, das kantet
2248 1737 2466 1800 wird
499 1793 1827 1950 du mir-wohl nicht übel nehmen.
506 1892 2282 2076 Ludwig: Aber-fällt wir ja gar nicht ein.
499 2018 2362 2214 Ha -(Uhr) -ich will doch noch nachhause te-
506 2166 1645 2333 lofonioren für alle Fälle.
511 2287 2236 2464 Richard, Antoinette und Mathilde sind in:
494 2427 2362 2544 dess eingetreten, stehen noch der rückwärti-
506 2582 2384 2723 gen rüre nah. Antoinetie hat öfter zu ihrem
489 2699 1507 2861 Bräutigan hingeschaut).
2025 2788 2517 2917 iosl ent Anta
501 2832 1984 2997 ludnig: (gegen die Rüre rechts zul
1965 2912 2122 2992 nen
514 2955 2367 3113 intoinette: seilist du wir schohduretgeten.
506 3101 860 3249 Ludrig24
