2824 3432
2116 181 2253 413 13.
476 406 2323 575 Mie diskret. Ein Centleman. (zornig) Stellen
478 534 2347 737 sie sich nicht so,nachensie sich nie ht lä-
476 669 2282 838 cherlich. Jeder hat sie gehebt. Jeder, der
488 787 2330 971 ihr nur in die Nähe konnt. Sogar der kleine
493 925 2321 1123 treuling, der vierte lakai. Oder wollen sie
478 1092 980 1232 ds leugnen?
500 1195 1145 1355 prouling. Nein.
490 1316 2289 1466 Armin: frütend) Es geht nich nichts an, sie
493 1449 2210 1633 Geck. sieben Jahre sind wirgerichtlich
485 1536 2270 1756 geschieden. Es mir ist mir völlig gleicht
493 1700 2359 1898 gültig,mit wen Fräulein Roveda ein Verhält:
478 1857 867 2004 nis hat.
473 1971 2420 2135 (Jetzt das Gespräch über Franzi. Schon möglich
502 2113 1727 2248 dass die as spielen könnte.1
517 2200 2219 2379 Armin: Wer ist das? Mir ganz unbekannt.
502 2345 2169 2504 Mit wen hat sie ein Verhältnisz Mitdem
512 2480 2145 2652 Direktorz Noch keine Monnentin. Ich
514 2623 1918 2813 werde Ihre Photographie bringen.
526 2775 1181 2934 stilles Masser.
510 2879 2362 3094 Eine Kartenpartie zwischen Gregor,Preuling
