2824 3416
614 440 1758 632 Wie andern probieren weiter!
602 622 1526 714 Direktor: Herr Doktor-?
602 729 2398 857 Karl: f Ich bin nicht Doktor.-Es scheint, dass
609 884 2373 1049 Fräulein Roreda sich in den Kopf gesetzt hat.
602 1019 1606 1121 Direktor: (höhnisch) Kopf!
599 1126 2353 1301 Karl: Oder in irgend ein anderes Orgen - die
599 1259 1563 1356 Franzi nicht zu spielen.
1993 1296 2498 1421 mndern kindteat
594 1404 2535 1498 Direktor: Sie wird spielen. oder ich.entlasse sie.
607 1521 2393 1678 Karl: Es täte mir leid,wenn gerede mein Stück
2288 1598 2440 1683 zu 1t
592 1656 2587 1753 den Anlass zu einem so bedauerlichen Verlhst bie-
599 1791 2540 1968 ton sollte. Ich erlaube mir eine Unbesetzung vor-
604 1928 1051 2020 zuschlägen.
584 1988 2587 2225 Direktor: Sie wissen, dass wir keine andere löglich
582 2198 1341 2330 keit haben. Ee
1871 2190 2073 2320 Fept
592 2285 2093 2470 Karl: Ich glaube doch(träulein bindsr.
592 2438 1581 2530 Direktor: Aber Herr Berg.
1973 2493 2253 2605 cutitrer
599 2575 2560 2730 Karl: Ich halte die(Kleinefür ein grosses Talent.
592 2712 2493 2797 Um Missverständnissen vorzubeugen: Fräulein Bin-
589 2822 2463 2952 der hat keine Ahnung von dem Schritt,den ich in
594 2977 2540 3062 ihrem und ich glaube auch in meinem Interesse un-
599 3072 2507 3264 ternehme. Ich habe noch keine zehn Worte mir ihr
