2824 3400
557 350 2395 539 Richard: Ich werde sie vor dir zu schützen.
548 499 1565 655 wissen. (sehr rasch ab).
557 604 2321 802 Anteinetteilherein, im Reisekleid, mit dem
564 779 858 884 Vater),
567 861 1733 1050 Ludwig: Endlich,Entginette.
557 1010 1595 1138 Sidon: Also, Kinder - un
688 1096 1187 1185 Aulent Aulbop
560 1113 2267 1297 Ludnig: Du hast fschon bei Tisch eine so
546 1246 2402 1404 schöne Rede gehalten - auf Wiederschenller-
548 1376 1966 1560 will rasch mit Antoinette fortl.
564 1486 2440 1686 Sidon: (küsst noch einmal Antoinette auf die
560 1644 865 1803 Stir).
557 1759 2400 1959 Intoinettefl und Ludwig ab, Siden bleibt al
557 1910 2356 2022 le in zurück, zum Diener, der noch am Buff, et
2374 1966 2608 2106 allesso
562 2041 2335 2193 steht) Ein Glasl (trinkt Charpagner, dann
557 2158 2267 2321 lch gehe noch aus) (rasch in das Zimmer
543 2279 1281 2484 nach rückwärts).
912 2374 2321 2582 F.. Voutol. Siton collt Reorgen tet
