2808 3464
1437 490 2101 695 schon wieder logz
529 590 1345 695 Löblein: Was ist den
537 632 2556 885 (Direktionodiener spricht leise mit Lbblein weiter)
532 835 2532 995 Sonffleuse: (kleines, lebhaftes Wesen, leieht jüdelnd
526 963 2548 1166 mit schnatzen Strubelkopf) buten Morgen, Herr Dögel-
529 1114 761 1264 menn.
534 1243 1282 1395 Dögelmenn: Morgen.
537 1319 2525 1519 Goaffleuse: Bitte, Herr Dögelmann, wissen Sie schon,
534 1477 2567 1595 dass wir in Ihrer özene einen Strich gemacht haben?
1016 1572 1295 1664 mer lieste
537 1627 2551 1793 Exblein: Nun wird's balde (zur Souffleuse) Was wol-
534 1727 1837 1866 len denn jetzt sie schon wieder?
550 1811 2527 2032 Souffleuse: (ausserhalb des Kastens) bitte, Herr Re-
2251 1945 2459 2032 geilig
542 1998 2519 2185 gisseur, ich will dem Herrn Dögelmann nur die Stri-
542 2127 2095 2319 che zeigensäte Herr Regtooeur gestern
542 2211 2661 2453 Dögelnann: (das Buch inster HendlGerraff Ra, das werden
555 2361 2622 2530 Sie gefälligst wieder aufmachen.) Eine Szene habe ich
542 2490 2540 2690 in dem stuck und das einzige vernünftige Wort soll
1285 2619 1590 2769 N 121
540 2646 1266 2830 ich nicht reden
540 2722 2390 2967 Loblotn: talt den Buchl, lesendl. So ist sa eine
550 2806 2654 3051 Ratsache, dass wir inner Ausnahmen zu Gellebten heben.
550 3014 2138 3254 (zu bbgelnane) Ferant konnt's ihnen sur.
