2936 3496
2440 226 2598 409 219
532 406 2432 622 Helens: Ech hätte wohl nicht sagen sollend der
556 537 2563 742 es war ja kein Geheimnis. Sie gingen auch zusammen
766 687 1344 763 Ih tot ri vltet ein
548 654 2642 870 aus. Richard war manchmal mit ihnen. (Ais Ludwig sich
2121 777 2339 848 in the
1033 802 1232 881 Munt
564 802 2647 1017 verlobte wodlte sie sich umbringen. Nun guf, dass sie
1508 897 2519 1025 Rus. Rewil d Tib - Tr
553 1003 1339 1159 es nicht getan hät.
562 1066 2724 1265 Kerl: da, sie ist lebendig. Glücklichermeise lebendiger
559 1232 1197 1412 als mein Stück.
567 1317 2546 1546 Helene: Es ist wirklich nicht mehr geschmackvoll,
573 1456 1745 1644 wie Sie über Ihr Stück reden.
1985 1570 2481 1748 sie coe j ut
575 1603 1704 1794 Karl: Gefüllt es denn Ihnenz
592 1731 1797 1927 Holene: Es hat schöne Stellen:
575 1862 2064 2053 Karl: Ee hat hässliche Stellen. mit
578 2042 1120 2197 Holene: Auch.
1418 2009 1674 2186 etilio
616 2064 2680 2312 Karl: Wenn ich ein anständiger Menschwire, ich zöge
1254 2241 1445 2315 Ich weh
600 2236 2677 2454 es heute moch zurück. Aber man hofft doch inner, dass
1663 2345 1900 2429 len, t
943 2355 1546 2459 des man iiet irort
597 2342 2612 2552 das Publikum sich wird bluffen lassen.Und kann, ich
605 2424 2800 2685 verlange viellsicht überhaupt zu viel von nir. Offeien
605 2609 2745 2843 es ist schrecklichskein Genie zu sein, wenn man ziem
1538 2740 2045 2854 iin de bocent
611 2784 2554 2963 lich viel valent hat. ine zimechen, iunher
1780 2890 1941 2966 iem
2478 2868 2642 3056 fll
613 2933 1652 3100 Kelen: Sie sind noch jung.
