2824 3400
405 449 1535 639 Direktor: Ist Sie im Hause?
410 570 2532 763 Karl: (Gewiss. Sie kommt ja noch dran im dritten Akt.I
1014 711 1212 807 geren
419 689 2559 904 sie ist übrigens während der ganzen Proben im Zuschauf
427 923 703 1008 erraum.
416 945 2455 1121 Direktor: (nachdenklich, zum Regietisch, setzt sich an
413 1066 2006 1278 den Platz, den früher Karl inne hatte. 1
427 1187 2496 1380 karl: (bleibt stehen, die Probe ist indess weiter ge-
438 1350 2097 1493 gangen und man hört nun wieder Folgendesl.
427 1419 2482 1609 Dögelmann:(in seiner Rolle) (Einen feuchten Blick um
430 1573 2642 1777 eine Stunde zu früh, ein frivoles Wort während wir an die
441 1683 2573 1904 Arbeit denkensund sie haben nicht nur jene leicht ver-
441 1840 2551 2017 zeihliche Verlogenheit, die dir ewige Liebe schwört, um
433 1970 2584 2157 den Augenblick selbst zu verschönen, sie haben auch die
435 2086 2496 2284 Verlogenheit der kleinen Ausflüchte und der grossen
449 2267 838 2430 Ehräsen-
441 2306 2488 2559 Direktor:tscharf) Danke. Diese Art von Probieren ist
441 2477 2240 2686 wertlos. Wir sind sa hier kein lesekränzchen.
438 2590 2526 2821 Dögslmann:Herr Direktor, es ist unmöglich während der
444 2741 2532 2931 rext noch nicht feststeht, während der Herr Rögissour
449 2882 2394 3108 und der Herr Autor inner noch streichen -n wif
548 3039 1262 3196 Unleboll dalther
