2888 3464
2129 227 2296 388 162
472 456 696 598 Loge.
478 565 1575 753 Karl: Woher wissen Sie das?
486 688 2594 882 Franzi: O, ich sehe alles. Jedes Gesicht im Zuschauer-
494 838 2517 1010 raum. Noch deutlicher als sonst. Ich will nicht in-
486 964 1930 1147 diskret sein - Ihre Verlobte gewiss.
1854 994 2553 1196 der ut eui dn en Brantis
483 1092 2408 1278 Karl: Ganz gut sehen Sie doch nicht. In der Loge
480 1218 2678 1395 neben mir - das ist ein Brautpaar, ein funkelnagelneues.
1881 1365 2058 1477 ma.
489 1365 1130 1512 Gestern verlobt.
1987 1433 2342 1581 Straune
483 1447 1728 1657 Franzi: Aber nein - aber nein.
1870 1545 2419 1673 hestilt seit
475 1624 1567 1783 Karl: Was haben Sie denn ?
486 1747 2274 1916 Frau Menzel: (mit dem Brief) Fräulein Franzi.
483 1906 1381 2056 Dregulein: (komnt dazu)
489 2009 2533 2173 Franzi: Ich weiss schon. (reisst den Brief auf. Ihr.
478 2149 1179 2318 Gesicht erstarrt!
472 2247 2244 2405 Insoizient: (kommt herüber) Fräulein Franzi!
480 2397 2594 2572 Dregulein: Ndsehen Sie, er hat doch Blumen geschickt.
489 2547 936 2648 Tranzi: Er?
486 2629 2572 2826 Vregulein: (durch ihren Ton frappiert, sieht sie nur
486 2817 639 2968 an1
895 2804 2670 2965 tuise eti Einzlantan Brant in der Legat¬
494 2916 2542 3123 Franzi: Ein Anderer - ein anderer Schuft, der grosse
