2888 3464
2143 242 2296 376 129
468 366 2460 643 Richerd: Es könnte doch einmal einen Fall geben,mo
1788 492 2011 575 net
473 497 2541 734 man selbst gar nicht recht weiss,mas dan Aufrichtige
487 747 653 842 ist.
479 747 2490 1016 Mathilde: Man weiss es inner, man will nur manchnal
1707 936 2100 1097 duntere
492 981 1022 1135 nicht wissen.
505 1038 2377 1285 Richard: Ach Sie, Mathilde, die mit Ihren klaren
516 1167 2449 1385 Augen in die Weit hineinschautfso einfach ist das
516 1382 1016 1525 Leben nicht.
516 1471 1775 1651 Mathilde: Ganz einfach,Richard.
522 1541 2659 1783 Richard: Mein, im Gegenteil, sehr kompliziert. Mas tele-
532 1750 1662 1901 foniert sie denn da so langz
532 1820 2573 2043 Mathilde: Das Vernünftigste wäre es wohl, Sie gingen
1917 1917 2245 2003 herungi was
549 1957 2398 2170 selbst ans lelsfon, statt da nervös zu marten.
1654 2043 2140 2132 ber terupet
565 2108 2307 2299 Richerd: Mer sagt Ihnen, dass ich nervös binz
549 2250 2043 2428 Mathilde: Lehren Sie mich Ste kennen.
1046 2363 1221 2436 si sec
557 2302 2584 2560 Richard: ob Sie sich das nicht ein wenig einbilden.
573 2490 1705 2694 Zichxrux Ugthilde:(Was dennz
583 2608 2441 2815 Richard: Dass Sie mich so besonders gut konnen.
570 2710 2737 2971 Usthilde: Sie halten sich wohl für sehr undurchsichtig
578 2855 2659 3092 Ganz in Gegenteil. Ihnen sieht man das Geringste an.
