2856 3464
780 202 2065 386 Jott Ause wollt geht un bolbel
162 251 554 411 3/2.1927.
1285 310 1656 426 de rectu
460 436 2220 628 Sidon: Nun, lieber Doktor,macht Ihnen das
445 596 2353 768 Beispiel Ihres Freundes nicht auch lustzeu
468 716 1944 871 Richard: Ich bin ja jünger als er.
460 837 2227 1007 Sidon: Ich sag Ihnen, Doktor, man kann gar
2131 889 2380 994 p attite
450 962 2432 1130 nicht früh genug heiraten. Und gar ein/Arzt. .
450 1095 2353 1253 Richard: Ich arbeite noch im Spial, ich habe
455 1223 1524 1391 noch keine Prinatpraxis.
450 1263 2422 1519 sidon: Nun darauf konnt es wohl nicht eüürich
460 1482 2102 1639 rate jedem jungen Man möglichst früh-
463 1602 1578 1755 zu heiraten. Jung gefreit:
458 1738 2321 1915 Richardz Von Ihnen, verzeihen Sie, Herr Kon-
1718 1829 2067 1915 debencept
445 1895 2218 2060 worzialrat,hätte ich diese Grundsätze an
450 2003 2304 2195 wonigsten erwartet-6der diese Loboneregel.
445 2136 2129 2306 Sidon: Marum, wenn ich fragen darf? ich
445 2264 2350 2469 reiss wohl, ich habe den Ruf für einen lebe-
448 2432 780 2560 wann.
463 2518 1967 2675 Richart: Ich hätte wir nie erlaubt
463 2641 2316 2840 Sidon: Erlauben Sie sich ruhig,es ist kein
458 2766 2156 2956 Widerspruch für die Ehe zu sein und zu
455 2907 2242 3089 gleich ) Die Ehe ist eine sache für sich,
453 3032 2255 3261 wan kann der beste Ehenann soin - abk,Ich
