2792 3384
317 1456 499 1594 End
2165 263 2317 394 442
637 391 861 546 bist.
654 507 2448 640 Pöveda: Mir sieht alles ähnlich.Auch wenn ich
637 640 1988 777 nicht da wäre, sähe es mir ähnlich.
640 770 2541 905 Eregulein: Du bist doch das genialste Weib unter
637 913 1326 1053 dem Deckenluster.
637 1031 2549 1156 Roveda: Und Sie, Herr Dregulein, der talentloseste
635 1173 2536 1299 Schausnieler unter dem Mars. Wir sollten uns zu-
640 1294 1838 1412 sammen photographieren lassen.
627 1432 2605 1560 Armin: Was sagt man zu dieser Vorstellung? Dieser
637 1557 2563 1724 Gregor, «k ein alter Geck,kein jugendlicher Lieb-
637 1692 1466 1835 häber. Und das Stück!
630 1801 2492 1919 Roveda: Auf das Stück lassie ich nichts kommen.
637 1961 2012 2057 Dieser junge Mensch ist ein Vesuv.
2214 2015 2438 2121 Enl
622 2098 2403 2239 Die alte Roveda: (kommt aus der Loge, zu Arminl
635 2214 2571 2364 Sie wagen es schon wieder meineröchter zu hehnhik
615 2335 1070 2492 behelligen?
627 2445 2445 2635 oreda: fass ihn, Mutter. Heute soll er mich
608 2610 1053 2738 behelligen.
613 2728 2330 2905 Dregulein: (küsst der alten Roreda die Hand)
615 2861 1461 2994 Roveda: Ein Kavalier.
603 2972 2541 3164 Armin: Ich vorsichere Sie, Dregulein, Sie wären der
