2872 3464
2275 369 2412 467 22
635 392 2348 601 habe ja das Sluck nicht lange genössen,
629 594 2369 781 mit dreissig war ich Mitwer..aber gehei-
638 758 2378 847 ratet habe ich schon mit dreüundzwanzig.
626 881 1603 993 Sie sind sicher älter.
1155 961 1635 1043 ducium Alle e
638 1013 2414 1193 Richard: Bald siebenundzuanzie. Herr kon-
610 1143 1127 1253 merzäalrat.
615 1246 2439 1410 Sidon: Und daher,wie jeder Jugggesedle in
610 1364 2441 1515 die sev Alter, in Gefahr - (in einer ununter-
608 1501 2330 1688 brochenen Gefahr )- hängen zu bleiben.
617 1651 2362 1822 Richard: (mit zusammengekniffenen Lippen,
606 1802 1827 1931 Was verstehen Sie daruntern
599 1913 2344 2070 Sidon: Verzeihen Sie,Herr Doktor, ich mir
608 2059 2375 2141 sche mich nicht in Ihre Privatangelegen-
604 2134 2293 2273 heiten.Heben Sie Verhältni se so viele
604 2264 2323 2412 Sie wollen, mit wem sie sie wollen - ein
597 2446 2257 2533 halbes Dutzend zugleich, ja, lieber ein
1653 2521 1927 2605 nn in
594 2558 2371 2658 halbes Dutzund als eins,-bleiben Sie nur
588 2706 1177 2801 nicht hängen.
610 2735 2316 2979 gichard: Wan kann an Ende von jeden, der
585 2970 2303 3118 heiratet, sagen, er sei hängen geblieben.
683 3047 2314 3245 Sidon: Es kommt darauf an, mein junger
