2920 3496
2343 292 2523 424 121
480 421 2638 660 Karl: Sie will ihre Rolle wieder haben. Ich denke nicht
778 552 1316 668 z tle Sow. de Se
477 542 2547 743 daran.Abgesehen davon, dass der Direktor keineswegs-
764 713 1003 794 menet
488 686 2539 869 Aber es wäre eine Feigheit, wenn ich nicht hin ginge,
488 799 2515 1008 gerade unter diesen Umstünden. Uebrigens sehen sie:
496 957 2510 1140 Verehrter Herr Doktor"....mit aller Hochachtung“.
499 1070 2569 1308 Helene: (Interessiert mich gar nicht.. Aber)den näch-
2078 1180 2276 1271 met
515 1223 2644 1440 sten Brief von ihr werden Sie mir nicht szeigen. Bitte,
536 1367 1678 1590 schwären sie nächt! Ailn
504 1571 1145 1711 Mathilde kommt.
509 1689 1703 1845 IHelene: g,das ist nettl, h.
523 1759 2673 2008 Mathilde: Guten Abend, Herr Berg. Eben habe ich mir die
1794 1904 2113 1987 it coccl
517 1925 2646 2110 woge von der Kasse abgeholt.Es soll schon ganz ausver-
1038 2046 2105 2228 ut hr usiver 1tginum
523 2086 995 2242 kauft sein.
531 2191 1606 2384 Kerl:(sich verabschiedend!
536 2341 1866 2518 Mathilde: Vertreibe ich Sie stwaz
542 2469 2311 2620 Karl: Sie sehen, ich stand schon an der Nüre.
536 2612 1485 2772 Usthilde: Wird's schön?.
547 2708 2665 2877 Karl: Munderbar. Auf Wiederschen! Viettsicht erlauben
568 2864 1212 3032 Se nie vorget.
544 2990 2118 3185 Helens:(kurzl Sanstag Abend in Thoster.
