2840 3400
593 367 2521 557 bleiben. Du wirst eine Andere lieben und ich
596 519 2456 656 werde später einen andern Geliebten haben.
1169 627 1566 718 der cecsi,
598 646 2336 788 Ja, das alles das gebe ich zu. Aber warum
598 773 2408 936 sollen wir nicht so lange glücklich sein,
591 905 2464 1083 als es uns vergönnt ist? nu kannst darüber
627 1061 2497 1193 lachen, wer ich weiss, dass nie etwas Schö-
2082 1157 2204 1241 sert
588 1167 2401 1318 neres kommen wird, auch nicht für mieh. Ja;
593 1289 2408 1467 ich schwöre dir sogar, dass ich mich nicht
591 1429 2284 1597 töten werde, wenn du mich verlässt. Es
588 1556 2418 1724 soll kein Schätten auf deine Existenz fal-
588 1688 2224 1842 len. Ich werde mich auch nicht töten,
579 1823 2432 1971 wenn ich mich nach dem Tode sehnen sollte.
586 1947 1561 2101 Rist du nun zufriedek?
567 2070 2440 2236 Richard: Du hältst ja deine Schwüre nicht.
605 2214 1328 2344 Franzi: Leb wohl.
574 2291 2212 2502 Klchard: Bleibe. Verzoih wir. Aber es
567 2466 2389 2649 racht mich toll.(Zu denken, dass er jetzt,
605 2589 2346 2781 während er seine jungerau in den Armen
567 2718 2389 2894 hält, Und auch sie alnt es. Sie misstraut
567 2869 2387 3042 ihm, Ich sprach auch sie. Sie ahnt, dass du
559 2975 1844 3148 noch in seinen Gedanken bist.
