2776 3368
2233 182 2381 336 107
604 289 2426 463 Ja, die Minner haben es besser. Der spielt noch
2316 398 2475 484 schenf
596 435 2566 599 heute die Liebhaber und ich bin eine alte Wiherin.
609 557 2467 710 Tranzi: Er ist auch unter uns gesagt nicht mehr
606 703 2493 794 jung genug für meinen - will sagen für den Lieb-
1489 781 2431 940 di talli binuld Rerdpie
596 841 1442 973 heber von der Tanng.
586 953 2475 1114 Mutter: (bringt das Zimmer in Ordnung, übel launig,
588 1077 2558 1249 Was das gleich für einen Wirbel macht, wenn du ein-
580 1213 1588 1361 meil zu einer Roll kommst.
580 1351 2446 1502 Milly: Ja, da werden f sich Frau Finanzrat jetzt
588 1470 2441 1619 gewöhnen müssen,nicht wahr,Fräulein Franzi? Und
580 1601 2566 1764 fürs nächste Stück wird sich das Fräulein schon im
565 1733 2444 1884 Maison Spitzer eine Toilette machen lassen. Und
567 1882 2360 2012 dann kommt eine schäne neue Wohnung und ich-
586 1988 2563 2116 Franzi: Reden Sie keinen Unsinn,Fräulein Milly.Und
573 2092 2439 2228 wenn ich in einem Palais wohne, die Kleider lass
565 2241 1814 2426 ich mir immer von Ihnen machen.
570 2337 2662 2558 Multer: No, ist jetzt schin genug(für den Herrn Grogor
570 2532 1575 2668 kommen St, Fräulein Milly.
575 2629 2597 2832 Franzi:(macht auch einigermassen Ordnung, ist jetzt
565 2785 2480 2904 beim Schreibtisch,sieht die Briefe etc.,hat eben
565 2907 1712 3048 das Bühnenblatt in der Handl.
554 3040 2522 3188 Milly: Da wird nichstes Mal das Bild vom Fräulein
