2776 3368
2208 174 2369 344 106
410 333 2369 521 daneben im Fabinet weiter arbeiten? Weil, nämlich
399 513 1644 661 der Gregor zu mir herauf kommt.
407 595 2274 759 Mutter: Der Gregor? Was sucht denn der bei uns?
468 716 2371 915 Franzi: Der spielt doch den Fedor. Und möcht halt
404 886 2390 1039 gern die Hauptszene mit mir (zuhaus) durchprobieren.
404 968 2440 1121 Mutter: In Salzburg hast du dir das immer verbeten,
444 1150 2081 1277 dass deine Kollegen zu dir herauf kommen.
439 1261 2440 1412 Franzi: Eigentlich hat er wollen,dass ich zu ihm-
917 1359 1470 1446 vit male int
420 1406 2403 1496 (lacht) das möcht ihm passen. Da ist es doch immer
407 1496 2514 1631 noch richtiger, dass er zu uns da herauf kommt.Um halb
412 1663 2406 1790 sieben müssen wir wieder ins Theater.Aber von halb-
415 1795 2535 1964 sechs an wär's mir schon lieb,Mutter,wenn du indessen
404 1948 2046 2033 mkt Träulein Milly im Kabinet nebenan. ..
399 2078 1980 2231 Millg: (aber fretlich.) Der Herr Gregor -
439 2163 2406 2353 ranzi: Wissen Sie(das ist der(der in der "Fremden
415 2297 2530 2504 Frau“ den Major spielt, wo ich Ihnen neulich die Sitze
407 2448 973 2575 geschenkt hab.
407 2522 2512 2750 Mülly: Aber ich werd' doch wissen,wer der Gregor ist.
1544 2675 1755 2755 puan
399 2712 2490 2871 In den war ich ja schon vor zehn Jahren,verliebt.Da-
397 2834 2514 2974 mals wo ich noch selber zum Theater hab gehen wollen.
