2824 3416
1607 219 2162 368 Man miple i
1097 229 1572 413 J. Mank
2204 262 2334 415 155
1657 337 2174 455 mit in pebug-
649 418 2008 552 geschwiegen. Du - schämat dich
1357 505 1982 590 ge e tachoru
635 529 2183 675 Richard: Ja. Ich vergehe vor Scham.
637 661 2360 807 Franzi: Dann ist es wohl das Beste,wir
628 781 1947 932 Exhxidanz gehen von einander.
628 902 2303 1074 Rietard. Wahrscheintich hast du Reckt.
1551 1027 1916 1192 Vullecht.
621 1064 1449 1187 Franzt. Rickerdt
628 1166 2445 1322 Richard: Nein, das ist nicht das Beste.lch
621 1303 2346 1444 glaube fast, es ist besser du bläbst und
1728 1414 2412 1508 let cotl. dlen
609 1423 1421 1574 ich leide weiter.)
1694 1477 2556 1595 turletitad miht.. def len
623 1546 2299 1685 Franzi:(Du sollst nicht leiden.Du hast
602 1687 2499 1841 nicht den geringsten Grund dazuslch hab ihr
602 1820 2292 1971 geliebt. (ielb icht hab ich es mir nur
1291 1916 1612 1999 laes l li
604 1954 2339 2096 eingebildet. Aber das ist wohl das Glei-
588 2074 2244 2240 che. Nun lieb ich dich und liebe dich
597 2211 2367 2329 tausendmal mehr als ihn. Damals habe ich
1211 2313 1506 2398 las e gelaat
1539 2320 2155 2388 mit tuh gegleiht, lete
588 2310 2454 2511 dich ja nicht gekannt/o, auch-du wirst mich
578 2459 2275 2615 verlassen.Flanz gewiss. Meine Existenz
585 2575 2398 2771 ist vorgezeichnet und deine auch. Du wirst
578 2756 2445 2884 eine Frau aus deinen Kreisen nehmen und due
1624 2839 2346 2915 t kar moruest trit
576 2856 2464 3037 wirst Recht daran tun, lch kannsta gar nicht
1166 2952 1477 3037 le kannti
566 2990 2400 3136 hier bleiben. Wir okönnten nicht zusammen
