2936 3512
2387 314 2541 444 114
236 324 581 581 23.12. 1947
550 410 2403 644 Ich bin ja zurückgeblieben. (zlingeln draussen!
550 607 2037 768 teiene: Das wr wohl Herr Berg sein.
563 693 2582 926 Fr. Frick: Er wollte uns die Loge für seine Prentére
558 919 908 1061 bringen.
568 971 2133 1157 Frick: Vebertriebene Liebenswürdigkeit.
589 1067 2442 1295 (Karl Berg tritt ein in Veberzieher, Begrüssung.
589 1261 1988 1461 Fr. Frick: Wollen Sie nicht ablegen?
586 1357 2673 1601 Karl: Ich danke. Ich konne nur eben vorüber, un Ihnen
589 1518 1414 1705 die Loge zu bringen.
594 1580 2634 1835 Tr. Frick: (schönen Dank) Wie viel sind wir (schuldigz
851 1788 1015 1863 Nas
592 1765 1770 1980 Kerl: Es ist die Antorenloge.
605 1874 2522 2097 Herr Frick: Sie hatten keine bessere Verwendung?
615 1977 2707 2203 Kerl: Wie Sie sehen, Herr Landesgerihbterat. Aber ich
623 2136 2694 2348 erbitte mir eine kleine Gegenleistung:/dasg ich nich
1936 2265 2146 2336 detrat
623 2276 2502 2476 von Zeit zu Zeit in Ihrer Loge aufhalten darf.-
633 2421 2652 2611 Deten; Richard ist der Loge von Frau Doek eingela-
641 2603 815 2740 den.
672 2587 2546 2893 Herr Prick: Ich kirchte faess oofneine Zoitsart
641 2852 1422 3005 nicht erlauben wird
646 2932 2432 3153 Kerl: (Ich sitze rückwirts( ich werde nicht in
1508 3065 1824 3156 mane
651 3062 2681 3303 Geringsten stören. Ich rechne auf Ihre Anwesenheit,
452 2411 612 2590 Jeel
