2888 3448
2165 305 2329 422 171
1311 479 2540 603 nech Zeichen des Inspizienten.)
529 467 1288 588 wieder Klavierspiel
1291 581 2383 742 (Zeichen) So, Jetzt. Vorhang!
494 583 1239 715 Inspizient: Obacht!
492 705 981 849 (nach links)
499 797 2214 921 (Man härt das Herunterrauschen des Vorhangst
469 953 2217 1125 Der Theaterarbeiter: löktnet die Mitteltürel.
494 1090 2393 1259 Die Schauspieler strimen heraus. Mutter, Schwester
494 1241 956 1390 Tannzs etc.
529 1326 2428 1512 Gregor: (der schon früher abgegangen ist und auch
479 1467 2316 1656 andere stellen sich in Positur, machen sich zum
479 1616 1328 1780 Herverkomnen bereit.1
479 1743 2470 1916 Nach einer kurzen Pause setzt donnernd der Applaus
489 1894 655 2028 ein.
474 1993 2428 2175 Gre-or: (ruft Karl herbei) Herr Doktor kommen Sie
482 2130 1105 2291 gleich mit uns.
487 2242 2465 2396 Karl: Absolut nicht., zuerst die Darsteller allein.
492 2356 2438 2559 (die Schauspieler, darunter Gregor, durch die Mit-
487 2517 2309 2669 teitüre auf die Bühne. Man sieht also durch die
482 2631 2381 2810 often bleibende Mitteltüre, da der Vorhang aufg8f
479 2793 2425 2939 zogen, den Zuschauerraun. - Franzi liegt neben den
546 2909 2423 3073 Cavier kaun sichtbar. Auch das Publikun des Re-
1393 3036 2428 3143 sie nicht, da die sich ver-
511 3044 1370 3188 zidenzthesters benerkt
