2840 3416
2188 258 2333 357 109
793 382 2530 558 (nach einem leuchtenden Blick abins Kabine t
546 510 2596 709 Gregor: Sehr hübsch haben Sies da, Fräulein Binder.
538 663 1724 788 Ja.-Nicht jedes Mädchen hält-
594 798 1308 908 ranzi: (regungslos)
556 910 1984 1107 Gregor: Darf ich vielleicht ablegen?
558 1007 2471 1219 Franzi: Entschuldigen sie. Vielleicht hieher. Ja,
556 1221 836 1318 hieher.
597 1311 2614 1476 Gregor: (höngt seinen Ueberzieher über einen Sessel,
548 1459 1714 1614 nimmt jetzt sein Cachsax ab.1
558 1533 2445 1742 Franzi: (sieht vor sich hin, offenbar nicht ganz
599 1701 1887 1867 klar durch das, was sie gelesen)
599 1810 2558 2002 Gregor: (händereibend, zum Ofen) Gun,wie steht das
571 1933 2517 2096 Befinden? Nur keine Bange nicht,kleines Fräulein.
561 2073 2550 2211 Es wird gewiss gehen. Müssen eben noch tüchtig ar-
571 2236 2445 2331 beiten bis zum Samstag. Die Szenen zwischen uns
571 2300 2570 2471 Zwei sind die Hauptsache,Damit steht und fällt das
579 2461 2609 2647 Stück. (Blick in die Runde) Ein stimmungsvolles Mi-
584 2591 2568 2757 lieu, aber bei mir hätten wir es wohl ein wenig be-
589 2739 2540 2892 quemer gehabt. Die Dane, die mir geöffnet, war wohl
584 2889 956 3024 die Mama?
