3337 5464
592 1642 1147 1861 Fist: (:rescli
537 1845 1145 1996 wizil? (Zacht:
1737 1819 2001 1972 ichli.
724 1954 1100 2099 ich mir i
1515 1972 2268 2091 gewöhnt. Das sinds
677 2089 1367 2260 Zusaren nicht wie
1446 2091 2371 2247 die Minner. Wenn sinma
915 2226 1325 2379 dabei is.
1586 2221 2173 2361 Halneur fertig.
518 2329 1745 2482 chriet? Wenn nen aich so reder
804 2467 1607 2636 unterhalten soll nat
1594 2459 2562 2620 hsich mit ihnen, - dazu
703 2620 1695 2765 siri sr gut? - Aer verl
2316 2609 2564 2731 sich
1660 2617 2115 2739 lebenz dass
711 2718 2662 2900 vier Wocher schlecht aussicht, wenn einen wer si-
719 2863 1258 3009 t-eli Lässtl..
1787 2950 2641 3154 den, Vizzi. wenn dich
870 3006 1684 3138 Du solltest nicht so
740 3096 2631 3276 einer Kärt, der aich nicht so rur kennt wie ich,
730 3249 1975 3434 der aenkt sich, weiss soit was-
648 3350 2686 3593 rilt. Von mir aus können die Leut“ denken und reden
730 3500 2289 3680 was sie wollen. (:Sie nirnt Aschied:/
531 3635 2620 3820 Dinn kommen Aduard Binder und Katharina. Eduard ladt
579 3773 2686 3950 ur Versarilung ein, Siecher wird über die Fräuenfrage
627 3892 2533 4042 rechen. christ. entschuldigt sich wegen Weiring.
542 4026 2662 4217 Eauard rit der christ., sie solle stechers Bewerbung
