3208 4456
886 1506 2755 1732 Oberlsutment v. Feder und nir zu einer Gespreche
2032 1667 2521 1832 erraten habe
894 1682 2014 1877 deren Inhalt Sie wol bereite
902 1851 1464 2019 sammenzukomnen
983 1882 2697 2150 tet bitte, über mich zu verfügen.- Hat mein
952 2061 2723 2284 Freund bereits seinen zweiten Zeugen genanntt
860 2213 2426 2424 Er sprach von einem Herrn Baron Linsky.
949 2334 2755 2545 Ganz gut -Linsky. - Ist es Ihnen Recht, wenn
936 2445 2755 2689 wir morgen um zehn Uhr Vormittag bei Ihnen er-
944 2687 1328 2818 scheinen?
873 2692 2889 2965 Ganz recht. Wir werden nicht lange zu verhandeln he-
941 2852 2894 3073 ben.- Ich bedaure wahrhaftig sehr, dass wir unse-
957 2952 2921 3202 re Bekanntschaft unter solchen Umständen erneuern
965 3202 1275 3317 müssen.
768 3294 1740 3478 Herm: Ich nicht minder.
778 3339 2902 3643 R: zu meinem grössten Bedauern hab' ich sie in einer
988 3520 2227 3722 kleinen unterhaltung gestört...
760 3641 2634 3856 Hern: Ee scheint ja notwendig gewesen zu seln.
928 3741 2881 3975 Leider. - Wenn ich mich aber hier unsehe, so müse
1023 3870 2918 4090 ich unwillkürlich nachdenken, ob manches Andere,
1099 4051 2295 4256 pardon... Auf meigen also.
