3479 5464
721 1689 1594 2005 ver26. 100 614 101.9
1632 1673 1972 1991 M
2064 1817 2807 1980 denn ich bei einer
914 2094 1825 2241 Sopar die Frau geht her
2462 2094 2788 2312 und 81s
930 2209 1991 2380 hasst ja sonst dergleichen.
966 2353 2124 2513 Wird wirklich viel zsaumgir
919 2481 1863 2663 das jeht nicht anders. R
2249 2497 2834 2633 ner viel Ueber-
911 2608 1238 2739 Aussige
1640 2622 2861 2785 erden, bis endlich ein g'schei-
1107 2761 1760 2889 Nort herauskommt:
699 2891 1444 3011 Marie: Aber ich v.
1795 2900 2908 3044 om Politischen wirklich gar
917 3139 2834 3302 Da handelt sich's nicht uns Politische - um Bul-
919 3288 2783 3438 farien oder um Schweden. Beinuns handelt sichs
919 3392 2742 3569 um die sozialen Verhältnisse, und das geht uis
906 3522 2769 3707 alle an. Sie auch, Fräutn Marie; denn ihnen is
906 3650 2799 3860 ja schliesslich auch nicht das helle Gold in die
906 3773 1697 3952 wiegs gelegt worden.
707 3917 2897 4064 Marie:. Ich schaut halt, dass ich mirs kleinweis ver-
898 4036 1134 4205 aien.
