3540 5464
1467 1534 2612 1729 Heln. Abe- friher, wo ich ih
1852 1698 2571 1837 eit bin, bin itn
1454 1832 2661 1983 nnen bassen da herunspaziert:
1441 1950 2720 2132 1em mie was in der Staat zu tunz
2977 1942 3265 2240 101
1503 2086 2772 2222 Ein oder ensi hal unter der Marh
1790 2217 3257 2374 linein, wenn ich meine Hansarheiten
1577 2340 2271 2510 in zu liefern hab!
2294 2389 3301 2630 an Aesnd, so eefen siebs
1534 2471 2217 2620 das tun Sie meist
1462 2615 1808 2746 dan AcEAI
1603 2792 2738 3047 eier, sahe steusr aad iei s7
1462 3000 3378 3165 neben sis denn so viel Zeit uun Spazisrenrchent
1277 3108 3244 3280 pire morm, den semren Tag. lex studier n체nlich-
1241 3244 3306 3411 arie: Auf was studisren siet Auf'n Dokstor oder auf
1395 3362 1729 3532 Aivokatz
1207 3506 3262 3678 pirtg: tch hin Medisiner. Mein rrgund studiert fus.
1254 3625 3309 3812 arie: Vor sieben oder ackt. F채hren, wie meine Furter
1395 3768 3345 3958 noch gelebt hat, fheben wir einnal einen Zimger-
1426 3887 3208 4071 nern gehabt; der war ein Mediciner. dis in die
1413 4015 3198 4208 sp채ts Nacht h채t er die lampen Frennen grhabt
