3479 5464
879 1655 2401 1816 Kath: Das hat schon seine Richtigkeit.
2393 1792 2698 1964 151111.
855 1882 2984 2076 Hd: Urid Sie, Fräuln Marie, Sie wissen 5 auch seiber
1059 2044 3031 2208 ganz gut. Es giebt freilich Sachen, die jeder mit
1059 2179 2952 2335 sich selbst abzumacken hat, und darauf kann ich
1059 2290 3031 2475 Ihnen das Wort geben, dass der Stecher nicht eine
1070 2433 2023 2547 Silbe zu mir gredt hat.
850 2512 2502 2751 Marie: Ich will nur die Langen anfünden.
1025 2674 2851 2875 Es is eben nur meine Ansicht. Und wenn er sie
1064 2809 2997 2981 niel stens einmal fra.en sollt", der Stecher,- Sie
1059 2960 2992 3137 wissen schon; was, - so tät's mir sehr leid, wenn
1046 3063 2997 3227 Sie nicht I sagen mächten.... um seinetwillen ne-
1064 3190 2830 3365 türlich. /:Pause:) und auch um ikretwillen,
1093 3352 2952 3497 räul'n Marie, wenn wir schon so gradheraus mit
1078 3468 2992 3640 Einander reden. Ein Besserer komnt nicht so bald.
855 3601 2931 3759 kath: Wie kannst denn du das sagen? Was weisst denn
1046 3733 2200 3894 du, wer da nocir kommen wird.
1059 3857 2997 4040 Ein Ahrlicher nicht, das is f’wiss. Und ich glaub
1056 3987 2992 4146 es is ein grossen Glück, wenn so ein rechter Mann
1033 4114 1959 4268 komnt zur rechten Zeit.
