3479 5464
1005 1634 2972 1813 wird Ihnen vielleicht das solgicht gemacht, dass
1000 1797 2922 1927 Sie lachen dürfent Heut is grad ein Vortrag, der
1000 1886 2857 2068 Sie angeht: Ueber die Fraienfrags. Und wenn sie
997 2023 2465 2200 erst wissten, wer den Vortrag halt...
1005 2146 2790 2327 Musst gleich davon reden. Immer muss für such
1278 2301 2444 2452 die Person das Wichtigs sein.
792 2423 1678 2595 Marie: Ald war is de
1000 2546 2927 2722 Der Franz Stecher is. Aber ich hätt's vielleicht
997 2691 2785 2865 nicht einmal drrähnt, obwol's ihm gewiss eine
990 2836 2865 2987 Grosse Freud wär, wenn Sie seinatwegen in die
995 2930 2933 3120 Versammlung gingen. Zufällig is es halt der Franz
977 3086 1714 3226 Stecher. (:Pause:
777 3185 2870 3395 Kath: Also Marie, kommen S' mit. in den Letnersaafl?
779 3317 2026 3478 Marie: Ich dank schön, nein.
792 3452 1205 3590 Ed: Meine
1047 3574 2520 3746 das is aber schad. Marum denn nichte.
774 3717 2790 3878 Marie. Nicht bös sein, aber ich kann wirklich die
966 3870 2647 3987 vielan Leut nichk vertragen und den Rauch.
964 3977 2756 4125 Aer es is ja ein grosser, luftiger Saal. Vom
951 4096 2772 4270 Rauch spüren si par nix. Dreitausend Menschen
