3390 5464
751 1586 3015 1833 ist noch immer so vervös. Wis Marie etwas Frärt, wehrt er
701 1701 2944 1906 ab. Wer war die Frau, mit der du Fort und Fort sprachst?
713 1906 2114 2085 Leh birtr, pick, nicht inner Fragen.
701 1965 3059 2217 Die Mädeln sehen sich alles an. Die Busten, die Bibliothek.
710 2108 2959 2337 Dann setzt man sich ans Klavier. Dvon spielt etwas. Eini
716 2240 3029 2490 sitzt neben ihn. Da wird gelürtet. Mer kann denn das seint
739 2358 3032 2592 Fritz schäut hinaus, kommt tolenbläss zurück. Nr eht Reon.
733 2498 2988 2727 Er hat einekarte erhalten. Ir weiss alles, er war es, der
760 2645 2941 2850 an jener Ecke stand. Bitte, du, sei so gut, setz dich
733 2777 2968 3023 noch mit dem August ins Einvernehnen. Na, es wird schiner
742 2941 1915 3120 sein, der etwas zu verbergen.
762 3064 1982 3252 Gekinstelte Lustigkeit am Znde.
742 3249 2906 3504 Bei Marie. Es ist so schmül, ala wenn schon Nochsommer
762 3490 1000 3607 wäre.
760 3548 3059 3771 zini liest. aus dem Abendblatt den Romen vor. Marie. er-
774 3648 2997 3903 regt. Das ist wirklich ein Malheur, dass du das so ernst
765 3830 2449 3985 nidästkänner verdienen das wirklich nicht.
783 3921 3062 4167 Herr u. Frau Blasch. Fräulein, wyr gehen heute hinüber ins
774 4064 3035 4281 Wirtshaus, es ist eine Versamilung. Der Albert wirs sire-
789 4308 1026 4463 Ohen.
