3345 5464
329 1655 608 1777 T.Akt
320 1706 2625 1943 Der Herr Hans Weiring auf seiner Bank. Er liest. Da kommt
362 1904 2486 2097 der kleine Leopold und stört ihn. Frau Blasch: Bitte,
341 2029 1207 2207 entschuldigen Sie ihn.
335 2162 2708 2361 Aber machit ja nichts. Ich les' inmer. Zu dunkel. Wo ist der
326 2311 807 2441 Herr Gemal?
332 2412 2572 2593 In Volksvefsammlungen nätürlich. Ich soll's nicht sagen,
323 2545 2708 2705 aber ich bin eigentlich froh, wenn ich allein bin. So moros.
320 2661 2581 2874 Früher war eine bessere Zeit. Wie ich so geleht hab wie
341 2824 1673 2957 die Marie, die neben Ihnen wohnt.
323 2922 1750 3094 Von der müssen Sie mir was erzählen.
308 3058 2661 3239 Mädel. Jetzt vor sieben oder acht Wochen ist: die ltutter ge-
303 3215 2521 3361 storben. Ist eine Hüklerin und Stickerin. Verdient sich
314 3343 2560 3500 was. Hinterlassen hat aie Alte achthundert Gulden. Davon
341 3462 1436 3601 hat man gar nichts gewusst.
306 3565 2664 3761 Ich versteht das. Das ist eigentlich mein Malheur, dass ich
300 3699 2619 3895 alle Menschen versteht, dass ich sehr, wir jeder Recht hat.
303 3871 1590 4010 Ich kann nie auf einen bös sein.
288 3996 1459 4135 Mizzi,und Tini kommen vorbei.
276 4090 1984 4268 Nun, was heben den die Fräuleins gemacht?
