3496 4408
1070 1412 3084 1535 Marie hat durchaus keine Betribnis über ihren Fall-
1067 1543 3221 1659 Sie hat immer gewusst, dass es so kommen wird. sie hat
1059 1707 3202 1785 nur, in: Gegensatz zu Anderen, auf den Richtigen gewar-
1059 1839 1250 1904 tet.
1070 1917 3132 2052 Frilz ist sehr zufrieden mit dem Verhaltnis. Für ihn
1070 2084 3119 2191 ist sie nickt Leben, Glurk u.s.w., aber sje ist, die,
1070 2164 3132 2323 für die er eben der Phinim den Prinzen im Märchen
1049 2334 3183 2452 beueutet. Sie ist für ihn der Frieden, die Süssigkeit,
1046 2466 3202 2573 die Erholung; sie unischyeichelt ihn, aber er liebt sie
1041 2605 1296 2673 nicht.
1043 2705 3157 2820 Sein Freund Egon hat ein heiter naives Verhaltnis mit
1043 2855 1258 2928 Tini.
1032 2958 2638 3076 Merie wolint allein, Tini bei den Eltern.
1027 3108 3140 3224 Mari- hat ein liebes kleines Zinmer, Aussicht auf Da-
1030 3251 2199 3350 cher und weiterkin auf Berge.
1035 3369 3108 3471 Auf dem selben Gang wohnt ein alter Junggeselle, der
1070 3517 3019 3603 sirn an seine Jugend erinnert, wenn er sie sieht.
1035 3643 3041 3729 an keine Erlebnisse, an das sachen seiner Jugendge-
1024 3753 3019 3885 liebten. Ein sehr "freisinniger“ alter Herr. pr be-
1027 3909 1791 3982 sucht sie zuweilen.
