3467 5464
1216 1584 2842 1755 ist recht unvernünftig, dass wir heute dar
1077 1684 2942 1897 reuen. Wir wollten ja sehr vernünftig schelden.
1462 1843 2859 2002 ollen wir auch. - Jene Zeit wäre uns
1074 2004 2009 2131 Far nicht mehr in den S.
2060 1975 2873 2136 in gekommen, wenn wir
1824 2117 2856 2265 owohl sagten. Gesteh's nur!
1091 2112 1621 2309 uns heute nich
2319 2256 2893 2373 ens Zeit nicht.
1223 2253 2173 2410 letiten Wochen hast du.
1299 2414 1604 2580 gedacht.
1160 2456 3042 2678 nach einer kleinen Pause:) Ich habt nicht-mähr
1101 2663 1919 2805 daran gedacht, - nein
1113 2754 2876 2915 Es ist dumn und traurig, dass diese Dinge so
1130 2883 3003 3076 fortgespidlt werden. Die letite Melle erst bringt.
1116 3037 2942 3220 sis wieder an die Oberfläche: -- Aber was ist
1113 3191 2358 3308 alles darüber hingegangen - ahl
1123 3279 2959 3459 glücklich waren wir nur in jenen Sonnertagen...
1130 3410 2951 3545 wegl. - wie wir noch die guten Kaneraden waren,
1145 3537 2803 3691 unu im Garten Herunsspazierten; denn dann-
1135 3659 3069 3833 nefligi) Dawals hätten wir einfach mit sinänder
1143 3794 3071 3948 auf- unu davongehen sollen - jat - und uns meinkt
1135 3935 3096 4070 halhin speiter umbringen. Irgendwas Wildes, Echtes,
1133 4060 3056 4236 Ganzes! An Enue wären wir sogar glücklich gewor-
