3192 4488
776 1880 905 2012 pr.
964 1541 2907 1751 gerblick ist es viellsicht an besten, überAussl-
964 1751 1861 1872 ge Worte zu vermeiden.
962 1816 2168 2018 Ich weiss wahrhaftig nicht...
929 1918 2853 2177 unterbrechend:) Sie wiegen sst - Entschuldigen
978 2098 2877 2276 Sie, dass ich allein komme, aber ich durfte die
970 2230 2812 2403 gen Besuch auf Wunsch meines Vetters nicht bie
972 2330 2866 2519 morgen aufschieben, und es ist mir leider nicht
972 2486 2928 2659 gelungen, jetzt den andern Herrn anzutreffen, den
978 2648 2815 2828 mein Vetter mit der Angelegenheit betraut hat.
981 2780 2861 2939 Doch bin ich in der Tage, Ihnen seinen Namen zu
981 2955 2230 3095 nennen: Oberleutnant von Feder.
983 3022 2866 3238 genz gut. - Ich glaube nun über den Zweck thres
997 3203 2053 3354 kommensfin klaren zu sein.
962 3251 2839 3440 Ich habe nicht daran gezweifelt. Ich werde also
997 3367 2839 3558 bitten, mir anzugeben, mit welchen Herren mein
1048 3510 2872 3680 Freund Feder und ich die Ehre haben werden, in
1010 3653 2174 3822 der sache weiterzuverhandeln.
1010 3777 2842 3925 XEX Die Herren werde ich Ihnen gleich angeben.
805 3825 951 3946 Pr.
1007 3919 1751 4121 Hermann Berendt...
824 3995 2982 4270 k: Ich habe ja das Vergrügen, Herrn berendt zu komm.
