3531 5464
603 1645 2732 1847 Fritai Ja - du.- Seit ich in dem Zimmer bin, sind wir
757 1781 2737 1967 so gut bekannt mit einanders Ist''s nicht wahre-
765 1905 2695 2083 Uebrigens, aufm Herweg schon, im Park, hab' ich
765 2052 2708 2232 Ihnen du gesagt. (:Wieder vor der Etagère:) Das
765 2203 1773 2333 Konversatlonslexikon -o!
555 2304 2684 2471 Marie: (:wie entschuldigend:) Ee ist aber nur bis F.
566 2421 1672 2594 Fritz! Nr 801 - Und das das
563 2575 1788 2724 Marie: Das is eine Gschicht.
553 2652 2692 2886 Fritz. Da is ja kein Titelblatt dabel. Wie heisst sie
733 2836 975 2998 denne
537 2947 2238 3115 Warie: Ich weiss nicht. Das war immer so.
545 3096 1695 3213 Fritz: Das Buch für Alle....
539 3224 1871 3364 Marls: Das is auch schon so alt.
529 3370 1919 3492 Fritz: Da hängt ja ein delgemilde!
526 3455 1860 3627 Maris! Das is nicht schön - wast
529 3590 2620 3766 Pritz: senön is ss grad nieut, aber rührend. - Und
702 3734 2588 3904 da das Gegenstück -ahal Abschied und Heinkehr.
513 3856 1459 4023 Marie: steht ja unten.
521 3989 2607 4178 Fritz: A, ich hab's nicht geseten, ich hab''s erra
