<?xml version="1.0" encoding="UTF-8" standalone="yes"?>
<PcGts xmlns="http://schema.primaresearch.org/PAGE/gts/pagecontent/2013-07-15" xmlns:xsi="http://www.w3.org/2001/XMLSchema-instance" xsi:schemaLocation="http://schema.primaresearch.org/PAGE/gts/pagecontent/2013-07-15 http://schema.primaresearch.org/PAGE/gts/pagecontent/2013-07-15/pagecontent.xsd">
    <Metadata>
        <Creator>prov=READ-COOP:name=PyLaia@TranskribusPlatform:version=2.7.0:model_id=50870:lm=none:date=22_01_2024_18:15</Creator>
        <Created>2023-09-27T14:36:36.871+02:00</Created>
        <LastChange>2024-01-22T18:15:41.654+01:00</LastChange>
        <TranskribusMetadata docId="1589039" pageId="60124239" pageNr="83" tsid="145632098" status="IN_PROGRESS" userId="40391" imgUrl="https://files.transkribus.eu/Get?id=RIXBWNGPYFJXIMFXYIVENNGH&amp;fileType=view" xmlUrl="https://files.transkribus.eu/Get?id=SBKDZWGVZEJDQZWHQXHJOYFA" imageId="48549317"/>
    </Metadata>
    <Page imageFilename="1589039_0083.jpg" imageWidth="3443" imageHeight="5464">
        <ReadingOrder>
            <OrderedGroup id="ro_1711792486192" caption="Regions reading order">
                <RegionRefIndexed index="0" regionRef="tr_1"/>
            </OrderedGroup>
        </ReadingOrder>
        <TextRegion orientation="0.0" id="tr_1" custom="readingOrder {index:0;}">
            <Coords points="746,2037 746,4370 2823,4370 2823,2037"/>
            <TextLine id="tr_1_tl_1" custom="readingOrder {index:0;}">
                <Coords points="1312,2122 1617,2100 2090,2152 2209,2097 2548,2132 2548,2058 2466,2043 1312,2033"/>
                <Baseline points="1325,2100 1386,2100 1447,2100 1509,2101 1570,2105 1632,2106 1693,2108 1755,2112 1816,2108 1878,2106 1939,2106 2000,2106 2062,2106 2123,2106 2185,2106 2246,2106 2308,2106 2369,2106 2431,2106 2492,2109 2554,2106"/>
                <TextEquiv>
                    <Unicode>Zeielich, er soll ihr etwas das</Unicode>
                </TextEquiv>
            </TextLine>
            <TextLine id="tr_1_tl_2" custom="readingOrder {index:1;}">
                <Coords points="1927,2283 2092,2246 2199,2283 2278,2243 2375,2268 2456,2258 2456,2177 2412,2154 2211,2184 2112,2149 2040,2147 1961,2177 1927,2162"/>
                <Baseline points="1939,2238 1965,2238 1991,2238 2017,2238 2043,2238 2069,2238 2095,2238 2122,2239 2148,2241 2174,2242 2200,2244 2226,2242 2252,2240 2278,2238 2305,2239 2331,2241 2357,2243 2383,2244 2409,2244 2435,2244 2462,2244"/>
                <TextEquiv>
                    <Unicode>Kiben, Fräuln.</Unicode>
                </TextEquiv>
            </TextLine>
            <TextLine id="tr_1_tl_3" custom="readingOrder {index:2;}">
                <Coords points="1238,2360 1275,2355 1293,2372 1335,2360 1347,2370 1367,2360 1397,2372 1434,2357 1444,2367 1471,2367 1471,2298 1446,2293 1419,2305 1399,2295 1322,2315 1273,2288 1238,2286"/>
                <Baseline points="1251,2358 1279,2358 1307,2358 1335,2358 1363,2358 1391,2358 1419,2358 1447,2358 1475,2358"/>
                <TextEquiv>
                    <Unicode>eA nI1</Unicode>
                </TextEquiv>
            </TextLine>
            <TextLine id="tr_1_tl_4" custom="readingOrder {index:3;}">
                <Coords points="904,2521 1117,2499 1265,2568 1525,2489 1716,2565 1823,2496 2588,2528 2588,2442 2333,2392 2172,2447 1931,2419 1818,2459 1639,2414 1533,2449 1429,2387 1238,2365 904,2407"/>
                <Baseline points="918,2496 1001,2496 1085,2496 1169,2490 1253,2490 1337,2490 1420,2490 1504,2490 1588,2490 1672,2490 1756,2494 1839,2496 1923,2496 2007,2496 2091,2496 2175,2500 2258,2499 2342,2499 2426,2502 2510,2502 2594,2496"/>
                <TextEquiv>
                    <Unicode>preilich lagst sich da nir rachen. Ich hab</Unicode>
                </TextEquiv>
            </TextLine>
            <TextLine id="tr_1_tl_5" custom="readingOrder {index:4;}">
                <Coords points="1095,2630 1169,2667 1518,2622 1716,2672 1820,2627 2239,2682 2553,2645 2553,2555 2516,2548 2323,2580 1949,2516 1771,2523 1723,2565 1575,2528 1429,2570 1095,2536"/>
                <Baseline points="1107,2622 1179,2622 1252,2622 1324,2622 1397,2622 1470,2622 1542,2622 1615,2622 1687,2628 1760,2628 1833,2623 1905,2626 1978,2628 2050,2628 2123,2628 2196,2628 2268,2633 2341,2630 2413,2628 2486,2628 2559,2628"/>
                <TextEquiv>
                    <Unicode>un Macie gsagt, dass heit gsprochen</Unicode>
                </TextEquiv>
            </TextLine>
            <TextLine id="tr_1_tl_6" custom="readingOrder {index:5;}">
                <Coords points="1000,2791 1409,2756 1597,2815 1865,2766 2073,2798 2409,2771 2409,2711 2132,2721 1793,2632 1364,2719 1000,2709"/>
                <Baseline points="1015,2749 1085,2758 1155,2756 1225,2757 1295,2759 1365,2754 1435,2754 1505,2754 1575,2757 1645,2758 1715,2755 1785,2760 1855,2760 1925,2760 1995,2760 2065,2761 2135,2766 2205,2761 2275,2764 2345,2769 2416,2772"/>
                <TextEquiv>
                    <Unicode>aen wir spricht; habe ich ihr fsast.</Unicode>
                </TextEquiv>
            </TextLine>
            <TextLine id="tr_1_tl_7" custom="readingOrder {index:6;}">
                <Coords points="807,2907 844,2892 914,2919 948,2897 973,2910 1035,2887 1144,2887 1265,2919 1295,2905 1293,2773 1211,2801 1102,2773 958,2783 926,2754 805,2778"/>
                <Baseline points="820,2886 845,2885 870,2883 896,2882 921,2882 946,2883 972,2885 997,2886 1022,2886 1048,2886 1073,2886 1099,2886 1124,2886 1149,2886 1175,2887 1200,2888 1225,2890 1251,2892 1276,2889 1302,2886"/>
                <TextEquiv>
                    <Unicode>Eahss? Ne-</Unicode>
                </TextEquiv>
            </TextLine>
            <TextLine id="tr_1_tl_8" custom="readingOrder {index:7;}">
                <Coords points="2070,2919 2224,2892 2291,2919 2422,2922 2481,2895 2612,2929 2612,2885 2486,2820 2372,2848 2283,2815 2206,2815 2167,2845 2068,2825"/>
                <Baseline points="2083,2886 2109,2888 2136,2890 2163,2892 2189,2892 2216,2892 2243,2892 2269,2892 2296,2892 2323,2892 2350,2892 2376,2892 2403,2892 2430,2892 2456,2892 2483,2892 2510,2892 2536,2895 2563,2899 2590,2903 2617,2904"/>
                <TextEquiv>
                    <Unicode>eEursantor.</Unicode>
                </TextEquiv>
            </TextLine>
            <TextLine id="tr_1_tl_9" custom="readingOrder {index:8;}">
                <Coords points="2333,3036 2474,3031 2491,3046 2533,3038 2553,3056 2630,3026 2709,3041 2709,2959 2659,2979 2615,2954 2533,2969 2454,2952 2333,2979"/>
                <Baseline points="2347,3024 2373,3024 2399,3024 2425,3024 2451,3024 2478,3024 2504,3024 2530,3024 2556,3024 2582,3024 2609,3024 2635,3024 2661,3024 2687,3024 2714,3024"/>
                <TextEquiv>
                    <Unicode>etwas verl</Unicode>
                </TextEquiv>
            </TextLine>
            <TextLine id="tr_1_tl_10" custom="readingOrder {index:9;}">
                <Coords points="2343,3222 2367,3222 2395,3241 2422,3219 2471,3236 2533,3212 2578,3236 2607,3236 2605,3098 2518,3113 2481,3088 2447,3115 2395,3093 2370,3110 2340,3098"/>
                <Baseline points="2353,3156 2378,3156 2404,3156 2430,3156 2456,3156 2482,3156 2507,3156 2533,3157 2559,3158 2585,3160 2611,3162"/>
                <TextEquiv>
                    <Unicode></Unicode>
                </TextEquiv>
            </TextLine>
            <TextLine id="tr_1_tl_11" custom="readingOrder {index:10;}">
                <Coords points="899,3402 956,3425 1015,3410 1065,3437 1119,3422 1201,3440 1454,3412 1454,3358 1414,3343 1362,3358 1213,3343 1171,3373 1057,3345 899,3355"/>
                <Baseline points="912,3415 939,3415 966,3415 993,3415 1021,3413 1048,3412 1075,3410 1102,3411 1130,3415 1157,3418 1184,3419 1211,3418 1239,3416 1266,3415 1293,3415 1320,3415 1348,3415 1375,3415 1402,3415 1429,3415 1457,3415"/>
                <TextEquiv>
                    <Unicode>Bitie, bitte.</Unicode>
                </TextEquiv>
            </TextLine>
            <TextLine id="tr_1_tl_12" custom="readingOrder {index:11;}">
                <Coords points="733,3677 1208,3695 1300,3667 1439,3700 1421,3598 1273,3623 1156,3573 968,3613 817,3563 733,3591"/>
                <Baseline points="746,3673 781,3667 816,3667 851,3667 886,3667 921,3667 956,3669 991,3671 1026,3673 1061,3673 1096,3673 1131,3673 1166,3673 1201,3673 1236,3673 1271,3673 1306,3673 1341,3673 1376,3672 1411,3669 1446,3667"/>
                <TextEquiv>
                    <Unicode>Hans Mei-ing, Aerar</Unicode>
                </TextEquiv>
            </TextLine>
            <TextLine id="tr_1_tl_13" custom="readingOrder {index:12;}">
                <Coords points="1679,3712 1902,3727 2035,3667 2179,3667 2489,3722 2593,3677 2593,3630 2449,3613 1679,3610"/>
                <Baseline points="1693,3673 1738,3673 1783,3673 1828,3673 1874,3672 1919,3669 1964,3668 2010,3671 2055,3673 2100,3673 2146,3673 2191,3673 2236,3673 2281,3673 2327,3675 2372,3678 2417,3676 2463,3673 2508,3673 2553,3673 2599,3679"/>
                <TextEquiv>
                    <Unicode>der Vinline unteem Rem.</Unicode>
                </TextEquiv>
            </TextLine>
            <TextLine id="tr_1_tl_14" custom="readingOrder {index:13;}">
                <Coords points="765,3808 1399,3888 1733,3799 2243,3843 2484,3808 2484,3714 2234,3692 2125,3737 2003,3685 1743,3702 1597,3752 1033,3675 765,3707"/>
                <Baseline points="780,3799 865,3805 951,3799 1036,3805 1122,3799 1207,3799 1293,3799 1378,3805 1464,3805 1549,3805 1635,3799 1720,3799 1806,3805 1891,3805 1977,3805 2062,3800 2148,3799 2233,3804 2319,3800 2404,3804 2490,3805"/>
                <TextEquiv>
                    <Unicode>jeiruig: Auten Arenu. Lchfstör auch nichts</Unicode>
                </TextEquiv>
            </TextLine>
            <TextLine id="tr_1_tl_15" custom="readingOrder {index:14;}">
                <Coords points="782,3945 1723,3982 2352,3935 2773,3977 2773,3888 2560,3836 2335,3890 2239,3848 1632,3895 1466,3851 1347,3908 1184,3838 782,3863"/>
                <Baseline points="797,3931 896,3931 995,3931 1094,3934 1193,3937 1292,3937 1391,3937 1490,3931 1589,3931 1688,3931 1787,3931 1886,3931 1985,3931 2084,3931 2183,3937 2282,3936 2381,3933 2480,3937 2579,3933 2678,3931 2777,3937"/>
                <TextEquiv>
                    <Unicode>arisi onein, Gewiss nicht.- Das is ja sehr schön</Unicode>
                </TextEquiv>
            </TextLine>
            <TextLine id="tr_1_tl_16" custom="readingOrder {index:15;}">
                <Coords points="929,4071 1446,4103 1728,4064 2380,4101 2454,4068 2697,4145 2820,4113 2818,4002 1701,3984 1642,4021 1384,3992 1303,4026 1189,3974 1072,4012 926,3945"/>
                <Baseline points="941,4063 1035,4063 1129,4063 1223,4063 1317,4063 1411,4066 1505,4066 1599,4063 1693,4063 1787,4063 1882,4063 1976,4063 2070,4068 2164,4063 2258,4065 2352,4067 2446,4066 2540,4066 2634,4063 2728,4063 2823,4075"/>
                <TextEquiv>
                    <Unicode>von fliien. Und die Geigen haben Sie mitgebracht.</Unicode>
                </TextEquiv>
            </TextLine>
            <TextLine id="tr_1_tl_17" custom="readingOrder {index:16;}">
                <Coords points="911,4237 1704,4202 2055,4254 2115,4207 2323,4197 2744,4242 2744,4133 2600,4108 2355,4155 2300,4111 2137,4143 2006,4101 1850,4148 1689,4106 1572,4148 911,4106"/>
                <Baseline points="924,4207 1015,4202 1106,4195 1197,4195 1289,4201 1380,4201 1471,4201 1562,4201 1654,4201 1745,4201 1836,4201 1927,4201 2019,4201 2110,4201 2201,4201 2292,4197 2384,4200 2475,4196 2566,4200 2657,4195 2749,4201"/>
                <TextEquiv>
                    <Unicode>ing: Bin 3o frei.- Ja, um Gotteswillen, Frauln</Unicode>
                </TextEquiv>
            </TextLine>
            <TextLine id="tr_1_tl_18" custom="readingOrder {index:17;}">
                <Coords points="2092,4376 2182,4378 2216,4358 2437,4408 2558,4343 2650,4358 2650,4274 2578,4272 2491,4224 2437,4220 2338,4276 2241,4249 2092,4289"/>
                <Baseline points="2106,4339 2133,4334 2161,4333 2188,4333 2216,4333 2243,4332 2271,4330 2298,4328 2326,4327 2353,4327 2381,4327 2409,4327 2436,4327 2464,4327 2491,4327 2519,4327 2546,4327 2574,4327 2601,4329 2629,4331 2657,4333"/>
                <TextEquiv>
                    <Unicode>Heerschaften</Unicode>
                </TextEquiv>
            </TextLine>
            <TextLine id="tr_1_tl_19" custom="readingOrder {index:18;}">
                <Coords points="882,4395 1050,4400 1129,4353 1565,4413 1815,4336 1899,4385 2008,4378 2008,4286 1882,4239 1654,4281 882,4252"/>
                <Baseline points="895,4333 953,4333 1012,4335 1071,4338 1130,4330 1189,4330 1248,4333 1307,4333 1366,4333 1425,4333 1483,4333 1542,4333 1601,4333 1660,4333 1719,4333 1778,4331 1837,4327 1896,4331 1955,4333 2014,4333"/>
                <TextEquiv>
                    <Unicode>Herte, St. rabet dork Nieht</Unicode>
                </TextEquiv>
            </TextLine>
            <TextEquiv>
                <Unicode></Unicode>
            </TextEquiv>
        </TextRegion>
    </Page>
</PcGts>
