3420 5464
699 1702 2776 1908 Fritzi kann gehen wir wieder mit sinander sialisrend
670 1850 2059 2006 Marie! Ja, wann du willst. Vorgen-
677 1974 2742 2159 Fritz: Morgen - morgen is Sonntag. Morgen fahr ich
886 2138 1320 2270 zum kennen.
640 2239 2300 2429 Marie: Du hast halt immer'so viel zu tun:
670 2382 2797 2522 Frita: Der Hermann fahrt auch.- Warst du schon einmal
857 2554 1506 2667 bei einem Rennen
670 2665 1196 2768 Marie: Nein.
664 2779 2760 2921 Fritz: Ich hab' eine Idee. Du könntest mit der Fini
886 2887 2742 3072 auch zum Kennen himunterkonmen. Wir könnten uns
889 3048 1572 3168 vielleicht sehen.
646 3176 2514 3313 Marie: Vielleichtz... Was tu ich denn unten?
664 3289 2739 3469 Fritz: Es sind immer so eine Menge Leut“ unten, ich
847 3432 2771 3607 habe so viel Bekannte, - da sind hundert Menschen,
849 3559 2755 3734 mit denen ich sprechen musn. Aber wir werden uns
847 3699 2731 3853 schon ein Rendez-vous geben, dass wir uns nicht
842 3803 2366 3969 verfeulen können.- Willst du hinuntert
627 3951 2485 4157 Marie: Wenn man Sie schei nirgend schen kann.
651 4094 1196 4237 Fritz: Dich.
635 4250 1482 4409 Martei No ja -dich.
