3448 4392
1039 1398 3130 1574 war auch zu grose. Sie hat die Mutter ganz allein er-
1023 1556 3055 1689 halten. Von der Tini ist das besonders h체bsch, dass
1068 1697 3154 1817 sie mit der Nizzi spazieren geht; sie vers채umt ja si-
1034 1798 3071 1947 cher ein Rendez-vous. - Nein, die Gschiht" ist aus.
1031 1929 3095 2070 - Gespr채ch Mizzi-Fritz. Das blaue Fleckerl am Himmel.
1020 2032 3146 2232 Zu betonen, wie sich Midzi ihr ganzes Leben lang aufge-
1060 2195 1462 2312 ofert hat.
1015 2331 3159 2493 In einem Gasthausgartent Eventuell kommt Fritz mit dem
1018 2472 3010 2587 Gemal und der Gemalin da vorbeil Da sehen sie Egon
1012 2576 2251 2704 und die zwei M채derln da sitzen?
