3449 5464
1070 1654 1320 1758 Kärcllih
1432 1649 1964 1779 Er Dei Walune
2001 1675 2450 1881 aine, Frand
2784 1711 3089 1873 aus dem
1070 1743 1957 1899 Richard v. Waldner, v.Be
1059 1907 1594 2019 Seisezinner.
1070 1996 3026 2191 v. Waluneri. /:35 J., sehr elegant, hibsch, kleiner
1064 2147 3102 2311 Schnurthart, Koteletts, wasserblaue Augen. Weist im
1072 2275 3107 2463 NachdemKXXXXXX er das Wort an eine Personfrichtet,
1064 2424 3117 2520 pflegt er sie scharf zu fixieren, während er im Ge-
1059 2530 3044 2684 sprich selbst nachlässig vorüberschaut. Er spricht
1077 2669 2864 2825 ins Zimmer zurück, das er eben verlassen:) ko
1083 2807 2611 2966 bals nach, kleine. Du räuchst doch mit?
1070 2937 2601 3073 Enonas Stinnne: Ich Ein gleich bei such.
1070 3044 3026 3217 v. Belding: Du Richard, die Besuche bei dir werdi.
1054 3214 1458 3337 aufgeben.
1049 3295 3141 3488 Waluner: 5of Das. dein Dank für dieses herrliche Di-
1070 3457 3026 3618 her und für das da 2. /:Offerierf ihm eine Eigarre
1083 3587 2971 3741 einer langen sc malen Oigarrensfrachtel, die auf
1054 3715 1925 3869 Rauchtischchen steht:
1064 3835 2718 4015 Balding: Die Oigarren kännst du mir zu we
1077 3960 2791 4158 rutiig weiter schicken, aber die Besuche gehr
1054 4104 2695 4260 Es ist unreinlich behaglich bei dir. Man
