2904 3368
1628 389 2339 580 30/VIII194, tschl.
455 533 2282 690 Weiring als Vater von Katharina und christine.
450 682 2467 815 Ketharina ist eine vertrocknete alte Jungfer, 40 J.
447 789 1375 912 alt, tugendhaft, fromm.
447 920 2504 1079 Christine hat Liebschaft mit einem jungen Studenten.
444 1056 1208 1176 Der Vater weins es.
439 1189 2535 1333 Weiring giebt Violinstunden, unter anderm diesem jun-
481 1325 1017 1440 ien Menschen.
510 1686 1749 1803 Ketharina Schwester des Vaters.
518 1824 1443 1947 Gespräch mit dem Vater.
518 1945 1553 2081 Merkst du dern gar nichts?
515 2041 2590 2216 Sie ist seit sieben Jahren Braut eines armen Teufels
552 2193 2653 2347 von Beamten, der es zu nichts bringt. Oder Gattin des
504 2342 1628 2452 kleinen Beamten. Jämmerlich.
504 2465 1487 2588 christine giebt Stunden.
