<?xml version="1.0" encoding="UTF-8" standalone="yes"?>
<PcGts xmlns="http://schema.primaresearch.org/PAGE/gts/pagecontent/2013-07-15" xmlns:xsi="http://www.w3.org/2001/XMLSchema-instance" xsi:schemaLocation="http://schema.primaresearch.org/PAGE/gts/pagecontent/2013-07-15 http://schema.primaresearch.org/PAGE/gts/pagecontent/2013-07-15/pagecontent.xsd">
    <Metadata>
        <Creator>prov=READ-COOP:name=PyLaia@TranskribusPlatform:version=2.7.0:model_id=50870:lm=none:date=22_01_2024_18:15</Creator>
        <Created>2023-09-27T14:36:30.864+02:00</Created>
        <LastChange>2024-01-22T18:15:31.205+01:00</LastChange>
        <TranskribusMetadata docId="1589039" pageId="60123979" pageNr="24" tsid="145632034" status="IN_PROGRESS" userId="40391" imgUrl="https://files.transkribus.eu/Get?id=WATQSXMPBTMRCOGRRZVORYVQ&amp;fileType=view" xmlUrl="https://files.transkribus.eu/Get?id=LTBLEEBDSBIOVDBGMKANLWWN" imageId="48549057"/>
    </Metadata>
    <Page imageFilename="1589039_0024.jpg" imageWidth="3345" imageHeight="5464">
        <ReadingOrder>
            <OrderedGroup id="ro_1711792336362" caption="Regions reading order">
                <RegionRefIndexed index="0" regionRef="tr_1"/>
            </OrderedGroup>
        </ReadingOrder>
        <TextRegion orientation="0.0" id="tr_1" custom="readingOrder {index:0;}">
            <Coords points="385,1640 385,4367 2751,4367 2751,1640"/>
            <TextLine id="tr_1_tl_1" custom="readingOrder {index:0;}">
                <Coords points="370,1798 728,1727 864,1762 1066,1730 1254,1783 1448,1718 1601,1760 1774,1716 2582,1710 2564,1560 2127,1569 2012,1613 1839,1577 1736,1633 1539,1636 1410,1586 1125,1680 720,1607 514,1683 373,1651"/>
                <Baseline points="385,1730 495,1724 605,1724 715,1724 825,1724 936,1723 1046,1722 1156,1720 1266,1719 1376,1716 1487,1713 1597,1713 1707,1713 1817,1708 1927,1707 2038,1702 2148,1702 2258,1707 2368,1702 2478,1702 2589,1707"/>
                <TextEquiv>
                    <Unicode>Wir sind halt bie zum Kahlenberg. so schön is ss. Sehen</Unicode>
                </TextEquiv>
            </TextLine>
            <TextLine id="tr_1_tl_2" custom="readingOrder {index:1;}">
                <Coords points="385,1904 705,1854 864,1889 1134,1851 1986,1877 2423,1830 2614,1877 2617,1701 2124,1783 1827,1724 1522,1804 1354,1751 1213,1801 964,1742 817,1815 388,1801"/>
                <Baseline points="401,1864 512,1858 623,1852 734,1852 845,1852 956,1852 1067,1852 1178,1852 1289,1847 1400,1847 1512,1847 1623,1836 1734,1841 1845,1837 1956,1836 2067,1836 2178,1832 2289,1836 2400,1830 2511,1827 2623,1841"/>
                <TextEquiv>
                    <Unicode>wir ein bissel im Fark spazieren. Gewiss ein Rendez-vous</Unicode>
                </TextEquiv>
            </TextLine>
            <TextLine id="tr_1_tl_3" custom="readingOrder {index:2;}">
                <Coords points="391,2018 446,1998 467,2015 532,1989 552,2003 599,1992 711,2006 711,1968 664,1956 579,1909 543,1933 502,1912 391,1901"/>
                <Baseline points="407,1992 433,1990 459,1988 485,1986 511,1986 537,1986 563,1986 589,1986 615,1986 641,1986 667,1987 693,1989 719,1992"/>
                <TextEquiv>
                    <Unicode>ehabt.</Unicode>
                </TextEquiv>
            </TextLine>
            <TextLine id="tr_1_tl_4" custom="readingOrder {index:3;}">
                <Coords points="385,2136 1149,2112 1436,2150 1792,2103 1927,2159 1989,2124 2400,2153 2708,2130 2711,2018 2506,1956 2294,1968 2130,2044 1898,2006 1774,2056 1651,1998 1522,2056 1278,2024 984,2071 614,1992 388,2018"/>
                <Baseline points="401,2120 516,2115 632,2115 748,2115 864,2115 980,2109 1096,2106 1211,2109 1327,2104 1443,2104 1559,2098 1675,2098 1791,2098 1907,2098 2022,2094 2138,2092 2254,2092 2370,2088 2486,2087 2602,2087 2718,2087"/>
                <TextEquiv>
                    <Unicode>Dann kondren Kon ulu Fritz. sehr lustig. Mat so ein Bümmel-</Unicode>
                </TextEquiv>
            </TextLine>
            <TextLine id="tr_1_tl_5" custom="readingOrder {index:4;}">
                <Coords points="373,2294 482,2265 573,2318 843,2253 952,2306 1034,2256 1260,2335 1501,2338 1801,2235 2227,2238 2435,2309 2726,2230 2708,2138 2526,2177 2423,2133 2056,2133 1645,2186 1451,2174 1369,2121 1002,2174 834,2118 514,2206 373,2162"/>
                <Baseline points="390,2243 507,2243 624,2243 741,2238 858,2234 976,2232 1093,2232 1210,2232 1327,2232 1444,2232 1562,2232 1679,2226 1796,2222 1913,2226 2030,2223 2148,2226 2265,2221 2382,2221 2499,2215 2616,2215 2734,2215"/>
                <TextEquiv>
                    <Unicode>tag wie frutter sinmal. Ob die zuei Müdein komnend Was macht</Unicode>
                </TextEquiv>
            </TextLine>
            <TextLine id="tr_1_tl_6" custom="readingOrder {index:5;}">
                <Coords points="385,2382 776,2397 896,2371 1049,2435 1190,2406 1172,2280 1072,2324 1005,2280 840,2253 743,2312 540,2288 449,2332 385,2324"/>
                <Baseline points="401,2377 440,2372 480,2372 519,2372 559,2372 599,2372 638,2370 678,2367 718,2366 757,2366 797,2366 837,2366 876,2366 916,2366 956,2366 995,2366 1035,2366 1075,2366 1114,2366 1154,2366 1194,2366"/>
                <TextEquiv>
                    <Unicode>denn die Fräu v. -2</Unicode>
                </TextEquiv>
            </TextLine>
            <TextLine id="tr_1_tl_7" custom="readingOrder {index:6;}">
                <Coords points="379,2526 696,2506 843,2556 905,2506 1010,2535 1686,2491 1795,2541 1953,2488 2614,2503 2617,2415 2312,2432 2042,2368 1718,2444 1483,2412 1416,2447 1234,2415 981,2447 767,2397 588,2462 382,2418"/>
                <Baseline points="396,2505 507,2500 618,2500 730,2500 841,2500 952,2500 1064,2494 1175,2494 1286,2494 1398,2489 1509,2485 1620,2483 1732,2487 1843,2483 1954,2483 2066,2481 2177,2478 2288,2478 2400,2481 2511,2478 2623,2483"/>
                <TextEquiv>
                    <Unicode>Ich bin froh, wenn ich nichts von ihr höre. Duster, lei-</Unicode>
                </TextEquiv>
            </TextLine>
            <TextLine id="tr_1_tl_8" custom="readingOrder {index:7;}">
                <Coords points="379,2653 1495,2632 1807,2682 2080,2641 2174,2702 2353,2641 2541,2653 2544,2547 2285,2520 1971,2576 1827,2532 1768,2573 1545,2541 1196,2585 908,2547 711,2591 382,2526"/>
                <Baseline points="396,2639 503,2634 611,2634 719,2634 826,2632 934,2628 1042,2628 1149,2627 1257,2620 1365,2617 1473,2618 1580,2620 1688,2617 1796,2612 1903,2613 2011,2614 2119,2612 2226,2611 2334,2608 2442,2608 2550,2617"/>
                <TextEquiv>
                    <Unicode>den schaftlich. Und der Mann. Man soll sich eigentlich</Unicode>
                </TextEquiv>
            </TextLine>
            <TextLine id="tr_1_tl_9" custom="readingOrder {index:8;}">
                <Coords points="379,2802 502,2832 731,2767 1099,2802 1219,2758 1375,2811 1701,2779 1765,2811 2168,2741 2365,2802 2705,2799 2705,2694 2450,2632 2174,2700 2080,2641 1542,2705 1219,2638 1090,2694 919,2664 693,2711 508,2653 379,2705"/>
                <Baseline points="396,2768 511,2768 627,2762 743,2760 859,2757 975,2757 1090,2757 1206,2757 1322,2751 1438,2746 1554,2746 1669,2748 1785,2745 1901,2743 2017,2740 2133,2740 2248,2737 2364,2739 2480,2740 2596,2740 2712,2734"/>
                <TextEquiv>
                    <Unicode>nieut in solche Sachen einlassen. Ich möchte sine Liehe ch-</Unicode>
                </TextEquiv>
            </TextLine>
            <TextLine id="tr_1_tl_10" custom="readingOrder {index:9;}">
                <Coords points="391,2923 875,2890 1084,2955 1181,2896 1701,2885 1845,2940 1933,2879 2188,2879 2397,2943 2517,2929 2520,2796 2256,2838 2153,2782 2015,2826 1824,2782 1642,2829 1439,2796 1243,2849 961,2805 391,2849"/>
                <Baseline points="407,2896 512,2896 618,2895 724,2894 830,2892 935,2891 1041,2889 1147,2885 1253,2885 1358,2884 1464,2879 1570,2879 1676,2879 1781,2875 1887,2877 1993,2874 2099,2874 2204,2874 2310,2871 2416,2868 2522,2868"/>
                <TextEquiv>
                    <Unicode>sie trasische Alzente, öhne Schmerzen, ohne Scheierei.-</Unicode>
                </TextEquiv>
            </TextLine>
            <TextLine id="tr_1_tl_11" custom="readingOrder {index:10;}">
                <Coords points="385,3037 1152,3020 1301,3055 1407,3023 1563,3061 1733,3008 2074,3020 2156,3067 2271,3008 2500,3005 2726,3052 2729,2935 2535,2923 2447,2970 2059,2893 1510,2979 1328,2984 1216,2923 758,2984 385,2946"/>
                <Baseline points="401,3025 517,3025 634,3025 750,3021 867,3021 984,3013 1100,3013 1217,3018 1334,3013 1450,3013 1567,3013 1684,3008 1800,3008 1917,3008 2034,3004 2150,3002 2267,3002 2384,3002 2500,2997 2617,2997 2734,3002"/>
                <TextEquiv>
                    <Unicode>Schurereien liat man nur dann nicht, wenn man nicht verliebt</Unicode>
                </TextEquiv>
            </TextLine>
            <TextLine id="tr_1_tl_12" custom="readingOrder {index:11;}">
                <Coords points="391,3190 517,3211 705,3155 846,3217 1072,3152 1292,3155 1431,3222 1754,3193 1915,3225 2318,3149 2532,3222 2708,3193 2708,3070 2623,3046 2315,3076 2203,3040 2127,3081 1995,3046 1924,3090 1716,3052 1340,3093 1046,3061 670,3108 391,3046"/>
                <Baseline points="407,3158 522,3153 637,3152 752,3151 868,3147 983,3147 1098,3143 1213,3142 1329,3142 1444,3142 1559,3142 1674,3142 1790,3142 1905,3140 2020,3136 2135,3136 2251,3134 2366,3135 2481,3135 2596,3131 2712,3136"/>
                <TextEquiv>
                    <Unicode>ist. Devor werd! ich mich hüten. as ist auch ganz gut, so</Unicode>
                </TextEquiv>
            </TextLine>
            <TextLine id="tr_1_tl_13" custom="readingOrder {index:12;}">
                <Coords points="397,3293 993,3325 1149,3275 1436,3284 1436,3190 1260,3167 1046,3222 397,3211"/>
                <Baseline points="413,3287 464,3281 516,3281 567,3281 619,3281 671,3281 722,3281 774,3281 825,3278 877,3276 929,3276 980,3276 1032,3276 1083,3276 1135,3274 1187,3270 1238,3270 1290,3270 1341,3270 1393,3272 1445,3276"/>
                <TextEquiv>
                    <Unicode>ein Gegengericht zu haben.</Unicode>
                </TextEquiv>
            </TextLine>
            <TextLine id="tr_1_tl_14" custom="readingOrder {index:13;}">
                <Coords points="391,3428 1604,3396 1977,3431 2232,3396 2670,3454 2670,3334 2514,3302 2241,3352 2147,3308 1886,3305 1733,3363 1495,3299 1278,3358 1096,3302 391,3346"/>
                <Baseline points="407,3410 520,3404 634,3404 747,3398 861,3398 974,3395 1088,3393 1201,3393 1315,3393 1428,3393 1542,3393 1656,3393 1769,3393 1883,3393 1996,3393 2110,3393 2223,3393 2337,3393 2450,3389 2564,3393 2678,3404"/>
                <TextEquiv>
                    <Unicode>Die zwei Mädein komnen. Gesprich, in dem sich bereits die</Unicode>
                </TextEquiv>
            </TextLine>
            <TextLine id="tr_1_tl_15" custom="readingOrder {index:14;}">
                <Coords points="397,3537 1613,3560 1827,3525 1883,3560 2209,3522 2503,3607 2559,3569 2741,3587 2744,3472 2494,3422 1460,3478 1328,3419 1219,3469 972,3452 890,3402 776,3469 397,3469"/>
                <Baseline points="413,3527 529,3527 646,3527 763,3527 880,3527 997,3527 1114,3521 1231,3521 1348,3521 1465,3521 1582,3521 1698,3521 1815,3521 1932,3521 2049,3521 2166,3521 2283,3518 2400,3521 2517,3516 2634,3516 2751,3521"/>
                <TextEquiv>
                    <Unicode>Verschiedenartigkeit der beginnenden Verhältnisse kundgiebt.</Unicode>
                </TextEquiv>
            </TextLine>
            <TextLine id="tr_1_tl_16" custom="readingOrder {index:15;}">
                <Coords points="379,3675 793,3660 955,3704 1022,3654 1225,3687 1475,3654 1627,3728 1856,3654 1956,3690 2162,3654 2741,3675 2741,3590 2626,3572 2506,3607 2009,3590 1948,3634 1771,3584 1680,3613 822,3572 752,3607 379,3572"/>
                <Baseline points="396,3655 513,3655 630,3655 748,3655 865,3655 983,3655 1100,3653 1218,3650 1335,3650 1453,3650 1570,3650 1687,3652 1805,3651 1922,3655 2040,3655 2157,3650 2275,3646 2392,3650 2510,3649 2627,3648 2745,3650"/>
                <TextEquiv>
                    <Unicode>Marie sehnt sich nach ein bissel liebe, fini nach ein bissl</Unicode>
                </TextEquiv>
            </TextLine>
            <TextLine id="tr_1_tl_17" custom="readingOrder {index:16;}">
                <Coords points="385,3822 1078,3816 1140,3860 1351,3786 1563,3786 1666,3845 1780,3786 2329,3781 2420,3836 2617,3845 2723,3795 2723,3739 2656,3704 2394,3725 2318,3692 2121,3748 1936,3678 1751,3734 1489,3722 1328,3663 1066,3739 385,3728"/>
                <Baseline points="401,3789 517,3789 633,3789 750,3786 866,3789 983,3789 1099,3786 1215,3784 1332,3784 1448,3784 1565,3784 1681,3781 1797,3783 1914,3784 2030,3780 2147,3784 2263,3778 2379,3778 2496,3783 2612,3778 2729,3784"/>
                <TextEquiv>
                    <Unicode>Unterhaltung. Das Gespruch geht kin und ner. Man will nich-</Unicode>
                </TextEquiv>
            </TextLine>
            <TextLine id="tr_1_tl_18" custom="readingOrder {index:17;}">
                <Coords points="385,3924 749,3927 872,3980 1063,3919 1328,3972 1495,3919 2012,3916 2209,3969 2350,3922 2441,3963 2520,3916 2608,3951 2608,3842 2538,3822 1924,3863 1554,3830 1386,3872 1331,3825 1131,3863 864,3825 696,3869 385,3854"/>
                <Baseline points="401,3918 511,3921 622,3918 733,3918 844,3918 955,3918 1065,3918 1176,3916 1287,3912 1398,3912 1509,3912 1619,3912 1730,3912 1841,3912 1952,3912 2063,3912 2173,3912 2284,3912 2395,3912 2506,3907 2617,3918"/>
                <TextEquiv>
                    <Unicode>stens aufs Land, wird die Mädeln suon verständigen. Ge-</Unicode>
                </TextEquiv>
            </TextLine>
            <TextLine id="tr_1_tl_19" custom="readingOrder {index:18;}">
                <Coords points="423,4080 549,4057 705,4118 952,4054 1248,4127 1542,4051 1692,4130 1930,4045 2667,4060 2670,3927 2562,3974 1939,3936 1718,4004 1589,3963 1480,4001 1237,3936 981,3995 755,3930 423,3998"/>
                <Baseline points="440,4051 551,4051 663,4051 774,4046 886,4046 998,4046 1109,4046 1221,4046 1333,4046 1444,4046 1556,4046 1668,4046 1779,4051 1891,4044 2003,4044 2114,4040 2226,4046 2338,4042 2449,4040 2561,4042 2673,4051"/>
                <TextEquiv>
                    <Unicode>spruch über die Wohnung Märiens, Aussicht auf Ducner und</Unicode>
                </TextEquiv>
            </TextLine>
            <TextLine id="tr_1_tl_20" custom="readingOrder {index:19;}">
                <Coords points="385,4215 2253,4183 2415,4230 2688,4186 2688,4098 2517,4148 2124,4071 2006,4115 1898,4083 1827,4130 1645,4086 1542,4136 1196,4092 946,4101 899,4139 781,4095 385,4118"/>
                <Baseline points="401,4185 515,4185 630,4185 745,4181 859,4174 974,4180 1089,4180 1203,4180 1318,4180 1433,4180 1548,4174 1662,4174 1777,4174 1892,4174 2006,4174 2121,4174 2236,4174 2350,4174 2465,4174 2580,4174 2695,4180"/>
                <TextEquiv>
                    <Unicode>Berge. Ueber Tini's Wohnung. Sie ist bei ihren Eitern. sie</Unicode>
                </TextEquiv>
            </TextLine>
            <TextLine id="tr_1_tl_21" custom="readingOrder {index:20;}">
                <Coords points="423,4350 1231,4336 1530,4400 1707,4324 1909,4348 2127,4309 2250,4394 2582,4392 2585,4233 2435,4212 2359,4254 2047,4218 1845,4286 1648,4245 1237,4245 1137,4283 426,4251"/>
                <Baseline points="440,4331 547,4331 654,4335 762,4336 869,4336 977,4336 1084,4336 1192,4336 1299,4333 1407,4331 1514,4325 1621,4325 1729,4321 1836,4314 1944,4314 2051,4311 2159,4308 2266,4307 2374,4303 2481,4303 2589,4308"/>
                <TextEquiv>
                    <Unicode>hat etn Verhaltnis oder zwei gehabt. Gesprich über die</Unicode>
                </TextEquiv>
            </TextLine>
            <TextEquiv>
                <Unicode></Unicode>
            </TextEquiv>
        </TextRegion>
    </Page>
</PcGts>
