3288 4264
960 1343 2985 1502 Sie wird dich nehmen, Franz, dafür lass' mich sor-
1029 1494 2049 1614 gerl - und bald auch noch.
837 1601 2755 1732 St: Du darfst ihr nichts sagen, ich will nicht.
837 1713 2961 1910 B. Schau, franz, ich hab' ja auch Augen im Kopf. Die
1032 1872 2203 2028 christin is ein braves Städel.
837 1997 2958 2159 St: Du sollst nix reden, ich hab' dich drum gebeten.
837 2134 2260 2268 B: Sie musst sich ja gratulieren.
837 2252 2876 2411 St: Ia, sie könnt's schleclter treffen, das is si-
1040 2400 2487 2553 cher. - Aber ich muss gehen, Eduard.
1007 2506 2952 2682 Ich hab' ja noch Zeit, ich begleit“ dich ein Stü-
1043 2646 2922 2807 ckerl. - Ah, is das nicht der Herr Weiring, der
1045 2780 2914 2944 da sitztt... Freilich! - Huten Abenu, Herr Wei-
1051 2939 2104 3054 ring. Iiuner fleissig, wasl
813 3010 3007 3196 Weiring: Natürlich. - Guten Abend. (:Er liest weiter:s
892 3182 1844 3341 /:B. und St.gehen vorbei:)
821 3275 2931 3445 Kurze Pause. Kinder aurch die Allee. Das Publikum des
859 3442 3010 3582 Gartens auf den Bänkeii wechselt. Die Strahlen der Son-
865 3563 2274 3738 ne fallen sähräger. Lange Schatten.
859 3699 2884 3825 2.Auftritt. Weiring, Der klein- Karl und Katharina
829 3809 2950 3998 koruaen. Gespräch in bekannter Weise.- Ueber den Vater-
