2824 3416
2018 340 2440 482 27/VII. 94.
424 620 2455 783 Stecher, Binder kommen durch die vordere Alles spä-
424 780 738 914 zieren.
419 879 1981 1034 Binder: Also gehst du jetzt schon hin?
380 997 2487 1162 Sterer: Ja freilich, ich muss ja früher, dort sein.
618 1133 2529 1301 Ich werd' euch auch einen Tisch reservieren las-
626 1298 1581 1406 sein, werm's möglich ist.
414 1424 2508 1550 Biner: Der Lehnersaal is ja gross; wir finden schon
631 1523 1874 1665 einen platz; bemiht dich nicht.
424 1680 2492 1822 St: Aber ich glaub, es wiru heut sehr voll werden.
633 1790 1981 1911 -Du konmst also mit der Frau hin?
594 1892 2479 2068 Ja, freilich. Ich bitt, dich, das muss doch die
626 2034 2510 2204 Weiber interessieren, wenn sie über sich selber
633 2191 1536 2330 was zu hören bekommen.
615 2303 2565 2463 Na ja. Freilich, über sich selber wird sie ja ei-
429 2335 576 2432 St:
626 2440 1997 2576 gentlich nichts zu hören bekommen.
573 2568 2549 2720 Auf dem Programm steht's ja: nranz Stecher: Eini-
626 2709 1887 2856 ge Bemerkungen zur Frauenfrage.
639 2819 2563 2979 Deine Frau hat ja die Frage gelöst. Sie hat dich
440 2871 576 2966 St:
628 2929 2494 3141 geheiratet, und es geht ihr ganz gut.- Ich habt
