3464 4408
1030 1425 3165 1562 III. Im Zimmerg Mariens. Der Bub will Bücher lesen. Da
1022 1519 2527 1697 kommt. die Tini zu ihr. (:Abendblatt:).
1030 1667 3084 1812 Der alte Herr. Nehmt ihnen doch nichts weg. Schlecht
1022 1791 1742 1944 wirds jedenfalls.
1014 1931 2764 2076 Liebesszene. Hast du einen pummer? -0 nein.
1022 2065 3009 2213 Alter Herr: Die Menschen machen sich das Leben so
1022 2216 2417 2310 schwer; ich hab' das nie begriffen.“
1016 2345 3057 2476 Marie wohnt bei der rrau Weiler, deren Mann Versamm-
1022 2468 3022 2616 lungen besuchend. Sein nreund jung, ziemlich begei-
1019 2613 2503 2740 stert, der sich in die Marie verliebt.
1019 2718 2955 2888 Der alte Herr giebt dem kleinen nrnz zum Vergnüger
1019 2874 1361 2966 Stunden.
1019 2966 2794 3122 Marie näht feine Stickerei zuhause. Der Mann 1
1022 3111 2627 3280 einmal zu Marie als Freiwerber für seinem
1019 3347 3028 3514 I. Im Park. Exposition. Die zwei jungen Männer, die
1011 3493 3033 3665 sich leichte Abenteuer suchen. Lächerlich, ernst zu-
1008 3622 1772 3778 nehmen. Landpart ie.
1006 3762 1584 3891 II. Bei Marie.
1008 3866 3170 4049 III. Jungesellensouper bei Fritz. Es wird gestört durch
1059 4017 2979 4189 einen Brief von jeger Frau: der Mann weiss alles.
