3480 4424
721 1275 3041 1509 „Bild. -Weidling am Bach. Frühl ingsstimmung. Gegen Mend.
715 1468 1829 1633 Fritz, Marie, Egon und Tini.
710 1581 2816 1754 Gespräch über den weg. Schön war's da durch den Wald.
721 1705 2888 1881 Marie geht so gern unter den grinen Blättern spazieren.
715 1869 1725 2019 Also jetzt essen wir was.
715 1994 1656 2149 Butter, Schinken, Bier.
724 2146 1189 2276 Nein, wein.
730 2213 3035 2415 Der Kellner. /:Fritz: Ich kann dir nicht so viel Zeit wie-
767 2435 966 2536 men:
736 2458 2833 2669 tini ist sehr fidel, springt herum. Ah was, die Leutl
733 2608 2957 2813 Marie: Aber wer die hübsche Dame war, bei der du in der
736 2741 2412 2902 Loge warst, hast du mir doch nicht gesagt.
747 2865 2972 3067 Kümmre dich nicht. Du musst mich überhaupt nicht so viel
765 2966 3049 3176 fragen. Wenn ich sage, ich kann nicht kommen, so füg' dich
788 3139 2729 3306 drein. Schau, das ist ja grad das Schöne bei uns.
753 3243 3023 3427 Merie: Na ja, du hast schon recht, bist wie der Prinz im
756 3390 3018 3586 Marchen. Aber siehst du, dass mir wohler ist, wenn ich bei
756 3505 2992 3727 dir bin, als wenn ich allein bin, das darfst du mir doch
756 3641 3015 3820 nicht übelnehmen. Was machst du denn übermorgen, sonntagl
779 3797 2481 3950 —zum Rennen geh' ich. Ihr könnt auch gehn.
