3449 5464
1010 1462 2091 1738 Mast de o1o behon
1278 1667 2885 1873 er Hein. Nach so einem aecident.. Sag!
1307 1796 1859 1986 chard, du mette
1880 1825 2193 1972 st auch
1013 1938 1341 2091 Weldner:
2330 1930 3064 2091 den hein Totalisa-
1562 1962 2249 2091 Aer nur zu Lehn(
1904 2170 3119 2370 zu interessieren sich aber sehr
1599 2314 2325 2464 nnen, nicht wahre
1478 2449 3132 2619 1a kennen eigentlich nicht. Aber das Frei-
1205 2583 3032 2769 ben unten hat sehr viel Reiz: für mich. Als Ri-
1215 2722 2378 2901 chard noch seine Pferde hatte
1055 2843 3038 3038 Fischzr: Den Ganymed II. hättest du dir bchalten,
1210 2956 3109 3148 sollen. Du wirst dich schon irgern, wenn der das
1205 3124 2262 3293 noraueutsche Derby gewinnt.
1007 3238 2888 3411 Waldner: Der Teleky wird ihn ja gar nicht mitge
1197 3359 1515 3532 Lassen.-
1007 3461 3111 3666 v. Fiscler: Claubstl Erst heute hat sr ihn bei Miller
1210 3632 2404 3790 25:l mit 1000 Sulden genommen.
992 3742 3061 3895 Waldneri ganz gut, dass er die 1000 quiden verliert
1210 3895 1759 4055 unu nicht ich.
992 4013 3101 4179 Ema: (:ist aufgestanden und ist zu Branit hinüberge-
1220 4176 1515 4334 engen:
