3480 4424
1027 1493 2013 1650 I. Zusaumenkunft im Park.
1032 1634 3058 1754 II. Bei Marie. Vorher rrau Weiler, der kleine Franz,
1027 1741 3146 1909 u.s.w. Eine Dame, die Aufträge giebt. Fritz, offiziel-
1037 1888 2842 2026 le Einladung für morgen nach Weidling am Bach.
1037 1997 3178 2152 III. Waldrestauration. Alle zusammen machen die Partie
1149 2146 2928 2277 verlieren sich. Dann kommen auch die Andern.
1072 2269 3085 2437 IV. Junggesellensouper. Nicht ernst nehmen. Eben ist
1051 2432 1688 2570 SIE weggegangen.
1043 2530 3101 2693 v. Bei Marie. Frau Blasch ihr Vorwürfe machend. Herr
1032 2656 3026 2810 Bl. als Freiwerber kommt. Zu spät. Lächerlich. Der
1048 2784 3186 2938 Herr Professor. Tini liest das Abendblatt vor. Endlich
1045 2952 2232 3090 kommt Fritz. Egon wird kommen.
1051 3042 3106 3218 VI. Vor dem Haus. Oft hab' ich den Herrn dort warten
1043 3231 1392 3375 gesehen.
