3224 4232
943 1253 2822 1492 den Riaker wartén lägst. o, er bewegt sich har-
874 1481 2027 1627 den Grenzen der Aristokratie.
872 1693 2268 1911 Die zwei Kinder, die Zeitung Ifsen.
874 1980 1381 2194 Aberglauben.
872 2234 2997 2396 Gesprach Tini-Egon, in dem Tini ganz naive Zeichen ih-
888 2372 2923 2512 rer liebe für Egon angiebt. "Denk dir, gestern habt
874 2488 2825 2679 ich von dir träumt. Wie das nur kommt?“ Oder: Da
906 2647 2263 2759 hab' ich mich so nach dir gesehnt.
880 2735 2984 2902 Egon: Das ist offenbar liebe. Na ja, was soll's denn
885 2899 1423 3085 Anderes sein?
880 3151 1582 3318 Hermann: Madame!
872 3413 2502 3572 Man weiss es immer, man glaubt es nur nie
893 3652 2987 3840 Richtiger standpunkt bei Beurteilung einer geliebten:
893 3819 2062 3964 sich als den Nächsten denken.
