3531 5464
823 1576 2330 1758 Leut reden so bald.- Nicht bös sein.
643 1732 2710 1903 Fritz: Aber was fällt Ihnen ein.- Aber ich hab' mir
815 1843 2731 2004 halt eingebildet, ich muss Sie heute noch sehen-
828 1969 2560 2156 Ja, Marie, Ich habe mich nach Ihnen gesehnt.
643 2101 1329 2249 Marie: Wirklicht
635 2230 2655 2391 Fritz: Ich hab' zu Ihnen müssen. (:Sieht sich um:
838 2357 2726 2528 Ich bin auch zuerst in der Allee gewesen; wo ir
857 2507 2610 2676 neul ich miteinander spazieren gefangen sind.
830 2628 1553 2776 Erinnern Sie sicht
2175 2626 2499 2800 231411.
815 2742 2684 2905 Und von dort bln ich eben da her. Es war ja ei-
828 2895 2673 3053 gentlich ganz selbstverständlich. Ich geh’ auch
823 3042 1376 3214 gleich wieder.
638 3092 2758 3311 Mlarie: aber zuerst gotzen Sie sich auf ein paar sinu-
823 3303 2626 3506 ten. Es is nar, dass Sie mir den Schlaf nicht
815 3451 1236 3556 wegtragen.
614 3506 2689 3722 Fritz: Also da wohnen siez Da ie’'s ja wunderhübsch.
620 3696 1091 3862 Mar e: Na!
620 3807 2228 3986 Fritz: Wer is denn der Herr auf'n ofent
614 3939 1719 4126 Marie! Das is der Schiller.
633 4062 2731 4236 Fritz: Wasl der Schiller? - /:Leuchtet mit der Lam
809 4207 2731 4405 pei/ da, es ie währ.- Und hierl... Ja, wie kann
