3480 4440
1019 1501 1338 1672 II.Bild.
1019 1596 2837 1751 Fritz tritt ein. Ueberraschung, dass er kommt.
1019 1757 2046 1902 Richard: So selten jetzt.
1019 1854 3026 2041 Fritz ist wenig gesellig. Mit der Advokatie zu tun.
1038 1999 2955 2152 -Balding und Fischer. Ja, Whistpartie. Man setzt
1027 2147 1870 2268 sich zum Kartenspiel.
1032 2273 2326 2407 Ennna: Kormen Sie, plauschen wir.
1025 2368 3024 2547 Warum warst du nicht dort? Ich habe eine Stundege-
1027 2547 1320 2676 wartet.
1030 2663 2452 2787 Du weisst, ich habe verpflichtungen.
1017 2760 3045 2952 Hättest du keinen Besuch gemacht. Das macht mich zu
1030 2931 1330 3045 nervös.
1027 3045 2336 3192 Du bist schauerlich unvorsichtig.
1032 3163 3153 3319 Ja, richtig, wie ich neulich im wagen sass und da hin-
1032 3300 3008 3442 aus fuhr, hai mich Balding gesehen. Ich habe meinem
1032 3419 3100 3587 Mann für alle Fälle sagen müssen, dass ich spazieren
1035 3587 1570 3735 gefahren bin.
1038 3703 1683 3848 Das ist zu dumm!
1048 3829 1830 3972 Ich musste vorbauen.
1264 3953 2033 4069 wann sehen wir uns w.
