3320 4280
958 1205 2905 1409 Christé Adteu. (:Küsst den Vater:/ Adieu, Frau
1097 1367 1357 1468 Binder
948 1457 2982 1638 Weir: /:langsam, ihr nachschend:) Adieu, Christin“.
932 1591 2459 1756 4. Auftritt. Katharine, Betty, Weiring.
930 1743 3000 1898 Kath: Das is ja jetzt eine sehr intime Freundschaft
1082 1854 1854 2021 mit 'n Fräuln Nizzt.
922 1998 1321 2130 Weir: Ja.
914 2130 2861 2299 Betty: Ich bin froh, dass die Tiri eine Ansprach
1079 2256 2974 2436 nat und nicht in einem fort zuhaus bei uns alten
1063 2392 1607 2544 Leuten sitzt.
901 2529 1831 2673 Kath: Na ja, freilich.
901 2657 2938 2827 Betty: Was hat denn das Mauel eigentlich von ihrem
1048 2812 1313 2907 Leben?
881 2881 2910 3111 kath: Na jä, wir armen Leut' müssen uns halt plage
1045 3077 2266 3183 ob jung, ob alt, es is schon we
883 3180 2057 3348 Weir: Es tut, mir manchmal we-
1045 3329 1983 3479 komm' von der Prob' und
1030 3463 2047 3613 Nachmittag, kaum' stehn u.
1035 3592 1906 3718 sie sich schon wieder
863 3687 1777 3878 kath: Die Millionäre1
1653 3832 1864 3978 va5 1
1027 3852 1707 4007 unsereins. Aber u
1020 4009 1318 4120 Singenz
