3479 5464
2362 1560 2942 1733 erügen wrieden.
1141 1543 1774 1762 Aott
848 1704 2813 1887 christ! pe war ja doch nur die Sorgr um mich. ich
1370 1845 2852 2018 misr, sie hat gemusst, dass sie st hal-
1038 1887 1311 2016 Glaubi
1019 2008 1562 2152 Kiniher muss.
834 2116 2788 2294 Kath kan muss es halt tragen. Das is schon so
1029 2262 2052 2423 die alten Leut“ steiben mir
2264 2284 2559 2511 rono:)
1882 2374 2221 2528 ist einig
1097 2403 1721 2559 Deim Pienins.
1950 2503 2230 2650 achst d
1053 2537 1636 2667 Wirst aukhöre
880 2637 1940 2818 hrist: Geh, lana ihn doch-
1109 2747 2113 2903 Du ruinierst ja in. Fräule
2152 2701 2820 2896 christin das Ktad
1065 2891 2988 3047 hast vielleicht schon genug in deiner Sparkagse.
1041 3013 2837 3191 dass dus föhlen kanneti - Alsdann gruss dich
1757 3135 2935 3327 nad, dass du nicht mirkomnst:
1280 3205 1636 3315 Christin.
1228 3276 2935 3432 nicht wahr, das Billet ins Theater hast di
1097 3420 2728 3586 ion dem rreanu vom Herrn Meiring bekonnene
1826 3539 2862 3688 und vom Herrn Weiring: Stur
899 3583 1714 3744 hrist: das is kein:
1097 3686 2728 3866 iat er einmal bein Herrn Weiring genommen.
1133 3829 1957 3968 Ein hübschef diensch.
1099 3927 2959 4139 t: (:etwas verlegen:) Er hat die Karten selber
1094 4119 1826 4280 Ersckenkt gehriegt.
