3531 5464
411 1642 2218 1840 Marie: Jetzt möchte ich Sie aber was Tragen..
427 1770 2005 1949 Fritzé Dich - sonst antwort ich nicht.
427 1909 2549 2088 Maris: Also dich möcht ich was fragen. - Sie haben-
435 2048 1093 2189 Fritz: Du hast-
405 2146 2485 2349 Marie: Du hast doch gesagt, dass Sie.., das du heut
600 2314 2365 2474 keine Zeit hast - und jetzt bist du doch da-
411 2440 2525 2618 Fritz. Ich hab auch keine Zeit gehabt. Ich hätte wo-
597 2549 2184 2738 sein solien, bin aber nicht hingsgangen.
411 2693 997 2861 Marie: Warum2
405 2813 2552 3016 Fritz: Ich hab' dir's ja gesagt: ich hab' zu dir mus-
589 2952 2082 3122 gen. Ich hab: dich eben schen wollen.
389 3072 2485 3301 Maris: Wo hätten Sie... wo hättest du denn sein sol-
392 3303 2458 3506 Fritzi Geh, frag nicht: Das is ja so gleichgüitig.
571 3485 2432 3639 Kümmer dich überhaupt nicht um meine Existenz.
573 3602 2432 3791 Wenn ich komme, bin ich bei dir; und alles ist
565 3735 2522 3909 weit, weit weg.- Ja, das machen wir überhaupt aus
584 3893 1746 4026 mit einander: nie was fragen.
371 3986 2464 4183 Marie: Willst du mir auch nicht sagen, wer die Leute
563 4130 2370 4277 waren, mit denen du damals in der Iog' wärst?
