3448 4456
844 1442 3164 1640 hat sie's nie gehabt. Ein bisschen eifersüchtig ist sie auf
870 1562 2344 1760 die Frau, bei der er in der Toge war.
832 1702 3173 1894 Bei Fred. Emme wiitend. Das gehit nicht so weiter - unmöglicht
844 1833 3149 2011 Sie brechen. Wie sie wirtend wegziaht, kommt ihr Mann mit ihr
829 1961 3135 2180 nerein. Wollen Sie diese da heirätent Neini Er schlägt ihm
841 2110 1325 2239 ins Gesicht.
829 2242 2989 2405 Der Freurid, Ernst. Es werden die Bedingungen des Duells
838 2358 2790 2519 vereinbart. Jetzt, wo sie mir so gleichgiltig ist.
858 2487 3091 2665 Bei Anna. Anna hat für heute Abend beide zu sich geladen;
832 2618 3024 2802 sie kocht sehr gut. Wie sich heute rred hier so heimisch
832 2755 3132 2939 fühlt, wie nie zuvor. Er ist fast glücklich. Ernst geht mit
811 2872 3141 3059 Tini auf den Ball. Sie betrügt ihn übrigens schon. Er hatte
855 3006 2049 3138 es der rini schon versprochen.
823 3149 3056 3322 Vor dem Hause Fred's. Anna kommt mit prnestine, ein Wagen
826 3275 2948 3435 fährt vor. Sie ist aufgeregt, will zu rred. Traut sich
808 3392 3129 3564 nicht. Hier wohnen ja seine Eltern. Wie sie erführt, er hat
806 3546 3082 3716 sich duelliert: Na, wahrscheinlich wegen der rrau. Die ge-
841 3631 3123 3838 scheite Ernestine, die ihr sagt: Sixt es, nit amal sterben
808 3774 3082 3955 tun s’ wegen uns! rred lebt noch, wie er im Flaker- vorbei-
794 3932 3117 4080 fährt. Da kommt Ernst heruniter. Sie: Ja, wegen was denn hat
814 4045 2954 4203 Ech Auelliert? Wegen mir nicht, wegen einer Anderni
