3479 5464
501 723 777 922 11111
744 1575 1271 1754 Karfe: tch-
752 1723 1976 1857 Rd: Möchten Sie vielleicht dem
2079 1676 2787 1890 anz erlacben, weil
919 1852 2570 2051 er selon da is, die in Person einzuladend
733 1999 2722 2177 Kath: Aber schau, Eduaru, du bringst ja die Marie
984 2133 1934 2278 irklich in Verlegenkeit.
710 2260 1322 2394 Marle: Onein.
919 2366 2701 2528 Dazu wäre auch kirklich keine Ersacht. - Gehr
943 2500 2709 2683 Karl, der Herr stecher soll aur einen Moment
925 2647 1472 2810 herüberkommen.
919 2931 2841 3063 zu Kath:/ Ich weiss nicht, was du haben willst;
909 3055 2885 3213 Kathrin. Verlegenkeit... Verlegenkeit... zufischen,
914 3164 2877 3362 zwei lieuten, die sich drei oder vier Jahr kennen.
909 3313 2740 3497 Nichit wahr, Fräuln Mariel Es is rein; als wäre
919 3432 2815 3618 irgendwas vorgefallen zwischen Ihnen. Früher ha-
919 3564 2678 3724 ben sie sich doch so gut mit einandergeredt.
721 3701 2799 3889 Franz Stecher: (ikonmt:/ Habe die Ehre, guten. Aband,
896 3840 1428 3982 Frauln Marie.
697 3941 2079 4122 Marie: guten abend, Herr Stecher.
692 4119 2115 4274 Stecher: Der Karl kat mir g'sagt...
687 4233 1738 4406 Rd: Es scho recht, franz.
