3531 5464
723 1680 2594 1863 man denn so einen Riesenschädel auf den Kasten
729 1791 1081 1942 stellenz
511 1924 1813 2067 Marie: Jä, wo soll er denn hind
506 2051 2358 2263 Fritz: Ganz hinaus. Er passt ja nicht herein.
511 2184 2584 2390 Marie: Das is aber inner bei uns gestanden. Den habe
692 2300 1195 2454 ich so gein.
496 2443 2624 2650 Fritz! Da ie eine Bibliothek... (:Will nach den Bü-
700 2568 1285 2753 ener greifen:)
488 2706 1031 2830 Marie: Hein.
480 2812 1985 2994 Fritz: Warum dennd - Lesen Sie vieli
464 2957 2586 3130 Märie: Ich komm wenig dazu. Ich les sehr gern. Die
647 3074 2536 3307 Bücher da hab' ich alle schon Lehn Mal gelesen.
477 3214 1595 3376 Fritzs Platen.. Schiller.
461 3323 2157 3527 Marie: Der hat schöne sachen geschrieben.
458 3487 2570 3673 Fritz: O, sehr schöne. - Künstliche Blument..: Hein,
644 3612 2184 3800 nein: die schen auch so verstaubt aus.
424 3739 1818 3909 Marie: O, da is kein staub drauf.
453 3869 2512 4060 pritr: Mer künstliche Biunen sehen inner verstaubt
631 3994 1760 4168 aus.- Die musst du weggeben.
405 4139 1359 4293 Marie: /:sieht ihn an:)
