3382 5464
219 678 464 880 111
883 1602 2797 1765 der sie hütt hairaten yallen, war weit und breit
984 1736 2756 1910 hts. zu sehen.- Na, und sie ist immer bav ge-
1717 1871 2571 2030 ja das so Fest eingen
991 1873 1691 2015 eben. Ich hab: ihr
2400 2027 2771 2136 e Notwen-
979 2027 1770 2116 war überzeugt, es i
1085 2124 2802 2282 it, dass sie brav -o so brav! - bleibt. Sie
890 2266 2516 2424 war sozusägen mein Stolz, und ich glaube,
1570 2403 2595 2544 ehabt. Dogar dankbar war s
921 2407 1150 2585 1cR. 17
1176 2403 1506 2532 E
1267 2532 2434 2684 einmel, wie sie wier- oder Ein-
2477 2535 2785 2646 undzwen-
878 2648 2710 2811 4i6 Falir war, da liat's ein bissl mit der Dank-
883 2783 2708 2896 barkeit gehapert. Weien einem jungen Mediziner.
878 2934 2684 3035 Und darii, wie sie sechs- oder siebenundzwanzig
928 3030 2701 3187 Jalir war, da hat sie sich einmal sehr heftig
1058 3153 2790 3321 letnt und hat plötzlich am Abend allein spa-
883 3288 2727 3420 Eieren gelien wollen.- Aber dann war sie mir nur
866 3437 2799 3569 umso dankbarer und hat immer eingesehen, dass ich
895 3557 2792 3682 Ur Schützer, ihr Retler war. Und so is sie brav"
844 3706 2730 3850 und ineuer brav geblieben, und eines shönen Tags
866 3829 2751 4002 hat sie Runzeln und Falten gehabt, und die schä-
890 3944 2660 4108 ieil schwarzen Maar waren grau, und das liebs
1022 4096 2768 4257 rie Mädel war eine alte und still» Person und
