3345 5464
604 1646 1477 1800 her, 3st an die Zeit.
613 1740 1554 1880 Wie hat''s denn gecraste
619 1844 2936 2060 Es ist Aenu geroruen una Fritésescheint. Man ist anfangs
619 1962 2927 2140 ergesrocken. Er komnt in offizieller Iission. Morgen Sonn-
625 2099 2886 2273 tag wollen Egon und Er die Dauen im Fiakef aufs Land suh-
610 2389 2836 2572 Da wärt ja das Beste, wir gingen alle zusamnen stc. ste.
699 2495 2975 2700 Er ist dann allein mit Marie. Er sicht mit naivem Vergnu-
660 2620 2975 2791 Esn das (aule. Zinmer an, die Biblistack, die Busten, elles
642 2812 1018 2951 mügliche.
1178 2821 2850 3037 Nor ne denn die Daus noulien im phsatert
625 2948 995 3090 S1s Tr3EI
702 3028 2179 3200 Eine Fraud sch weiss gar nicht mehr.
613 3161 1447 3324 Wokin gelst au neutz
613 3265 2990 3469 Schial, Wind, nicht frägen; das ist die allereiste Besingung.
625 3422 2951 3617 Ich komme, ich bin da, - ich gehe und ich bin fart. Das ist
699 3573 1391 3694 grad das Schöns.
630 3635 2472 3830 so wirst, du einmal aus meinem Leben fort sein.
625 3786 2993 3996 Ich splel' jk noch nicht sinmil eins Rolle, ich bin ja noch
625 3960 1569 4117 nichts in aeinem Leben.
625 4076 2063 4230 und doch liebe ich nur dich allein.
636 4206 1948 4407 Hebt au mich denn wicklichgerne
