3479 5464
1081 1637 1603 1773 mir üerüberko-
1060 1707 2788 1901 mit der Violini - Gort; das is. aber schiad.
1749 1858 2857 2005 dabei sein kannt thr spielt
1068 1906 1590 2037 dass ich dar
1089 2002 1882 2173 wieder was zusamment
1046 2165 1592 2306 st: pretlich.
1137 2231 2889 2436 Du spielst aher munderschön. Ich war neulich
1097 2402 2673 2567 anz wag, so schön habt Ihr das mit eina
1078 2548 1792 2713 siteli, das Ductt.
911 2615 2838 2838 curist: Ich känn. ja jar nichts. p ei oder vier I
1084 2806 2242 2963 hab ich nicht mehr grspielt.
972 2897 2963 3096 th. Dass du dir da noch alle Noten so gul gemerkt
900 3168 3041 3352 christ? Die Mutter - meine äine Mutter, dis hat einen
1105 3302 2689 3456 körmlichen Hass aufs Mlavierspielen geha
2524 3416 3043 3570 vor vier Fah-
1105 3429 2090 3605 wur gleich die erste Prei
2178 3443 2524 3578 nis; wie
2686 3560 3057 3704 Lavier in
1105 3584 2079 3757 ren der Vater gestorben
2292 3570 2668 3712 18s wirs1
2516 3653 2990 3821 mar 1a let-
1097 3717 1994 3874 die Leihanstalt geschi
2165 3722 2471 3903 näben. M
1068 3829 1680 4020 -der notwendig.
2463 3869 2961 4114 oin bissert
1030 3980 2143 4161 th. Na, ich danke mir dockim
1110 4103 2886 4281 besser hättet Ihr doch schon leben duren, die
