3390 5464
1916 1540 2618 1766 üle mit alsser sed
673 1657 1848 1804 neim es ginge, möchte er noch
644 1725 2701 1919 Ausrika. Früte hat sopar Skrupel, ob er Marie verrih
2445 1848 2986 2001 lerer, und das
644 1907 1866 2075 soli. Egon beruhigt Um:. Besser
2419 1975 2801 2186 1st, Ist
664 2016 1990 2233 ist so gut wis unvermeidlich. Dase
679 2142 1178 2339 seine Zufall.
2615 2269 2877 2392 ander.
673 2292 2216 2430 un kommen die Leiden Madeln. Man setat
2618 2363 2898 2548 HeL Nst
652 2413 2154 2601 seid ikr denn gar nicht müde Morgen we-
2457 2507 2912 2695 eht, eiteit
667 2542 2342 2736 mir nachtmahlen. Hast du ienn nicht die Seh
667 2648 2936 2859 zu sellen, wie ich pohmet Teht habt aich so wahnsinnig lieb.
667 2842 1813 2956 Gespräch, das glutiender wird.
676 2927 2898 3106 Es wiru so apringiert, dass die zwei paare sich trennen,
708 3056 2113 3247 rivi u.karie bleiben allein zurück.
655 3262 2939 3491 Bei Fritz. Gespräch Fritz und Fron. pritz fängt an, über-
699 3415 2965 3600 nervös durch sein Vernültnis mit jener Frau zu werden. Er
699 3568 2874 3744 wird unbedingt brechen. Mol um Marie allein zu liebene
691 3694 2901 3876 nein, die Liebe ich ja gar nicht. Mer ich will eben nur
708 3812 3003 3994 solcks Liebschaften. Denk dir, heute bildet sie sich ein.
685 3964 2933 4167 ein Magen wartet üört an der Ecke. Dann kan sie zurückge-
679 4067 3039 4273 rannt. Ein ewiges Leben in Aufregungen. Das geht doch nicht.
735 4208 3056 4408 Mario und Rini kommen. Alles ist reizend arrangieft. writ
