3390 5464
827 1595 2029 1793 Marie will nicht hirübergehen.
841 1712 3130 1927 Es schleint, dass Sie absolut nichts von ihm wissen wollen.
841 1849 3173 2020 Also schliesslich kan n Jeder nach seiner Fagon leben. Aber-
859 2020 3004 2186 ich hab' schon einmal solche Ansichten, wir werden halt
847 2102 3167 2320 doch nicht mit einander wohnen bieiben. Schon wegen Albert
876 2265 1927 2419 nicht, dem tut das zu weh.
847 2390 1654 2562 Marie bleibt zuhaus.
847 2504 3106 2693 Myf. Hans (2/: Mir scheint, da ist schon wieder eine an den
847 2641 1616 2780 Unrechten gekommen.
853 2745 3100 2914 Fnulich kommt: Fritz. Sie ist glücklich darüber. Sie sagt-
870 2888 3182 3080 ihm, sie muss von hier ausziehen. Sie wird sich ein kleines
847 3010 3103 3220 Zimmer ganz allein natmen, wird auch den Verkehr mit Zini
841 3156 2151 3328 aufgeben, die ihr zu ordinär ist:
838 3272 3173 3473 Er liegt auf dem Divan. Sie ssta sich leben ihn. Fr raucht
847 3432 1805 3610 ciparetten. Schön ists.
870 3543 3141 3735 (:Eveniuell komn aucit noch kron, wie sie gerade besonders
859 3680 3103 3854 glücklich sind. Alles ist verabredet. Um wie viel hrf Un
853 3796 2457 4000 sieben. Da holst mich mit dem Magen ab:/
853 3930 3106 4134 Du, wenn ich auch ein paar Tage nicht komme, nicht gleich
838 4090 1415 4239 nervös werden.
