3480 4424
2846 1234 2977 1385 23
843 1405 3116 1595 4-Bild. Wohnung Mariens. Einfaches Zimmer. Bett im Hinter-
846 1541 3084 1739 grund. Blümen auf den Fenstern. Die Dächer drüben. Nähma-
846 1677 3130 1881 schine. Auf dem Kasten zwei grosse Gypsbüsten, Etagère mit
860 1799 3135 2000 Büchern. Auf dem Tisch Blumen, Aschenschale. Auf dem weis-
863 1983 1932 2103 sen ofen einekleine Figur.
868 2040 3096 2250 Tini liest der Marie den Roman im Abendblatt vor. Ob heut
868 2250 1981 2372 der Fritz nicht komnen wird?
874 2281 3005 2548 Tini: Ich möchte sogar morgen noch einmal tanzen. Die
914 2452 3076 2636 Mutter geht und der Leutnant von nebenan. Der Egon wird
922 2582 3053 2772 aber büs sein. Geh, sag' dem Fritz auch nichts. Ja, du
894 2715 3138 2906 nimust's schon wieder viel zu ernst: Heiraten tun uns die
891 2891 1345 3053 doch nicht.
899 2979 2364 3138 Der kleine Frdtz will ein Buch haben.
914 3138 1379 3280 Fritz kommt.
905 3218 3062 3399 Tini: Wo ist denn der Egon? Wir sollen ja heut zusammen
902 3405 1629 3536 aufs Land fahren.
908 3516 1620 3672 Da hast du Blumen.
914 3649 1717 3785 Der Egon kommt nach.
942 3791 1796 3921 MR Deine Bibliothek?
917 3944 1058 4060 Ah:
