3531 5464
856 1662 2980 1844 weiring: (:sich auf dem Stuhl undrehend:/ Wenn einem
1062 1782 2955 1964 die Leut“ nur nicht in alles dreinreden möchten,
1062 1907 2996 2094 was sie gär nichts angeht... nicht wahrt und dann
1081 2059 2955 2233 noch glauben, sie tun einem weiss Gott was Guts
1062 2197 3001 2377 damit. Aber sie haben ja Recht - ganz Recht haben
1081 2355 1393 2483 818.
861 2475 1388 2610 Marie: Wiel
858 2542 3045 2738 Weiring: preilich. Wenn man auf ihre Redereien hört...
1062 2689 2977 2877 Na ja, man muss Sie ja nur anschau'n, Sie machen-
1067 2809 2999 3015 ja ein besicht, als wenn Sie eine schwere Schuld
1073 2958 2043 3124 auf dem gewissen hatten.
891 3086 2996 3262 Marie: Also es is kein Unrecht, dass ich den Stecher-
1067 3219 1665 3382 nicht heirat'2
891 3338 2885 3520 weiring: Eine Sund wär's, wenn sie's täten, ohne
1062 3474 2944 3659 dass Sie ihn gern haben. und manches Andre, was
1097 3623 2996 3743 man als Sünd- ausglebt... na! - Also was is denn
1073 3757 1771 3898 Mit'n Musizieren?
875 3876 2925 4015 Marie: Es kommt eine so wunderbare Luft da herein.
885 4009 1627 4156 Weiring: Der Mai!
875 4134 2925 4278 Marie: (:den Kopf zum Fenster hinaus:/ Ah, das ist
