<?xml version="1.0" encoding="UTF-8" standalone="yes"?>
<PcGts xmlns="http://schema.primaresearch.org/PAGE/gts/pagecontent/2013-07-15" xmlns:xsi="http://www.w3.org/2001/XMLSchema-instance" xsi:schemaLocation="http://schema.primaresearch.org/PAGE/gts/pagecontent/2013-07-15 http://schema.primaresearch.org/PAGE/gts/pagecontent/2013-07-15/pagecontent.xsd">
    <Metadata>
        <Creator>prov=READ-COOP:name=PyLaia@TranskribusPlatform:version=2.7.0:model_id=50870:lm=none:date=22_01_2024_18:15</Creator>
        <Created>2023-09-27T14:36:35.783+02:00</Created>
        <LastChange>2024-01-22T18:15:39.844+01:00</LastChange>
        <TranskribusMetadata docId="1589039" pageId="60124186" pageNr="72" tsid="145632086" status="IN_PROGRESS" userId="40391" imgUrl="https://files.transkribus.eu/Get?id=LEXMYNXAXHIYANQKAHKALERD&amp;fileType=view" xmlUrl="https://files.transkribus.eu/Get?id=TBKUEZSJERBPDXQUBIDBGNPF" imageId="48549264"/>
    </Metadata>
    <Page imageFilename="1589039_0072.jpg" imageWidth="3390" imageHeight="5464">
        <ReadingOrder>
            <OrderedGroup id="ro_1711792457544" caption="Regions reading order">
                <RegionRefIndexed index="0" regionRef="tr_1"/>
            </OrderedGroup>
        </ReadingOrder>
        <TextRegion orientation="0.0" id="tr_1" custom="readingOrder {index:0;}">
            <Coords points="689,1687 689,4185 2876,4185 2876,1687"/>
            <TextLine id="tr_1_tl_1" custom="readingOrder {index:0;}">
                <Coords points="789,1702 862,1753 926,1755 992,1811 1068,1824 1124,1803 1205,1829 1250,1808 1321,1851 1324,1603 1278,1600 1212,1643 1113,1608 969,1616 916,1585 867,1621 791,1623"/>
                <Baseline points="802,1751 828,1753 854,1755 880,1757 907,1756 933,1754 959,1752 985,1751 1012,1751 1038,1751 1064,1751 1090,1751 1117,1751 1143,1751 1169,1751 1195,1751 1222,1751 1248,1751 1274,1751 1300,1751 1327,1751"/>
                <TextEquiv>
                    <Unicode></Unicode>
                </TextEquiv>
            </TextLine>
            <TextLine id="tr_1_tl_2" custom="readingOrder {index:1;}">
                <Coords points="677,1988 768,1983 796,2014 900,2006 916,2024 1025,1993 1106,2026 1162,2016 1164,1882 1086,1902 971,1854 931,1882 867,1874 738,1930 677,1907"/>
                <Baseline points="689,2022 714,2017 739,2012 764,2012 790,2014 815,2016 840,2016 865,2015 891,2013 916,2011 941,2011 966,2011 992,2011 1017,2011 1042,2011 1067,2011 1093,2012 1118,2013 1143,2015 1169,2017"/>
                <TextEquiv>
                    <Unicode>Ten.</Unicode>
                </TextEquiv>
            </TextLine>
            <TextLine id="tr_1_tl_3" custom="readingOrder {index:2;}">
                <Coords points="682,2331 730,2336 771,2361 845,2356 885,2333 951,2361 954,2138 911,2146 804,2224 736,2217 715,2229 685,2217"/>
                <Baseline points="700,2271 726,2272 752,2274 778,2276 804,2277 830,2277 856,2277 882,2276 908,2272 934,2269 960,2265"/>
                <TextEquiv>
                    <Unicode>vor18.</Unicode>
                </TextEquiv>
            </TextLine>
            <TextLine id="tr_1_tl_4" custom="readingOrder {index:3;}">
                <Coords points="697,2478 751,2475 789,2503 916,2483 936,2463 1007,2491 1045,2473 1080,2486 1103,2480 1096,2379 1053,2371 1040,2384 903,2349 842,2384 799,2371 779,2394 690,2394"/>
                <Baseline points="706,2412 732,2412 758,2412 785,2412 811,2412 837,2412 864,2412 890,2416 916,2423 943,2430 969,2436 995,2437 1022,2439 1048,2440 1074,2435 1101,2429"/>
                <TextEquiv>
                    <Unicode>Tini: 1a.</Unicode>
                </TextEquiv>
            </TextLine>
            <TextLine id="tr_1_tl_5" custom="readingOrder {index:4;}">
                <Coords points="1365,2590 1643,2572 1775,2617 1829,2595 1902,2605 1902,2508 1874,2503 1783,2526 1671,2493 1593,2526 1557,2503 1365,2518"/>
                <Baseline points="1378,2565 1404,2563 1431,2561 1457,2559 1484,2560 1510,2562 1537,2564 1563,2565 1590,2565 1616,2565 1643,2565 1670,2565 1696,2565 1723,2565 1749,2565 1776,2565 1802,2565 1829,2565 1855,2565 1882,2565 1909,2565"/>
                <TextEquiv>
                    <Unicode>dir denn das?</Unicode>
                </TextEquiv>
            </TextLine>
            <TextLine id="tr_1_tl_6" custom="readingOrder {index:5;}">
                <Coords points="1065,2747 1324,2704 1580,2711 1684,2782 2075,2706 2830,2732 2830,2610 2754,2600 2397,2663 2026,2620 1930,2658 1831,2605 1643,2655 1534,2605 1217,2643 1065,2610"/>
                <Baseline points="1079,2700 1166,2696 1254,2699 1342,2695 1430,2700 1518,2695 1606,2693 1693,2695 1781,2695 1869,2695 1957,2695 2045,2695 2133,2689 2221,2690 2308,2694 2396,2690 2484,2695 2572,2695 2660,2695 2748,2695 2836,2700"/>
                <TextEquiv>
                    <Unicode>hättest gestarn viel unfreündlicher mit ihm</Unicode>
                </TextEquiv>
            </TextLine>
            <TextLine id="tr_1_tl_7" custom="readingOrder {index:6;}">
                <Coords points="895,2848 1179,2876 1235,2843 2622,2833 2853,2901 2853,2772 2648,2795 2252,2739 2052,2790 1616,2754 1512,2785 1349,2711 1220,2770 895,2762"/>
                <Baseline points="909,2836 1006,2830 1104,2830 1201,2830 1299,2830 1396,2834 1494,2831 1591,2825 1689,2825 1786,2825 1884,2825 1981,2825 2079,2825 2176,2830 2274,2825 2371,2825 2469,2825 2566,2828 2664,2826 2761,2825 2859,2836"/>
                <TextEquiv>
                    <Unicode>sein sollen. Er hat''s uns einmal versprochen, uns</Unicode>
                </TextEquiv>
            </TextLine>
            <TextLine id="tr_1_tl_8" custom="readingOrder {index:7;}">
                <Coords points="918,3016 1512,2965 1943,3008 2136,2957 2257,3018 2437,2967 2635,3011 2734,2965 2868,2985 2868,2912 2820,2889 2493,2901 2298,2841 1963,2909 1798,2871 1476,2917 1025,2874 918,2904"/>
                <Baseline points="932,2960 1029,2961 1126,2964 1223,2960 1320,2960 1418,2960 1515,2960 1612,2960 1709,2960 1806,2960 1904,2960 2001,2960 2098,2956 2195,2960 2292,2955 2390,2955 2487,2955 2584,2955 2681,2955 2778,2955 2876,2955"/>
                <TextEquiv>
                    <Unicode>hachn Theater zu erwarten, und ein Mann ein Wort.</Unicode>
                </TextEquiv>
            </TextLine>
            <TextLine id="tr_1_tl_9" custom="readingOrder {index:8;}">
                <Coords points="885,3107 1073,3102 1202,3163 1299,3107 1758,3150 1993,3089 2830,3115 2830,3038 2539,2980 2262,3026 1928,3003 1684,3049 1585,3008 1248,3059 1063,3011 885,3046"/>
                <Baseline points="898,3102 994,3100 1091,3096 1188,3096 1285,3096 1382,3096 1479,3096 1576,3095 1673,3090 1770,3093 1867,3093 1963,3090 2060,3090 2157,3085 2254,3090 2351,3089 2448,3085 2545,3088 2642,3086 2739,3085 2836,3085"/>
                <TextEquiv>
                    <Unicode>Du warst aber gleich so gut mit ihm, hast gleich</Unicode>
                </TextEquiv>
            </TextLine>
            <TextLine id="tr_1_tl_10" custom="readingOrder {index:9;}">
                <Coords points="885,3241 1684,3236 1783,3290 1928,3241 2196,3249 2250,3295 2402,3241 2683,3262 2754,3216 2853,3251 2853,3140 2782,3130 2739,3173 2316,3117 2034,3173 1712,3132 1403,3186 885,3173"/>
                <Baseline points="898,3237 996,3226 1094,3226 1192,3226 1290,3226 1388,3226 1486,3221 1584,3220 1682,3220 1780,3222 1878,3223 1976,3220 2074,3216 2172,3215 2270,3215 2368,3215 2466,3215 2564,3215 2662,3211 2760,3214 2859,3220"/>
                <TextEquiv>
                    <Unicode>Gsagt: es macht ja nix, und hast ihn so verliebt</Unicode>
                </TextEquiv>
            </TextLine>
            <TextLine id="tr_1_tl_11" custom="readingOrder {index:10;}">
                <Coords points="900,3394 1948,3355 2077,3396 2313,3350 2686,3396 2686,3307 2453,3262 1347,3307 1192,3259 1027,3315 900,3300"/>
                <Baseline points="915,3362 1003,3355 1092,3351 1181,3356 1269,3356 1358,3356 1447,3356 1535,3354 1624,3350 1713,3350 1802,3350 1890,3347 1979,3348 2068,3350 2156,3350 2245,3350 2334,3350 2422,3346 2511,3345 2600,3345 2689,3356"/>
                <TextEquiv>
                    <Unicode>ang schaut. Ninm AuxxXx du dich nur in Acht.</Unicode>
                </TextEquiv>
            </TextLine>
            <TextLine id="tr_1_tl_12" custom="readingOrder {index:11;}">
                <Coords points="895,3508 1636,3487 1920,3536 2014,3487 2120,3523 2255,3487 2584,3528 2726,3482 2841,3500 2841,3406 2643,3394 2354,3434 2108,3388 1580,3449 1507,3401 895,3426"/>
                <Baseline points="909,3491 1005,3486 1102,3486 1199,3486 1296,3486 1393,3486 1490,3486 1587,3480 1684,3480 1781,3483 1878,3483 1974,3480 2071,3476 2168,3480 2265,3480 2362,3480 2459,3480 2556,3480 2653,3480 2750,3480 2847,3486"/>
                <TextEquiv>
                    <Unicode>Schau mich an, ich verlieb“ mich mein I ebtag in</Unicode>
                </TextEquiv>
            </TextLine>
            <TextLine id="tr_1_tl_13" custom="readingOrder {index:12;}">
                <Coords points="900,3640 1707,3652 1920,3617 2082,3672 2288,3612 2673,3645 2673,3533 2579,3523 2356,3569 2207,3536 2092,3569 1953,3515 1745,3581 1519,3541 900,3556"/>
                <Baseline points="915,3621 1003,3616 1091,3616 1179,3616 1267,3618 1355,3619 1443,3618 1532,3619 1620,3616 1708,3616 1796,3616 1884,3612 1972,3610 2060,3610 2149,3610 2237,3610 2325,3610 2413,3610 2501,3610 2589,3604 2678,3610"/>
                <TextEquiv>
                    <Unicode>keinen mehr. Das sind die Männer keiner nicht</Unicode>
                </TextEquiv>
            </TextLine>
            <TextLine id="tr_1_tl_14" custom="readingOrder {index:13;}">
                <Coords points="895,3766 1053,3802 1177,3756 2004,3771 2004,3693 1867,3670 1154,3721 895,3685"/>
                <Baseline points="909,3757 964,3753 1019,3751 1074,3751 1129,3751 1184,3750 1239,3747 1294,3746 1349,3746 1404,3746 1460,3746 1515,3746 1570,3746 1625,3748 1680,3751 1735,3747 1790,3746 1845,3746 1900,3746 1955,3748 2011,3751"/>
                <TextEquiv>
                    <Unicode>wert - kannst mir's glauben.</Unicode>
                </TextEquiv>
            </TextLine>
            <TextLine id="tr_1_tl_15" custom="readingOrder {index:14;}">
                <Coords points="703,3906 2201,3888 2201,3802 1788,3837 1562,3756 1332,3827 1083,3779 964,3853 703,3812"/>
                <Baseline points="717,3876 791,3880 866,3881 940,3881 1015,3881 1090,3879 1164,3876 1239,3877 1313,3881 1388,3876 1463,3876 1537,3876 1612,3876 1686,3876 1761,3876 1836,3876 1910,3876 1985,3876 2059,3876 2134,3872 2209,3876"/>
                <TextEquiv>
                    <Unicode>Marie: Und was is denn mit dem Egon?</Unicode>
                </TextEquiv>
            </TextLine>
            <TextLine id="tr_1_tl_16" custom="readingOrder {index:15;}">
                <Coords points="692,4038 1877,4061 2049,4007 2397,4005 2726,4053 2729,3951 2610,3908 2397,3939 2303,3906 2217,3974 1884,3939 1780,3982 1517,3926 1283,3972 1136,3916 822,3974 695,3944"/>
                <Baseline points="706,4017 807,4017 908,4017 1010,4017 1111,4012 1213,4017 1314,4016 1415,4011 1517,4011 1618,4011 1720,4006 1821,4007 1922,4009 2024,4006 2125,4006 2227,4000 2328,4001 2429,4004 2531,4000 2632,4000 2734,4011"/>
                <TextEquiv>
                    <Unicode>rini: "Glaubst am und, ich bin in ihn verliebtto</Unicode>
                </TextEquiv>
            </TextLine>
            <TextLine id="tr_1_tl_17" custom="readingOrder {index:16;}">
                <Coords points="885,4172 2217,4149 2293,4182 2351,4144 2691,4137 2810,4170 2810,4063 2729,4043 2156,4099 1745,4038 1512,4106 1228,4048 1078,4119 885,4071"/>
                <Baseline points="898,4153 993,4150 1089,4153 1185,4153 1281,4147 1376,4147 1472,4147 1568,4145 1664,4141 1759,4144 1855,4143 1951,4141 2047,4136 2142,4141 2238,4137 2334,4139 2430,4136 2525,4136 2621,4132 2717,4130 2813,4147"/>
                <TextEquiv>
                    <Unicode>nein, die Dumneit hab' ich einmal gemacht, aber</Unicode>
                </TextEquiv>
            </TextLine>
            <TextEquiv>
                <Unicode></Unicode>
            </TextEquiv>
        </TextRegion>
    </Page>
</PcGts>
