3914 5395
1174 1502 2995 1690 Ach habe schon so lerig Arkar ge-
1138 1584 3072 1833 ned. de eren, Maso da sine so gsehelte Fres
1823 1792 2913 1931 einen guten Rät geben kann.
1213 1833 1669 1987 in kast, die
2151 1900 3084 2100 M dass er abgschricten
1251 1972 1960 2115 E 1s mir ja gan
1153 2057 3026 2226 hat. Leh wär sowieso nicht Lingsfängen. Es war
1148 2218 2804 2363 auch gar nicht pacheit, dass ich reutich
1124 2351 1524 2500 ater war.
1037 2481 2894 2616 i2i: Tee wer nicrt rechte hat wer was drüber
1247 2597 2153 2746 Die Kathrir vielleichte
2230 2705 2869 2853 eut sind -jiet
1049 2744 1700 2891 rist: zu weisst
1734 2739 2033 2853 a, wic
1210 2848 1630 3014 eb n 51s ne
1746 2853 2303 3021 zu reden.;Die
1514 3007 1828 3125 In, die
2481 2997 3130 3108 ilige, das weisst
1616 3115 3123 3291 ie ichi- oder sagt vielleicht der Herr
1165 3108 1449 3294 Au 60
1333 3405 2469 3566 MTersend hat was gsagt. Aber
1304 3530 2267 3687 ihmen sondertar vorkormt.
1454 3622 3096 3812 rind, sperri dick feit in ein pännerl und
1177 3774 3050 3957 wart: schön, bis dich irgend ein feder Ding zur
1215 3923 2860 4073 rau niront... is ja auch gut. 's hat helt1
1611 4048 2264 4198 jede die Geduld.
