3240 4264
847 1288 1524 1466 Hürts arme Mädel.
842 1450 2926 1601 Gespräch: Der Kaiser lacht immer, wenn er mich sieht.
839 1601 2926 1744 Heulich in der Burg, wie ich mit meiner Schwester ge-
834 1720 2873 1877 gangen bin, de is er vorbeig" fahren, wir haben eine
839 1840 2968 1999 tiefe Verbeugung gemacht, er hat salutiert und gäl ge-
834 1994 2971 2127 lacht. Und der Rainer hat mich einmal ans Kinn gegrif-
834 2105 1978 2302 fen, in der Höhelausstellung.
826 2366 2920 2541 Der Anastasius Grim hat so schöne Sachen g' schrieben.
818 2551 2889 2700 Die Kinder von der Nachbarin, die ins Zimmer lauf n.
815 2772 2875 2974 wie sie von dem Ruben, des Nachbarg erzählt: Er getzt
826 2990 2841 3098 sich den Hut vom Paps auf und nimmt einen Stock und
826 3101 1691 3236 ist ein genzes Gigerl.
818 3327 2798 3454 Näharbeit. Sie erklärt sie. Du verstehst's nicht.-
812 3475 2076 3592 O ja, es interessiert mich sehr.
815 3741 2796 3903 Evehtuell in der Szene mit Richard Stern Imre, der
810 3908 958 4009 ver
916 3868 2966 4038 zweifelt ist, weil es in uer Umgegend auffällt, dass
