<?xml version="1.0" encoding="UTF-8" standalone="yes"?>
<PcGts xmlns="http://schema.primaresearch.org/PAGE/gts/pagecontent/2013-07-15" xmlns:xsi="http://www.w3.org/2001/XMLSchema-instance" xsi:schemaLocation="http://schema.primaresearch.org/PAGE/gts/pagecontent/2013-07-15 http://schema.primaresearch.org/PAGE/gts/pagecontent/2013-07-15/pagecontent.xsd">
    <Metadata>
        <Creator>prov=READ-COOP:name=PyLaia@TranskribusPlatform:version=2.7.0:model_id=50870:lm=none:date=22_01_2024_18:15</Creator>
        <Created>2023-09-27T14:36:29.058+02:00</Created>
        <LastChange>2024-01-22T18:15:27.886+01:00</LastChange>
        <TranskribusMetadata docId="1589039" pageId="60123901" pageNr="5" tsid="145632013" status="IN_PROGRESS" userId="40391" imgUrl="https://files.transkribus.eu/Get?id=URRGAENQFTOQWNTJHIHEDDTZ&amp;fileType=view" xmlUrl="https://files.transkribus.eu/Get?id=JRWVKZMDJKCJODRINCHQCOID" imageId="48548979"/>
    </Metadata>
    <Page imageFilename="1589039_0005.jpg" imageWidth="3480" imageHeight="4424">
        <ReadingOrder>
            <OrderedGroup id="ro_1711792300474" caption="Regions reading order">
                <RegionRefIndexed index="0" regionRef="tr_1"/>
            </OrderedGroup>
        </ReadingOrder>
        <TextRegion orientation="0.0" id="tr_1" custom="readingOrder {index:0;}">
            <Coords points="1047,1399 1047,4114 3232,4114 3232,1399"/>
            <TextLine id="tr_1_tl_1" custom="readingOrder {index:0;}">
                <Coords points="1071,1473 1742,1522 1812,1479 3220,1524 3226,1379 2276,1438 1846,1355 1618,1420 1221,1385 1068,1430"/>
                <Baseline points="1086,1462 1193,1465 1300,1467 1407,1468 1515,1469 1622,1474 1729,1475 1837,1474 1944,1474 2051,1476 2159,1480 2266,1478 2373,1478 2480,1480 2588,1483 2695,1483 2802,1484 2910,1484 3017,1486 3124,1492 3232,1495"/>
                <TextEquiv>
                    <Unicode>Auf dem Gang wohnt eine Mutter mit ihrem kleinen Buben,</Unicode>
                </TextEquiv>
            </TextLine>
            <TextLine id="tr_1_tl_2" custom="readingOrder {index:1;}">
                <Coords points="1068,1605 1965,1618 2040,1653 2297,1618 2386,1659 2442,1626 2517,1659 2692,1621 2893,1664 3202,1642 3199,1554 3132,1578 2984,1527 2837,1578 2719,1540 2466,1573 2316,1524 2139,1570 1068,1549"/>
                <Baseline points="1083,1594 1189,1596 1295,1597 1401,1600 1507,1603 1613,1606 1719,1606 1825,1607 1931,1608 2037,1607 2143,1611 2249,1611 2355,1608 2461,1613 2567,1614 2673,1614 2779,1614 2885,1617 2991,1616 3097,1620 3203,1614"/>
                <TextEquiv>
                    <Unicode>der Nachmittag zur Marie kommt, "Bicher lesen“. (:Der</Unicode>
                </TextEquiv>
            </TextLine>
            <TextLine id="tr_1_tl_3" custom="readingOrder {index:2;}">
                <Coords points="1068,1742 1653,1779 1887,1744 2040,1820 2423,1752 3070,1761 3068,1661 2923,1653 2754,1710 2343,1701 2136,1648 2053,1680 1973,1645 1884,1696 1755,1653 1489,1696 1358,1632 1269,1675 1065,1672"/>
                <Baseline points="1080,1725 1179,1729 1279,1731 1379,1731 1479,1730 1579,1734 1679,1734 1778,1736 1878,1737 1978,1737 2078,1740 2178,1740 2278,1738 2378,1743 2477,1743 2577,1746 2677,1746 2777,1746 2877,1749 2977,1749 3077,1749"/>
                <TextEquiv>
                    <Unicode>alte Herr spielt mit dem Buben, nimmt ihn eventuell</Unicode>
                </TextEquiv>
            </TextLine>
            <TextLine id="tr_1_tl_4" custom="readingOrder {index:3;}">
                <Coords points="1071,1863 1181,1911 1345,1863 2091,1897 2088,1793 1897,1833 1795,1798 1538,1785 1353,1828 1283,1782 1221,1817 1071,1790"/>
                <Baseline points="1086,1856 1136,1859 1186,1859 1236,1859 1287,1860 1337,1862 1387,1862 1438,1862 1488,1862 1538,1865 1589,1865 1639,1865 1689,1865 1739,1865 1790,1865 1840,1865 1890,1865 1941,1865 1991,1869 2041,1871 2092,1868"/>
                <TextEquiv>
                    <Unicode>einmal ins Wirtshaus mit:)</Unicode>
                </TextEquiv>
            </TextLine>
            <TextLine id="tr_1_tl_5" custom="readingOrder {index:4;}">
                <Coords points="1063,1994 1387,2037 1675,1997 1900,2050 2944,2010 3073,2050 3100,1956 2743,1922 2574,1959 2160,1905 1951,1932 1857,1892 1645,1943 1540,1895 1406,1946 1060,1903"/>
                <Baseline points="1077,1985 1178,1988 1280,1990 1381,1991 1483,1994 1584,1994 1686,1994 1787,1997 1889,1994 1990,1997 2092,1999 2193,1997 2295,2001 2396,2001 2498,2003 2599,2003 2701,2006 2802,2005 2904,2006 3005,2009 3107,2009"/>
                <TextEquiv>
                    <Unicode>Eine Landpart ie nach Weidling am Bach. Schwüil er som-</Unicode>
                </TextEquiv>
            </TextLine>
            <TextLine id="tr_1_tl_6" custom="readingOrder {index:5;}">
                <Coords points="1060,2123 1154,2134 1189,2126 1208,2139 1243,2131 1342,2155 1353,2152 1350,2064 1264,2077 1232,2048 1202,2053 1181,2077 1057,2072"/>
                <Baseline points="1074,2113 1099,2115 1125,2116 1151,2116 1177,2117 1203,2119 1228,2119 1254,2119 1280,2119 1306,2119 1332,2119 1358,2116"/>
                <TextEquiv>
                    <Unicode>niertag.</Unicode>
                </TextEquiv>
            </TextLine>
            <TextLine id="tr_1_tl_7" custom="readingOrder {index:6;}">
                <Coords points="1063,2249 1506,2292 1626,2265 1691,2308 1828,2254 2329,2308 2461,2260 2708,2335 2818,2284 3025,2305 3046,2209 2670,2185 2630,2222 2456,2219 2383,2179 2279,2217 2225,2177 1916,2195 1838,2150 1672,2206 1218,2193 1060,2142"/>
                <Baseline points="1077,2247 1175,2247 1274,2248 1373,2250 1472,2250 1571,2253 1669,2253 1768,2255 1867,2255 1966,2253 2065,2256 2163,2256 2262,2256 2361,2256 2460,2256 2559,2259 2657,2259 2756,2262 2855,2257 2954,2262 3053,2259"/>
                <TextEquiv>
                    <Unicode>Fritz hat die Idee, sich vollkommen von jener rrau-</Unicode>
                </TextEquiv>
            </TextLine>
            <TextLine id="tr_1_tl_8" custom="readingOrder {index:7;}">
                <Coords points="1063,2440 1157,2386 1205,2421 1243,2399 1320,2429 1393,2386 1597,2431 1597,2340 1557,2343 1516,2313 1444,2338 1350,2316 1318,2335 1267,2316 1192,2335 1149,2313 1116,2332 1063,2324"/>
                <Baseline points="1077,2379 1103,2379 1129,2379 1155,2379 1182,2379 1208,2379 1234,2379 1261,2379 1287,2379 1313,2379 1340,2379 1366,2379 1392,2379 1418,2379 1445,2379 1471,2379 1497,2380 1524,2382 1550,2382 1576,2381 1603,2379"/>
                <TextEquiv>
                    <Unicode>loszureissen.</Unicode>
                </TextEquiv>
            </TextLine>
            <TextLine id="tr_1_tl_9" custom="readingOrder {index:8;}">
                <Coords points="1063,2528 1404,2566 1600,2512 1820,2558 1881,2520 3092,2558 3110,2458 2152,2466 2056,2423 1801,2464 1629,2405 1396,2461 1337,2423 1060,2448"/>
                <Baseline points="1077,2504 1179,2507 1281,2509 1383,2510 1485,2507 1587,2510 1689,2510 1791,2510 1893,2515 1995,2514 2098,2515 2200,2516 2302,2518 2404,2516 2506,2516 2608,2519 2710,2519 2812,2521 2914,2522 3016,2520 3119,2522"/>
                <TextEquiv>
                    <Unicode>Tini warnt schon Marie, sie soll die Sache nicht gar</Unicode>
                </TextEquiv>
            </TextLine>
            <TextLine id="tr_1_tl_10" custom="readingOrder {index:9;}">
                <Coords points="1052,2646 1409,2643 1460,2684 1589,2654 1653,2694 1693,2689 1693,2593 1554,2593 1326,2547 1235,2593 1092,2568 1052,2587"/>
                <Baseline points="1068,2632 1099,2632 1131,2632 1162,2632 1194,2632 1226,2632 1257,2632 1289,2632 1321,2632 1352,2632 1384,2632 1416,2632 1447,2632 1479,2633 1511,2635 1542,2633 1574,2632 1606,2632 1637,2634 1669,2635 1701,2635"/>
                <TextEquiv>
                    <Unicode>so ernst nehmen.</Unicode>
                </TextEquiv>
            </TextLine>
            <TextLine id="tr_1_tl_11" custom="readingOrder {index:10;}">
                <Coords points="1063,2791 2405,2775 2582,2831 2735,2780 2976,2823 3051,2794 3051,2681 3003,2662 2936,2697 2418,2673 2332,2708 1905,2681 1817,2727 1444,2684 1280,2735 1232,2694 1063,2694"/>
                <Baseline points="1077,2761 1176,2761 1275,2762 1374,2762 1473,2764 1572,2761 1671,2761 1770,2764 1869,2764 1968,2764 2068,2764 2167,2765 2266,2767 2365,2772 2464,2773 2563,2774 2662,2779 2761,2779 2860,2781 2959,2779 3059,2773"/>
                <TextEquiv>
                    <Unicode>Marie sagt: Fritz tut nur so leichtsinnig, in Wirk-</Unicode>
                </TextEquiv>
            </TextLine>
            <TextLine id="tr_1_tl_12" custom="readingOrder {index:11;}">
                <Coords points="1055,2896 1535,2925 1685,2893 2045,2941 2101,2907 2480,2928 2477,2864 2198,2810 1978,2864 1887,2810 1677,2856 1387,2815 1052,2839"/>
                <Baseline points="1068,2889 1138,2889 1209,2886 1280,2889 1351,2888 1422,2889 1493,2890 1564,2892 1635,2887 1706,2890 1777,2892 1847,2893 1918,2892 1989,2892 2060,2892 2131,2895 2202,2898 2273,2898 2344,2899 2415,2901 2486,2904"/>
                <TextEquiv>
                    <Unicode>lichkeit hat er mich aber sehr lieb.</Unicode>
                </TextEquiv>
            </TextLine>
            <TextLine id="tr_1_tl_13" custom="readingOrder {index:12;}">
                <Coords points="1052,3022 2005,3033 2155,3089 2252,3041 2563,3073 3025,3043 3025,2976 2874,2939 2622,2990 1943,2941 1846,2982 1052,2960"/>
                <Baseline points="1068,3015 1166,3017 1264,3017 1362,3017 1460,3017 1559,3017 1657,3020 1755,3021 1853,3023 1951,3021 2050,3026 2148,3026 2246,3026 2344,3026 2442,3026 2541,3029 2639,3029 2737,3031 2835,3035 2933,3035 3032,3035"/>
                <TextEquiv>
                    <Unicode>Einmal ist Fritz ganz glücklich: er hat das letzte</Unicode>
                </TextEquiv>
            </TextLine>
            <TextLine id="tr_1_tl_14" custom="readingOrder {index:13;}">
                <Coords points="1057,3159 1345,3153 1511,3210 1656,3172 1777,3196 1825,3156 2619,3170 2732,3212 2976,3180 2941,3105 2458,3124 2311,3073 2142,3137 2085,3086 1820,3062 1519,3121 1055,3081"/>
                <Baseline points="1071,3146 1166,3146 1262,3149 1357,3148 1453,3149 1548,3149 1644,3147 1739,3152 1835,3155 1930,3151 2026,3153 2122,3154 2217,3155 2313,3157 2408,3158 2504,3158 2599,3161 2695,3161 2790,3164 2886,3161 2982,3167"/>
                <TextEquiv>
                    <Unicode>Rendez-vous mit jener frau, er wird endlich frei.</Unicode>
                </TextEquiv>
            </TextLine>
            <TextLine id="tr_1_tl_15" custom="readingOrder {index:14;}">
                <Coords points="1047,3277 1369,3317 2335,3298 2472,3352 2700,3306 3135,3322 3132,3234 3025,3218 2598,3247 2440,3202 2228,3250 1940,3207 1624,3247 1167,3207 1047,3247"/>
                <Baseline points="1062,3274 1165,3279 1269,3280 1373,3280 1477,3281 1581,3280 1685,3280 1789,3281 1893,3283 1997,3286 2101,3287 2204,3288 2308,3289 2412,3289 2516,3289 2620,3292 2724,3292 2828,3291 2932,3297 3036,3298 3140,3298"/>
                <TextEquiv>
                    <Unicode>- Eon Thepaar, das eventuell auch auf dem Gang wohnt.</Unicode>
                </TextEquiv>
            </TextLine>
            <TextLine id="tr_1_tl_16" custom="readingOrder {index:15;}">
                <Coords points="1041,3408 3027,3459 2998,3341 2882,3406 2611,3322 2289,3387 2211,3352 1838,3382 1648,3333 1559,3376 1471,3339 1041,3355"/>
                <Baseline points="1056,3406 1160,3406 1264,3410 1368,3409 1472,3410 1576,3411 1680,3409 1785,3411 1889,3414 1993,3415 2097,3417 2201,3420 2305,3420 2410,3420 2514,3420 2618,3423 2722,3423 2826,3426 2930,3426 3035,3429"/>
                <TextEquiv>
                    <Unicode>Die Frau hat früher auch mit so einem Lebemann ein</Unicode>
                </TextEquiv>
            </TextLine>
            <TextLine id="tr_1_tl_17" custom="readingOrder {index:16;}">
                <Coords points="1049,3545 1514,3580 1651,3545 1814,3585 2066,3545 2340,3594 2563,3564 2842,3623 3089,3567 3086,3508 2818,3462 2482,3513 2206,3462 2002,3508 1849,3465 1758,3505 1337,3484 1251,3435 1189,3486 1047,3475"/>
                <Baseline points="1062,3525 1163,3537 1265,3540 1366,3540 1468,3540 1570,3543 1671,3543 1773,3543 1875,3543 1976,3546 2078,3546 2180,3549 2281,3550 2383,3553 2485,3553 2586,3555 2688,3555 2790,3557 2891,3558 2993,3558 3095,3558"/>
                <TextEquiv>
                    <Unicode>Verhältnis gehabt und hat dann einen geheiratet, der</Unicode>
                </TextEquiv>
            </TextLine>
            <TextLine id="tr_1_tl_18" custom="readingOrder {index:17;}">
                <Coords points="1039,3682 1167,3693 1192,3671 1307,3696 1412,3677 1492,3706 1685,3687 1685,3610 1651,3628 1524,3604 1460,3636 1331,3607 1261,3634 1039,3607"/>
                <Baseline points="1053,3668 1086,3668 1120,3669 1153,3671 1187,3671 1221,3671 1254,3671 1288,3672 1322,3674 1355,3674 1389,3676 1422,3677 1456,3677 1490,3675 1523,3674 1557,3674 1591,3674 1624,3676 1658,3675 1692,3680"/>
                <TextEquiv>
                    <Unicode>sie jetzt quält.</Unicode>
                </TextEquiv>
            </TextLine>
            <TextLine id="tr_1_tl_19" custom="readingOrder {index:18;}">
                <Coords points="1044,3808 1310,3854 1492,3808 1935,3851 1994,3814 2187,3851 2367,3822 2421,3859 2818,3819 2893,3862 3073,3848 3073,3747 3027,3728 2941,3765 2727,3730 2083,3773 1447,3730 1267,3768 1044,3725"/>
                <Baseline points="1059,3800 1160,3803 1261,3805 1362,3804 1463,3806 1564,3806 1665,3808 1766,3807 1867,3809 1968,3811 2069,3811 2170,3811 2271,3812 2372,3815 2473,3815 2574,3815 2675,3818 2776,3818 2877,3818 2978,3818 3080,3818"/>
                <TextEquiv>
                    <Unicode>Fritz kommt an dem Abenu vor dem Duell hinauf zu Ma-</Unicode>
                </TextEquiv>
            </TextLine>
            <TextLine id="tr_1_tl_20" custom="readingOrder {index:19;}">
                <Coords points="1044,3942 1173,3977 1296,3942 1476,3999 1785,3945 2075,3985 2925,3956 3035,3991 3035,3905 2783,3873 2579,3913 2241,3883 2139,3926 1812,3867 1530,3894 1428,3848 1216,3894 1044,3875"/>
                <Baseline points="1059,3937 1158,3940 1257,3940 1356,3938 1455,3943 1554,3940 1653,3938 1752,3940 1851,3943 1950,3943 2050,3943 2149,3944 2248,3946 2347,3947 2446,3946 2545,3947 2644,3949 2743,3946 2842,3949 2941,3952 3041,3952"/>
                <TextEquiv>
                    <Unicode>rie, liegt auf dem Kanapée, raucht seine Cigarette.</Unicode>
                </TextEquiv>
            </TextLine>
            <TextLine id="tr_1_tl_21" custom="readingOrder {index:20;}">
                <Coords points="1033,4087 2029,4082 2418,4176 2614,4112 2912,4112 3014,4154 3113,4114 3113,4023 2931,3991 2711,4039 2619,4007 2542,4052 2332,3988 2246,4031 2018,3999 1852,4034 1774,3991 1549,4023 1433,3985 1307,4039 1261,4004 1033,4034"/>
                <Baseline points="1047,4074 1150,4074 1254,4074 1357,4077 1461,4077 1565,4077 1668,4077 1772,4075 1875,4077 1979,4077 2083,4080 2186,4080 2290,4077 2393,4083 2497,4080 2601,4083 2704,4080 2808,4083 2911,4081 3015,4080 3119,4083"/>
                <TextEquiv>
                    <Unicode>Es ist ein süss melancholischer Abend. Er geht, küsst</Unicode>
                </TextEquiv>
            </TextLine>
            <TextEquiv>
                <Unicode></Unicode>
            </TextEquiv>
        </TextRegion>
    </Page>
</PcGts>
