3412 5464
1526 1873 2800 2024 ietion neulich nachtn Pheater habe
1425 1991 2783 2172 neehalt. zuerat n채ren wir eine re-
1328 2120 2496 2306 don Ndtel 170. A.018, dann v
1306 2256 2553 2397 scmnuldigt sich, er mass mit anne
1309 2409 1803 2570 andensehen.
2964 2444 3208 2679 6 4e
1118 2498 2887 2684 in Gesellschaft. Dle leut
1286 2647 3114 2830 nen er in der Logl war Er hat ja im vorhinsin
1311 2790 3154 2951 gesat, dass er uns waurscheinlich nicht beglei
1299 2931 1660 3070 ten kann.
1215 3025 3204 3218 11: Marum tat denn der Hermann Zeit gehabtt Marum
2192 3152 3206 3362 erreim nicht abe sie sind
1675 3186 2187 3340 mir denn: das
1299 3169 1650 3345 schreibt
1291 3320 3159 3478 doch vollegen, der Hermann und der pritz... So
1289 3451 3122 3604 einen habe ich schon gern, der einen brieflich
1279 3589 2207 3735 die blassen Finger Kusz
1101 3671 2174 3854 christ: Was regst denn du
1405 3844 2523 3998 weil ich mick giftt 체ber
2494 3859 2820 4003 ch. Weil
1281 3990 2773 4141 psch채perl bist: Weil ieh mich schonn
2857 3980 3196 4146 lich 체bsr
1333 4131 1902 4275 lich geirrert i
