3390 5464
856 1572 2180 1699 hen nimlich heut zu Volkssängern.
663 1675 2241 1858 Marie: Und wenn's deine Muhter erfahrt?
658 1805 2751 1974 Tini: Ah was, man is nur einrial jung. Mir tuts Wait
817 1953 2162 2114 niur leid, dass du nicht mitkomnst.
661 2059 2135 2236 Marie: Fa, da Iusst du dich trösten.
645 2196 2767 2381 Tini: Is eigentlich ein kömischer sensch, der Kritz.
856 2362 2275 2516 was er nur scwichtiges zu tun hatz.
658 2471 2127 2635 iario: Hr hat halt nicht immer Zeit.
658 2584 2775 2759 Tini: Ah, wenn nan wen gern hat, muss man immer Zeit
848 2693 2735 2886 haben. Hat dir das vielleicht gfallen, dass er
848 2830 2777 3034 soger damals nachen Theater nicht mit'n Reon auf
848 2994 1546 3150 und gewartet hat?
647 3097 2751 3282 darie: Er hat mit den Leuten zusaumenbleiben müssen.
838 3240 1710 3374 wo er in der Logl war.
639 3348 2693 3549 Tini: Ich bitt dich, begleiten hätt' er uns schon
840 3512 1144 3668 können.
634 3612 2746 3803 Maris. Was hegn dich das kinmemt der Nemann ist ja
856 3750 1480 3935 palant für Zuel.
626 3877 2703 4075 Tini: Es is nicht wegen dem. Aber sichst du, Märie,
848 4011 2751 4159 wenn du nicht dabei bist, hab' ich nur die hälbs
