3176 4296
751 1459 2605 1596 Fr: Aber ich weiss nicht, was du haben willst!
748 1558 2912 1757 Ad: Mir kommt vor, als wäre der Vorhang heruntergelas-
950 1725 1128 1844 sen.
756 1844 2772 2018 Fr: Das nehm ich nicht aus, es ist zu dunkel. Ich
947 1957 1940 2118 Glaube es übrigens nicht.
947 2096 2842 2266 lässt sich auf einen Fauteuil neben dem Fenster
740 2126 872 2220 Au:
950 2220 1254 2366 Fallen:
939 2347 2532 2511 Aber gehr, das ist ja gerauezu kindisch!
740 2371 869 2471 Fr:
942 2476 2812 2640 :in höchster Angst:) Fritz! geh hinunter, sich
743 2506 872 2667 Ad:
937 2608 2850 2772 nach, ob die Vorhänge heruntergelassen sind. Ich
939 2732 2605 2904 beschwöre dich – ich trau mich nicht wegl
923 2874 1897 3033 wenn es dich beruhigt...
745 2904 877 3033 Fr:
939 2995 2721 3146 Aber gieb Acht, mach es nicht zu auffallend.
748 3022 883 3125 Ad:
923 3127 2837 3283 (:luchend:) Ich werde vor mich Einträllern, wäh-
1012 3262 1790 3418 end ich vorübergehe.
937 3369 2872 3536 Icl. sterbe vor Angst, Fritz! Ich bitte dich, geh!
950 3515 2799 3639 Icli sage dir nur, dass ich mich keines Nachmit-
942 3655 2810 3805 tags erinnere, an dem dort kein Wagen gestanden
947 3816 1114 3921 ist.
743 3787 915 4034 a.
1203 3916 1868 4058 die Türe gut ab.
