3390 5464
595 1698 1302 1859 A, mir ist so me
598 1824 1510 1997 Was ist da drchen Ere-
604 1947 1979 2132 Da konnit der Bub, Herr Meiring nacht
595 2076 959 2220 noch da.
604 2208 1666 2396 Marie! Hast du Kinder fern?
595 2323 1507 2498 Krentuelles Gespräch eu
1918 2340 2504 2519 Meiring und Rr
595 2463 2141 2686 Beschluss einer allgemeinen Landpartie.
586 2727 1282 2891 Weidling am Bach.
595 2850 2795 3053 Friti und Eyon kommen zueröt allein. (:Die Mädchen sind
586 2997 2918 3158 auf der Wiese, pflücken Blumen:/. Unterhalten sich über die
586 3094 2836 3320 gante Gesellscraft. Fanschin habe fich jetzt genu, von all
598 3258 2818 3452 den Leuten. Es wär gat, wenu wir mit den Miderin allein
622 3369 2921 3548 wären. Der alle Feür ist ein original. Und der. Herr Albert
604 3525 1633 3677 macht der Deinen die Cour.
616 3613 2935 3786 Eren findet es sche amisant, sich einmal unter disse Sorte
604 3774 2845 3944 Menschen zu mischen. Die lini, an der ist nicht vieldran,
610 3915 2918 4062 der ist jeder Leutnant gefährlich. Aer Marie scheintmehr
586 4020 2944 4223 Fond zu haben. Prth ist Fritz eigentlich nur wer eins: dass
578 4170 2836 4334 er aus dieser schwülen Atmosphäre draussen ist: Iumerhin,
