3272 4280
825 2808 961 2944 St:
845 3236 974 3339 St:
845 3598 969 3742 St:
1014 1354 2094 1507 nimmnt ... und die Andern --
951 1492 2647 1633 Is das schon ein Stückerl von deiner Red?
830 1638 2733 1771 St: Schon möglich. - Weisst du, dass die Fräuln
1012 1739 2853 1890 Christin neulich mit der Iizzi im Theater warz
974 1872 2992 2026 Na, die Siinde wird ihr auch noch zu. verzeihen sein.
1027 2021 2856 2159 -Mir fallt grad ein: die Christin hat's sogar
1024 2149 2957 2270 meiner Frau erzihlt. Wird also nix dahinter sein.
1014 2260 2939 2416 Und von den Herrn, die unten gewartet haben, hat
1029 2431 1882 2551 sie dir auch erzählt?
994 2516 2982 2692 Ich bitt' aich, im Thèater trifft man leicht einen
1034 2682 1485 2816 Bekannten.,
1024 2773 2863 2947 Me in lieber Euuard,“ nicht Jeder findet sich so
1042 2954 1454 3065 leicht ab.
986 3055 2139 3198 :plötzlich heftig:) Schweig!
1039 3186 2977 3352 Entschuluige mich, Eduard. Mich hat die G'schicht
1039 3332 1915 3467 halt ein wenig erregt.
1006 3467 2126 3611 Du hagt sie heiraten wollen.
1039 3568 2989 3711 Noch vor ein paar Monaten war sie so vertraut und
1044 3704 2987 3850 herzlich zu mir - du weisst’s ja. Ich glaub“, sie
1034 3865 2043 3996 hätt mich gern genommen.
