3467 5464
1017 1616 1703 1754 nachmittag. Wir st
985 1837 2912 2048 und es war grosse Gesollschaft bei euch. Auf der
990 1999 2761 2164 Terrasse sassen sie beinah alle, nicht wätrt.
973 2147 2880 2290 Wir waren anfangs auch dori gesessen,- erinnerst
990 2256 1334 2378 du dicht
978 2380 1257 2543 OGotti
973 2484 2865 2676 am Fitter stenden nur dann, als wollien wir nur
985 2620 2931 2807 auf die Strasse Einsfwsschen, und jeden Augenblick
995 2783 2870 2919 Flogen Staubwolken auf von aen vielen Wagen, die
1009 2907 1495 3033 vörweikamen.
956 3040 2089 3215 das wird in August ein Jahr.
968 3166 2220 3273 so spat lm Sommer war es schon?
963 3292 2247 3467 Fa. Die Abende waren schon. lang.
944 3421 2339 3540 Haben wir es damals schon gewuest?
961 3535 2708 3676 Wer uns danals den heutigen Tag vorausgesagt
956 3702 1240 3807 hätte-
956 3797 2783 3986 Hur ja, darals. war ja auch alles so munaerbar.
968 3935 2814 4149 in was für einem Frauneustand man da eigentlich
