3467 5464
1003 1568 1243 1767 Aon...
1308 1566 2886 1760 Mer so - nein, so war es nicht möglicht
983 1728 2901 1872 Das war nicht Flück, selbst wenn wir es manchmal
1287 1857 2634 2032 n. Es war nicht einmal mehr Liebe.
1054 2015 2224 2151 Ich habe dich geliebt, Fritz.
1010 2090 2818 2270 das Beste, was uns werden konnte,-Ist der Ab-
1017 2233 2940 2398 chied, bevor's zu spät ist. Ich glaubé, die Erin-
1107 2372 2915 2520 ruug wird uns Beiden noch nicht völlig vergir-
1049 2539 1389 2697 et sein.
986 2634 2083 2779 Du bist recht liebenswürdig.
1037 2755 2908 2906 minschest du eiwa Ehragen? - Diese Dinge müssen
1049 2908 2801 3068 erbärmlich enden, wenn man nicht den Mut hat,
1054 3066 2097 3195 selbst ein Ende zu machen.
823 3180 1823 3348 Ad: Und au rast uen Mut.
998 3280 2784 3437 unu duch macht es ja froh, dass ich ihn habe.
1054 3418 2857 3564 Du setinst dich wieder zurück, nach dem ruhigen
1041 3505 2986 3700 Leben, das du an seiner Seite geführt hast, – nach
1032 3673 2981 3840 der Zeit, da dich kein Geliebter quälte und, da du
1061 3811 2945 3950 vor keinen Gatten zittern musstest. Ist es nicht
847 4105 1464 4231 Ad: Es ist so.
