3337 5464
1784 1865 2842 2052 spazleren geht er wirklich
1677 1988 2790 2131 in Unterschieu zwischen Spa-
1834 2154 2788 2289 enMen. Der Eine schaut
1193 2297 1426 2446 AI5
1867 2275 2792 2413 die nubschen Mädeln...
1110 2396 1521 2522 a, unu der
1851 2380 2835 2567 ie wira schon was Anders
1193 2690 1566 2809 Aob. aas
2102 2676 2823 2842 sphischer Büriler.
1006 2961 2652 3094 Ich mein's auch anders. - Wissen Sie, der
1991 3068 2859 3227 tellen, dass der durch
1321 3080 1953 3229 ich kann wür vor-
1032 3196 2781 3364 sanze Melt so sparieren geht.., so pemitlich
916 3310 2811 3480 wie durch die Strassen von Mien, undüberall tau-
916 3431 2800 3618 seun Dinge sicht, die kein.Anderer beiterkt. Das
937 3568 2788 3744 1st: er sicht nicht nur, er denkt auch über die
949 3703 2856 3841 linge nach.- Und dann die Freude - oder nein: das
956 3839 2752 4000 Meresse an allem. Er bringt''s ja sicher nie
916 4000 2743 4150 zu was. pr hät ja walrscheinlich zu nichts ein
911 4119 2802 4263 ausgesprochenes Talent, - aber ist ein so hefzli-
