3208 4456
1001 1490 2878 1704 Der Zufall fügt es, dass sich Herr Berendt eben
804 1552 952 1668 Fr.
1009 1622 2765 1803 bei mir befindet, und es wird vielleicht das
1011 1759 2876 1916 Einfachste sein, wenn ich ihn bitte, sich her-
1019 1891 2884 2092 einzubemihen, damit sie ein Rendez-vous mit ihm
998 2017 1464 2170 besprechen.
797 2180 1433 2325 R: Bitte sehr.
812 2227 2728 2449 er. darf ich dich sinen koment bitten, Homnenn.
804 2397 2183 2591 6. Auftritt. Reith, Fritz, Hornann.
807 2519 2866 2721 Horn: Was wilist du dennt... oh, Herr Reithl auten
1011 2666 1945 2814 Abend. Das ist aber....
1022 2788 2979 2997 Ich muss dich un einen grossen Freundschaftedtend
812 2785 952 2948 pr.
1003 2935 1324 3096 bitten.
820 3021 2695 3222 Hern: Wieht... Donnerwetter, was ist denn lost
830 3197 1800 3357 Fri Herr Reith kommt...
988 3290 2868 3517 Ich habe mich bereits bei Herrn ging entschuldig
1011 3435 1916 3613 dass ich allein konne.
828 3569 2904 3773 Hern: Ach so. -Willst du mich einen koment mit Her-
1022 3688 1929 3841 Relth sprechen lassend
991 3820 2858 4019 Ich habe sie eigentlich nur zu fragen, Herr Be-
1027 3949 2941 4102 rendt, zu welcher Stunde des morgigen Vormittage
1034 4063 2878 4254 sie die freundlichkelt haben wollen, mit Herrn
