3479 5464
873 1617 1832 1784 Karie: Zu rechter Zeit.
873 1736 2363 1917 Kath: Die Warie ist ja noch so jung.
860 1912 2830 2060 Ed: Du weisst schon, was ich mein, "zur rechten
1062 2002 2830 2220 Zeit'. Jaja.- Sie sind jung, Sie sind hübsch,
1075 2174 2920 2360 Fraun Marie, und es ist nicht mehr als billig.
1062 2281 2992 2443 dass Sie das Unglück, das Sie betroffen hat, ver-
1065 2427 2939 2578 Gessen: Han trauert ja nicht in einem fort, man
1065 2570 2905 2727 will ja noh wieder aufatmen, man will doch et-
1043 2679 2836 2859 was vom Leben haben. Ich find es ja auch be-
1049 2804 2881 2987 greirlich, dass Sie sich nach fesellschaft um-
1049 2931 2947 3117 schauen; wenn auch grad die Tint nicht die rich-
1062 3064 1402 3199 AigE Ist.
844 3170 2493 3369 Marie: Die Rint ist ein sehr gutes Mädel.
820 3324 2416 3510 Kath:. Was kast du denn gegen die Rinte
850 3470 2984 3659 Rd: Nichts habe ich gegen sie. ys kann ja. Jeder nach
1038 3579 2936 3781 seiner Art leben, aber es stellt sich auch jeder
1035 3738 2891 3895 elne Zukunft selber her. Sehen sie, prauln wa
1035 3874 2976 4049 rie, ich vergännert halt dem nranz ein Mädel, wie
1017 3996 2955 4163 Bies sind - ein ltädei, wie Sie's heut sind und
1017 4150 2915 4293 wie so wenige es bleiben. Ich sehr ja das Leben,
