3412 5464
1068 1625 2221 1733 1124t: Versteht sich.- Und dur
1061 1740 2596 1911 Krist! Er hat mir gsckrichen, er kanr
1243 1888 1518 1997 kondien.
1341 1967 3155 2140 Du, das sinu aber sondernare Kanieren. Weisst,
2575 2138 2933 2240 inlassen.
1375 2124 2529 2267 so was möcht neh mich nicht
2288 2230 2882 2397 lass anschaun.
1750 2240 2277 2383 irdennt ten.
1237 2260 1722 2418 schreibt sr.
1287 2383 1613 2547 Er hat
1664 2383 2309 2522 halt keine Zeit.
1310 2519 2524 2679 gen, lass) mir den Brief lesen.
1204 2649 2415 2808 st: Mennis( dich interissiert..
1368 2764 2984 2894 ILebks Fruulein, seien Sie nicht bise...
1243 2910 3021 3032 Wenn einBrief so anfangt, das hab ich schon
1243 3037 3079 3164 gern - natrIch werde in letiter Stunde vernin-
1807 3164 3042 3337 zu sehen. Wenn Sie lieb sind.
1232 3173 1659 3294 dert, Ste. .
1255 3317 3072 3474 liebes Friutein, scureihen sie mir zwei zeilen,
1227 3439 3069 3550 oh ich Sie morgen oder übermorgin an bewussten
1237 3559 3095 3686 Ort trefrin kann. Ich küsse die schönen blassen
1648 3698 3155 3851 /:Wirft aen prief ins Kerbchen:/ Ab-
1237 3689 1609 3848 Finger...
2813 3841 3088 3943 schrie-
1237 3825 2508 3971 testen? - Na, last du die ztel ze
1003 4098 1632 4232 Christ: Nein.
