3288 4264
1046 1283 2010 1440 wo man nicht vernungert.
1017 1398 2910 1558 Aber ich bitt" dich, du musst ja denken, Franz-
1089 1550 2910 1704 sie ist ein junges Mädel, und aie Jugenu sucht
1046 1691 2130 1808 hält wieder die Jugend auf.
1052 1795 3003 1960 Glaubst. du viblleicht, die Mizzi ist die richtige
860 1850 985 2002 St:
1062 1946 2913 2093 Gesellschaft für so ein Mädel wie die Christinz
1017 2071 3035 2229 Ich bitt dich, es wird auch nicht alles wahr sein,
1062 2207 2913 2346 was man von der erzählt. - Schliesglich lebt st
1060 2343 2024 2479 zuhaus bei ihrer Mutter.
868 2465 2213 2623 St: Dass grad du so naiv redst-!
865 2604 3011 2766 B: (ikurze Pause:) können die bravsten frauen werden.
868 2764 1337 2876 St: Danke.
1022 2841 2979 3019 Na ja, du hast ja Recht. - Aber man muss anderer-
1076 2974 2982 3136 seitis nicht zu streng mit ihnen ins Gericht ge-
1070 3102 3014 3270 hen. Jung stna sie, Aufsicht haben sie nie direk-
1081 3254 2753 3400 te, die guten Ratgeber sind auch selten...
1078 3371 2985 3525 Das ist es ja. Die Einen werden vom ersten Atem-
1089 3483 2995 3672 zug an mit Sorgfalt umgeben, man lässt sie nicht
1086 3653 2886 3802 aus dem Aug“, und wenn die gefahrlichen Jahre
1081 3765 2993 3930 kommen, so sparrt man sie förmlich ein und wart-
1086 3911 2966 4074 tet, bis der brave Mann kommt, der sie zur Frau-
