3480 4440
1025 1376 2084 1545 Ich habe eine solche Angst.
1020 1511 3077 1649 Loge ins Theater wird gebracht. Das Stück soll nicht
1025 1647 2757 1803 vdel heissen, aber der girardi ist glänzend.
1020 1771 2138 1907 Emma: Du musst auch konnen.
1033 1899 2260 2050 Fritz: Ja. Wenn ich Zeit habe.
1033 2029 1993 2185 Was hast du denn zu tund
1033 2180 1748 2318 Ja, ja, ich komme.
1030 2271 3127 2445 Richard: Ja, sicher wird auch Fritz Willner im Thea-
1033 2458 1423 2573 ter sein.
1035 2573 1688 2703 Also im Theater.
1030 2669 2658 2841 Wein, heut will ich ins Freie, aufs Land.
