3479 5464
1860 1685 2894 1842 ja aldes... Gott, ich hab!
1151 1792 1826 1964 Anches begreifen.
1850 1816 2931 1977 usgen. Unu schliesslich sind
1190 1925 2938 2110 une, und, wenn Sie's auch selber nicht wissen,
977 2087 2813 2246 voll Lebenslust, und allein sind S’ auch. Wenn
979 2191 1553 2365 Sie heut oder r
1730 2219 2824 2384 ndie Frau vom Franz werden.
1868 2352 2886 2501 und ein glückliches Paar.
1227 2467 2803 2641 Prinzen, Fräuln Marie, die kommen sehr
972 2608 2824 2761 selten; unu wenn einer konmt; so geht er wieder
966 2714 2800 2879 fur gewöhnlich, bevor er einen geheiratet hat.
925 2852 2339 3014 kleinekarl: (:kormt herein:/ Vater!
959 2959 2876 3155 Mas kommst denn so hereingelaufend shört sich
946 3116 2881 3277 dast Wirst den rräuln iarie wenigstens ein guten
943 3267 1383 3379 Tag sagen?
896 3386 2014 3506 1: guten Tag, Fräuln Marde.
745 3483 2777 3673 Maris: (iteugt sich zu ihm, um ihre Verlegenheit zu
953 3652 1980 3809 verbergen, und klisst ihn:)
938 3769 1618 3908 Was willst dennz
735 3905 1954 4064 Karl: Der Herr Stecher is da.
750 4027 2845 4202 Ed: Kr. hat mir g sagt, dass er uns im Vorbeigehn ab-
948 4142 2644 4366 nohen wird. Ma, Fräuln Warie, was is donnt
