2968 3832
1685 787 2109 912 13XII. 93.
485 864 1089 941 Das arme Madel.
488 980 2462 1097 Fritz un: Eron gehen in der Vorstadt spazieren, da
511 1116 2406 1235 trefien sie-Marie und Cnristine. Frichlingsabend.
474 1232 2449 1357 -Fritziat ein Vertiltnis mil einer verh-irateten
480 1367 681 1450 Frau
466 1521 1595 1593 Zu Begirmer in lariens Heim.
472 1643 2552 1749 lürrie ist von Haus we,, die Futler ist gestocben. Ma-
498 1760 2491 1879 rie beiin ein Vlnis mit Fritz. Frit ist in
527 1895 2475 2006 ie Vostadt Fi: ausgeburwelt, mirde von dem nervösen
461 2051 2584 2144 V1isit eer Frau. rbeueiel F. Märie nicht
445 2173 2573 2282 n r, soien einen Zietstrahl aus
448 2274 2435 2406 nei Welt, nacri ier sie sich immner gesehnt hat, den
480 2435 2507 2536 Prinien il deni ireien, das Glick, die Jugenu, das
443 2525 962 2629 Leben sllst2
437 2687 2462 2780 Ei werirt 1it 11z11:ugrosse iebe ab. Nicht aus
427 2790 2480 2907 Blasiertheit, sondern weil er sie nicht zu sehr ver
424 2918 2544 3048 letzen will, wenn das Ende kommt. Er biltet sie, sich
424 3063 2488 3169 nirht allzuserir ur ihn zu kummern. Er wird ab und zu
432 3191 2438 3307 konoien, er wird oft kommen; sie soll ihn aber nicht
429 3315 946 3416 Frasen- nie.
