3272 4248
859 1339 1428 1498 von christine.
818 1472 2902 1647 Weiring: Freilich - war ja eine Art zolleg“ von mir,
1056 1620 2951 1766 hat aber nie eine Chance gehabt; sein Lebtag hat
1056 1731 2948 1912 ers zu keiner Stellung gebracht, immer nur Lek-
1050 1890 1660 2041 tionen gegeben.
815 2001 2867 2198 Später kommen christine und Iizal, dann auch Binder.
810 2136 1590 2300 Bekannte Gespräche.
810 2268 1698 2408 Christine unu Weiring.
815 2403 2981 2560 Dann Fritz unu Hermann, von der Bummelei zurückkommend.
818 2541 2589 2711 Gespräch schon etwa so wie im jetzigen I.Akt.
845 2660 2128 2827 Dann kommen christine und Mizzi.
821 2786 2951 2948 Zum Schluss kommt der Parkwächter zu dem letzten Paar,
850 2940 2757 3081 das noch sitzen geblieben ist: "Zug' spirrt wird!
2349 3056 2757 3205 30/VII. 94.
