3208 4264
796 1370 2785 1548 Die Geliebte ist es, die verpflichtet ist, dich zu
796 1543 1301 1678 hintergehen.
807 1744 2910 1949 Sie hat sich verkauft, und hat es durch einen Pfaffen
815 1928 1577 2076 beschönigen lassen.
810 2151 2251 2323 Laster ist die Tugend der Schönheit.
828 2421 1628 2573 Undreue trotz Liebe.
826 2663 2100 2828 Ehen werden im Himmel gebrochen.
834 2952 1965 3074 Stromschleifen in der Liebe.
828 3175 2960 3353 Mit dem itistrauen beleidigen wir nur ihre Ehrlichkeit,
834 3319 2469 3494 mit der Sicherheit ihre Verführungskünst.
