3476 5464
2330 1663 2691 1819 TT. 34.
1080 1733 2784 1920 komnit gelaufen, von Christins und Kirzt au
950 1861 2758 2058 and getinrt. Erwa wis in der frikeren Fassung.
1009 2138 2901 2348 NT.Auftritt komnen Fritz und Hermann- Gesprich
885 2255 2966 2483 wir in der Eriheren Massutig. Dann konnen die Mädchen.
875 2395 2961 2592 Die Tespricse wis friher. Zur Schluss kommt der Park-
885 2512 2974 2717 machter. Er stellt sich vor das Paar, das unschlungen
877 2621 1653 2779 auf der Rank sitzt.
867 2769 2935 2997 Wieiter: (laut, aber uschanischi) zugspirrt wird?
885 2896 1822 3062 (Dis Zwel geleben sich:
869 3028 1705 3176 Schluss des II. Autes.
2338 3072 2704 3277 1MI. 83.
