3443 5464
930 1573 2943 1823 Weiring: Nötwenuig - gleich notwendigt sh, Fräuln
1128 1769 3038 1948 Marie, Sie haben ja gar keine Idee, wie ich mich
1128 1893 2976 2080 über solche Sachen ärgern kannt ja, seid's für
1120 2010 2959 2175 blichende Mädeln, frisch und lebendig und schön
1107 2127 2981 2335 wie der Frühling selber, wirklich zu nichts en-
1126 2243 3000 2449 derm da, als fuch hochbsglückt dem erstenbesten
1096 2398 2946 2574 braven Menschen in die Arme zu werfen, der die-
1112 2523 2520 2729 Gnaue hät, Auch heiraten zu wollenz
917 2626 2802 2859 warie! und doch - manche möcht mich beneiden.
895 2780 3014 2992 Wetring: O Fräuln Marie, glauben sie nicht, dass ich
1090 2927 2761 3119 Sie abreden will. Wenn er ihnen g'fallt...
876 3057 3057 3222 Werie: Mer gar nicht. Wir is ganz beklommen, wenn er
1082 3171 1646 3312 zu mir redet.
873 3247 2628 3486 Wetring: vielleicht is. grad das die Liebe.
868 3453 2924 3651 Marie: o nein. Ich stelle sie mir ganz anders vor.
1421 3591 2051 3768 kleine Pauss:)
849 3686 2927 3887 weiring: Also spielen wir jetzt wasf /:Schlägt ei-
1044 3830 2978 4017 nige Röne auf dem Planino an, um die Violins da-
1044 3971 2807 4145 nach zu stimmen./ Ist aber schon recht ver-
1044 4115 1343 4234 stimmt.
852 4210 2005 4400 Marie: /:stcht beim Venster:)
