3479 5464
990 1592 1999 1787 in dem Fohal Piatz.
792 1777 2169 1935 Märie: Fur mich is halt nix schres
2360 1811 2854 1960 der, als wenn
973 1926 2089 2023 so vial Leut beisammen sind.
994 2023 2282 2184 nrauln Marie, nehmen Sie mir'snt
2347 2048 2825 2172 nt übel, ich
982 2143 2796 2306 hab' in da nichts dreinzureden, aber wenn die
990 2279 2696 2452 Frau schon amal angefangen hat... Sie täten
1036 2406 2133 2562 Franz eine grösse Freud' mac
2123 2440 2881 2569 ken, das is glwiss.
787 2459 1036 2679 ar1o.
1065 2579 2828 2732 Ader ich bitt sie, Herr Binder: wenn einer
1019 2686 1728 2847 zu dreitausend Hens
1991 2698 2771 2837 edt, wirds ihm grad
1002 2820 2238 2991 auf ke eine unwichtigs Person: an
1175 2954 2825 3100 n Marie, Sie wissen S' ganz gut: die dreif
994 3079 2813 3249 tausend ilenschen sind was, und Sie sind wieder
977 3205 2767 3405 wasganz anderes. und ich glaub', ihn sind sis
973 3356 2876 3459 wintiger wie die dreitausend. wenn Sie mich fra-
985 3461 2825 3632 gen, ich findi das nicht einmah schön von Ihn.
770 3590 1002 3744 Kath:
1031 3593 2910 3754 Du bist aber gar nicht galant zum rräuln Mlarie.
948 3703 2908 3915 Die Fräuln Marie weiss, wie ichs mein. Und sie
968 3856 2854 4024 weiss auch, wenn ein Mann wie der Franz Sfecher
968 3985 2871 4114 six um ein Mädel bemüht, so ist das was Anderes,
1002 4129 2462 4288 wie wenn der erste Beste daherkommt.
