3420 5464
1137 1785 2970 1987 ich heut) noch die schönsten Frauen von der Welt
1113 1948 2308 2120 seli, wird ich an dich denken.
880 2059 2900 2256 Marie: aott, wenn du über die Stiegen drunten bist,
1090 2208 2278 2352 weigst du nichts mehr von mirl
977 2322 2153 2513 tz. Gieb mir einmal die Hand.
858 2471 1755 2618 Marie: (:tut es:/ Nar
1154 2590 2978 2768 Und schäu' mich an.- Seit ich dich kenn“, hab!
858 2607 1110 2734 Fritzi
1107 2732 2917 2859 ich überhaupt noch keine Sekunde aufgehört, an
1090 2851 2914 2983 dich zu denken. Und wenn du auch nicht wilist,
1085 2989 2206 3166 du musst mir's doch glauben.
1154 3122 2604 3249 Ja, weil man so was immer gern hört.
833 3149 1088 3268 Marie:
1160 3213 2997 3429 Hörst duis gern, so sag' ich dir's nöch einmal.
836 3266 1110 3437 Pritz.
1113 3376 3006 3531 Ich denk an dich, ich träum von dir, - du bist
1085 3523 2939 3678 süss und du bist gut, - und iieb, lieb hab' ich
1079 3628 2759 3791 dicht. (:Presst sie an sich und küsst sie:)
1079 3767 1719 3922 Tieb..../:ab:/
822 3880 3047 4074 Mario: (:eine Weile an der Füre, dann geht sie zum. Fen-
1079 4007 2917 4176 ster, setzt sich hin und träunt. Sie nimmt die
1085 4129 2018 4287 veilchen und kusst sie:)
822 4312 1265 4450 28/III.94.
