3449 5464
2524 1719 3141 1888 mindestens nich
1324 1883 1556 1989 mer Eid
1747 1876 3051 2032 ckes Andere, was man tut, um sich
1220 1974 2090 2146 ie Zeit zu vertreiben.
1220 2135 1558 2262 :ist.
2536 2158 3063 2259 GEM unu hat
1306 2259 3010 2418 kBilder sowie "unstgegenstände angesehen:)
1185 2393 2367 2536 War ist uasz. Wieder was Heuesz
1089 2494 2796 2685 Laner: Das küngt schon drei Jahre lang da.
1044 2625 3066 2789 renut: Duhast da würklich ganz ntzückende Sachen.
1180 2756 2879 2930 Du siehst sie dir vahrscheinlich selten an.
991 2882 2998 3061 Meliner? O sa, ick schr sis mif schon zureilen an.
1175 3031 2970 3172 iener: (:tritt rerein, bringt auf einer Tasse
1185 3187 3015 3338 Kafres, Cognar, Bensuiktiner. Die Herrenbedie-
1185 3310 2960 3406 nenfst sich. Walnner u. Balding sitzen an einem
1205 3444 2899 3560 leinen Rauchtischchen, Brandt stellt seine
1198 3598 2579 3679 fasse auf eine chinesische Flagère.
1291 3706 2544 3802 tritt ein, ninmit eine Cigaretle,
2577 3714 3083 3863 Baluing giett
1324 3822 3066 3948 Feuer:/ Danke. Eigentlich wärt Ihr je jetzt
1160 3976 1934 4105 doch lieber allein.
