3128 4504
1736 1609 2307 1787 Tsohl, 15/VII.
703 1625 1172 1890 2chustriet.
703 1841 2742 2052 Fritz(im Zimmer hin und her, dann zum Fenster.) Wo
896 1985 2786 2166 bleibt sie dennt.... Ah, da ist siel... Was ist
901 2109 2851 2292 denn dast... Ist das der selbe Magen, der dort um
896 2258 2686 2431 die Ecke biegtl .... aber nein, nein, neini
912 2410 2853 2578 -De wäre wahrätig Unsinnl (:Auf die Uhr sehend
896 2521 2776 2699 Wie spät es geworden ist... Das wäre nicht übel
899 2637 2835 2825 gewesen, wenn die sich noch auf der Treppe begeg-
901 2791 2742 2954 net wären. (:Zum Fenster:) Was will ich denn
886 2905 2763 3093 dar (:setzt sich auf einen Fautouil:) vorbeil
891 3031 2827 3206 Nal ... Imner zittern Tränen in diesem Wort - vor-
886 3170 2730 3319 beil... auch wenn nicht Anderes vorbei ist als
894 3306 2722 3489 Qual und Lügs. (:sinnt.- Es läutet. Er stcht
891 3445 1725 3602 auf und geht öffnen:)
706 3492 2176 3736 3. Auftritt. Fritz, Hormann und wirzl.
726 3682 2258 3863 (Wan hört sie schon draussen sprechen:
703 3832 2567 4009 Fritz: Grüss ouch dott! - No ist die christine
706 3963 1913 4125 wirzi: sie komnt gieich nach.
695 4102 2768 4251 Hermann: Eretens ist es hier zu dunkel. - Zum Febt-
