3480 4392
1046 1513 1580 1636 kleiner Park.
1054 1610 3109 1781 I. Alter Herr auf der Bank. (:kann nicht mehr weiter
1049 1768 3184 1926 lesen, weil's dunkel wird:) Die Frau Blasch. Gespräch.
1052 1883 3074 2047 Das Kind.- Fräuln Marie, die wohnt jetzt auch neben
1052 2020 3063 2170 uns. Ich kenn sie schon lange; sehr fleissig, brav.
1052 2154 2406 2304 Ihr Mann ist in den Versammlungen.
1060 2264 3152 2420 Egon-Fritz. Das. war wieder so eine echte Bummelei wie
1052 2401 3181 2554 in den Studententagen. Schön. Und der Frühling. Davon-
1052 2532 3074 2680 reisch. Man kann sich aus einem Abenteuer nicht nur
1054 2656 2876 2819 ins Freie, sondern auch in ein anderes retten.
1046 2795 2988 2970 Egon: Du, die kenn' ich, die eine, von der Tanz-
1046 2935 1312 3029 schul!
1046 3029 3101 3203 Der alte Herr gönnt den Kindern alles. Das bissl Le-
1052 3179 3066 3353 ben! Um jeden Augenblick is schad“, um jedes Alzerl
1054 3302 1422 3439 Frühl ing.
1035 3439 3192 3597 Bekanntschaft Fritz und Egon Tini und Mfarie macht sich
1046 3600 1379 3715 schnell.
1046 3699 2674 3849 Fritz fährt nur rasch hinein und sagt ab-
1043 3828 3106 4018 II. Nach Weidling am Bach. Siehst du; du musst nicht
1046 3978 1532 4163 viel fragen.
