3467 5464
1009 1603 3083 1790 ritz: Und ich... ich! Wenn ich so an die letzten Wo-
1146 1769 3111 1940 chen., wenn ich an diklletzten manche Abende
1161 1919 1541 2051 des vergar
1635 1903 3049 2082 men Winters denke unu euch nach dem
1169 2048 3054 2193 Therter oder nach den Souper verlassen musste...
1164 2172 2966 2297 Und glaubst, du, dass ich beneidenswert warl...
1174 2278 3085 2460 Ich, die in jedem Augenblick,- bei jedem Licheln,
1187 2397 3111 2560 jedem Blick mich in Acht nehren musste. Besonders
1182 2537 3106 2718 in der letzten Zeit, wo er manchmal so sonderbare
1169 2674 2964 2840 Bemerkungen machte, die ich kaum zu verstehen
1164 2796 3031 2961 waste.:.. die ich wol auch falsch ausgelegt ha
1146 2948 3047 3062 be... Aber entsetzlich war es ja doch - entsetz-
1164 3181 3039 3367 Du meinst irklich, dass er in der letzten Zeit
1197 3323 1712 3489 etwas alnter
1151 3447 3078 3600 Hein, ich habe mich sicher geirrt. Wenn er einen
1169 3582 3085 3727 Verdacht gehabt hätte.... Aber er kann keinen ha-
1159 3729 3031 3854 ben. - Aber Kxk trotzdem, man deutet jedes Wort
1159 3838 1446 4011 anders.
1159 3957 2979 4120 ruhig lächeind:/ Und siehst du, liebe Adele,
1151 4076 3127 4244 alles das wird verschwinden, Wenn du jetzt deinen
