3412 5464
1379 1580 2969 1746 cn witte auch, kein Mensch kann Air was
1134 1694 2840 1880 agen wegen einem Billet ins Theater. Und we
1265 1842 2673 2004 was sagt, ls es die reine Bosheit.
1108 1989 2025 2163 tritt. Mirzi tritt sin.
920 2142 1256 2271 Wizli:
1244 2120 2473 2287 ruten Aend. (:Kärl die Mangen
1125 2242 1360 2409 Fruss
1406 2244 2132 2413 ich Gott, Spitzbub.
1532 2380 2182 2504 itter, die Federl
1260 2485 2182 2633 das der Sub. alles ierkt:
1186 2604 2809 2814 das is abei wirklich ein hubsches Uuterl!
967 2799 1849 2919 1221: Is ja nix uran.
912 2878 2595 3042 Kath: Wo häben si denn die Vorngekauft?
936 3011 2757 3164 uleri:. Es eine alte Forn, nur neu aufgeputzt.
1794 3166 2666 3283 ck. (Verabschiedung:
929 3190 1673 3305 kath: So viel Gese
936 3316 1611 3445 tine Mer
936 3402 2299 3552 christ: Willst dich nicht setient
946 3519 2864 3700 misel: Ich komne nur auf einen Sprung.- Geh, wie
1134 3702 1918 3857 is denn eigentlicht
936 3783 2468 3993 Christ: Auf dpeivaertel sieben geut''s.
1013 3945 2399 4096 211: Na, bis sieben habt ich Zeit.
953 4079 2092 4262 christ: -Priffst dich mit ihm
