3345 5464
2285 1646 2850 1767 en. Ueber the-
515 1601 1581 1794 kennen, zu denen die Häuelr
515 1726 2880 1918 ater. Ich werd euch morgen Billetts schicken zu der Operst-
530 1962 2880 2190 In der Wohrung Mariens. Sie sitzt und stickt. Der sub komnt.
515 2119 2859 2285 Er will Bücher lesen: Hans weiring konnet, er will ein Ver-
530 2238 2910 2430 telstiruchen mit ihr pläudern. Sie hät die AupEintung, einen
536 2389 2886 2575 Freutd (egehüberzustehen. Er hal den Frühling und die Jugend,
530 2531 2850 2735 esrin. Was er eigentlich wart Er war sehr viel. Mät aber kei
536 2652 1912 2848 nen Sinn gesehen im Medterarbeiten.
1983 2791 2839 2951 niaden, worgen mit in-
518 2791 1888 2951 Dann komnt Her: u, Frau Blasch. Sie
1992 2913 2818 3093 mit, der Karie gern
515 2927 1791 3111 nen aufs Land. Ach Albert kinder
518 3040 1151 3226 heiraten möchte.
515 3138 2776 3363 Herr Blasch sart Marien im Vertrauen: konnen Sts mit. Man
524 3297 2842 3484 soll nicht über seinen stand. Was huben Sie denn davont. Se-
524 3413 2705 3635 tzen sich an Tut was in den Kopf. Mein; nein, No is je
515 3570 2682 3741 auch ein glick für Sie. Es trifft sich nicht bei jeder.
518 3697 2771 3869 dass sie so fritt etwen Mann kriegt, und dann ist ihr man-
515 3839 1637 3990 ches zu verzeihen. Aber so-
536 3937 2836 4123 nrau Blasch: Es ist schwer zu sagen (:Mlarie hat sie um Rat
524 4085 2850 4283 getragt: /. Uir gehtis gut. Aber wenn ich die Wahrheit sagen
503 4221 2827 4407 solt: nicht um alles in der Welt nicht! ich die Erinnerung
