3144 4504
914 1685 2740 1806 Gewiss nicht. - Und gar an dem Tage, wo man so
917 1835 2777 1907 reuig ist. - Du kannst dich drauf verlassen: so
944 1959 2350 2030 ungerecht sind sie im Himmel nicht.
921 2077 2757 2168 Für dich ist alles Scherz -,der Himmel und das
914 2203 2843 2296 Unglück einer Frau, die du vernichtest.... alles,
912 2336 2668 2427 alles! - Ich bin bestraft! ich bin besträft!
914 2466 2745 2599 (:will anfangs antworten, besinnt sich und geht
921 2617 1683 2715 wieder hin und her:
921 2732 2777 2828 Was 17ib' ich drum, wenn ich schon zuhause wärel
724 2767 860 2843 Ad:
926 2855 2838 2969 in einer Viertelstunde wirst du in deinem Zimmer
727 2907 852 2979 Fr:
929 3003 2407 3085 sein und über deine Aufregung lachen.
727 3112 2703 3215 Ad: got gebs! - Und ich muss weg - ich muss wegl
732 3235 2678 3385 Fr: (:beim Fenster:) jein Wagen weit und breit:)
737 3405 1633 3494 Ad: Leb' wohl, Fritz.
909 3526 2289 3614 Also adieu, und keine Angst haben-
754 3555 880 3629 Fr:
936 3649 2799 3735 Ich muss nun ebendran denken, dass ich heute A-
737 3688 872 3757 Ad:
941 3784 1978 3866 bend Leute empfangen soll1
939 3927 1321 4009 Ich auch.
754 3935 880 4013 Fr:
939 4073 1207 4149 Dur
931 4198 1089 4270 Ja
