3420 5464
516 1610 1623 1808 Fritz! Ieh werd dir sin::
1742 1637 2452 1805 sien verbessernd:
695 1742 2481 1950 Das musst du untauschen. Wir gehen sinmal mit
695 1897 1450 2047 einander eins Aussu
1502 1913 1871 2034 hen - 121
476 2029 1163 2205 Märie: /il ichelne
1371 2044 2187 2194 zu hast ja keine Zeit.
503 2142 2402 2350 Fritz: o ja, ich habe schon Zzeit.- Was s.ielst.
692 2297 1150 2437 eigentliche
492 2423 2126 2581 Marie: Ichhab's ja nicht recht gelernt.
497 2571 1313 2702 Frotz! Ich werde di.
1300 2571 2534 2708 r Unterricht geben - jar Willst
716 2676 1497 2850 dus bei mir demene
492 2773 747 2942 Marie:
795 2818 2321 2973 Das möcht dir bald langweilig werden.
513 2918 742 3081 pritei
839 2963 2581 3118 nein.- Weisst du, dass es bei dir geradezu
1076 3068 2534 3242 d istt, so still - diese Ruhe - es ist
697 3194 2458 3373 ganz merkwürdig: man ie mitten unter all den
687 3334 2581 3492 Häusern und dabei kommt man sich so weltfern, so
716 3479 2266 3634 Hunderbar einsam vor.- Ist dir zuch sol.
463 3618 713 3718 Marie!
755 3592 2639 3776 :vemneinend:) Ich bins vielleicht zu sehr ge-
692 3723 2629 3902 wöhnt. Und wenn du besrag da wärst, da is schon
681 3844 976 4028 Tauter.
497 3957 2613 4165 Aritz: Und Abend dist du immer zuhaus - so wie heuti
497 4113 1658 4263 Maris: o nein, du weisst: ja.
