<?xml version="1.0" encoding="UTF-8" standalone="yes"?>
<PcGts xmlns="http://schema.primaresearch.org/PAGE/gts/pagecontent/2013-07-15" xmlns:xsi="http://www.w3.org/2001/XMLSchema-instance" xsi:schemaLocation="http://schema.primaresearch.org/PAGE/gts/pagecontent/2013-07-15 http://schema.primaresearch.org/PAGE/gts/pagecontent/2013-07-15/pagecontent.xsd">
    <Metadata>
        <Creator>prov=READ-COOP:name=PyLaia@TranskribusPlatform:version=2.7.0:model_id=50870:lm=none:date=22_01_2024_18:15</Creator>
        <Created>2023-09-27T14:36:32.019+02:00</Created>
        <LastChange>2024-01-22T18:15:33.184+01:00</LastChange>
        <TranskribusMetadata docId="1589039" pageId="60124027" pageNr="35" tsid="145632049" status="IN_PROGRESS" userId="40391" imgUrl="https://files.transkribus.eu/Get?id=MKMACGWXYCDEKVSBWJLOUENY&amp;fileType=view" xmlUrl="https://files.transkribus.eu/Get?id=LNWABQWZALBXDGSMFAOETVRL" imageId="48549105"/>
    </Metadata>
    <Page imageFilename="1589039_0035.jpg" imageWidth="3449" imageHeight="5464">
        <ReadingOrder>
            <OrderedGroup id="ro_1711792363965" caption="Regions reading order">
                <RegionRefIndexed index="0" regionRef="tr_1"/>
            </OrderedGroup>
        </ReadingOrder>
        <TextRegion orientation="0.0" id="tr_1" custom="readingOrder {index:0;}">
            <Coords points="959,1471 959,4087 3085,4087 3085,1471"/>
            <TextLine id="tr_1_tl_1" custom="readingOrder {index:0;}">
                <Coords points="1116,1532 1314,1537 1395,1611 1527,1628 1725,1583 1834,1618 1976,1603 1976,1347 1116,1354"/>
                <Baseline points="1131,1539 1173,1539 1216,1539 1258,1539 1301,1539 1343,1539 1386,1539 1428,1539 1471,1539 1513,1539 1556,1539 1599,1539 1641,1539 1684,1539 1726,1539 1769,1539 1811,1539 1854,1536 1896,1534 1939,1534 1982,1534"/>
                <TextEquiv>
                    <Unicode>eern Some</Unicode>
                </TextEquiv>
            </TextLine>
            <TextLine id="tr_1_tl_2" custom="readingOrder {index:1;}">
                <Coords points="946,1730 2980,1715 2980,1613 2762,1575 2536,1628 2409,1600 2323,1633 2217,1572 2011,1641 1499,1608 1349,1649 1288,1605 1116,1654 946,1638"/>
                <Baseline points="959,1671 1060,1671 1161,1669 1263,1666 1364,1666 1466,1666 1567,1671 1668,1666 1770,1666 1871,1666 1973,1666 2074,1666 2175,1660 2277,1660 2378,1660 2480,1660 2581,1660 2682,1660 2784,1660 2885,1662 2987,1671"/>
                <TextEquiv>
                    <Unicode>Baldingi Aber du warst auf siebiehn Seiten versagt.</Unicode>
                </TextEquiv>
            </TextLine>
            <TextLine id="tr_1_tl_3" custom="readingOrder {index:2;}">
                <Coords points="1116,1851 2957,1851 2957,1763 2744,1722 2460,1765 2257,1722 2100,1770 1844,1715 1646,1780 1496,1722 1116,1780"/>
                <Baseline points="1131,1798 1222,1798 1314,1793 1405,1797 1497,1793 1589,1798 1680,1796 1772,1792 1864,1792 1955,1789 2047,1786 2139,1790 2230,1788 2322,1786 2414,1791 2505,1792 2597,1786 2689,1786 2780,1787 2872,1792 2964,1804"/>
                <TextEquiv>
                    <Unicode>her: Ich bitie dick- die letzten Zuckungen des</Unicode>
                </TextEquiv>
            </TextLine>
            <TextLine id="tr_1_tl_4" custom="readingOrder {index:3;}">
                <Coords points="1182,1973 1808,1971 1872,2006 2067,1958 2521,2001 2934,1978 2917,1877 1730,1897 1600,1851 1512,1900 1377,1851 1182,1862"/>
                <Baseline points="1195,1924 1282,1924 1369,1929 1456,1922 1544,1919 1631,1919 1718,1914 1806,1918 1893,1919 1980,1919 2068,1919 2155,1909 2242,1912 2329,1913 2417,1913 2504,1919 2591,1919 2679,1919 2766,1919 2853,1919 2941,1919"/>
                <TextEquiv>
                    <Unicode>ison. Im ichrigen, der Fricling Eingt gut an.</Unicode>
                </TextEquiv>
            </TextLine>
            <TextLine id="tr_1_tl_5" custom="readingOrder {index:4;}">
                <Coords points="1070,2113 1438,2110 1542,2148 1737,2100 1816,2146 2095,2105 2095,2011 2009,1978 1816,2024 1550,1981 1451,2024 1070,2021"/>
                <Baseline points="1085,2056 1135,2056 1186,2056 1237,2056 1288,2054 1339,2051 1390,2048 1440,2046 1491,2053 1542,2055 1593,2052 1644,2051 1695,2051 1746,2054 1796,2056 1847,2056 1898,2056 1949,2056 2000,2053 2051,2052 2102,2056"/>
                <TextEquiv>
                    <Unicode>a. Mas KAx gichtes dennz</Unicode>
                </TextEquiv>
            </TextLine>
            <TextLine id="tr_1_tl_6" custom="readingOrder {index:5;}">
                <Coords points="1103,2245 1864,2237 2097,2283 2361,2229 2572,2247 2574,2146 2480,2123 2303,2166 2021,2166 1895,2120 1773,2166 1443,2171 1106,2128"/>
                <Baseline points="1120,2189 1196,2189 1273,2189 1350,2189 1427,2189 1503,2189 1580,2189 1657,2187 1734,2183 1811,2183 1887,2183 1964,2183 2041,2183 2118,2183 2195,2186 2271,2186 2348,2183 2425,2183 2502,2183 2579,2183"/>
                <TextEquiv>
                    <Unicode>her: Vornröscten ist niedergebrocken.</Unicode>
                </TextEquiv>
            </TextLine>
            <TextLine id="tr_1_tl_7" custom="readingOrder {index:6;}">
                <Coords points="2777,2356 2851,2374 2899,2359 2909,2371 2937,2361 2952,2374 2975,2359 3016,2376 3069,2371 3074,2224 3036,2204 2988,2201 2975,2214 2937,2209 2907,2237 2884,2234 2853,2257 2830,2247 2800,2270 2780,2267"/>
                <Baseline points="2792,2315 2818,2320 2844,2319 2870,2318 2896,2316 2922,2314 2948,2312 2974,2310 3000,2309 3026,2309 3052,2309 3079,2309"/>
                <TextEquiv>
                    <Unicode>ass 15t.</Unicode>
                </TextEquiv>
            </TextLine>
            <TextLine id="tr_1_tl_8" custom="readingOrder {index:7;}">
                <Coords points="1993,2366 2136,2387 2196,2369 2232,2387 2318,2361 2384,2392 2501,2376 2506,2272 2491,2267 2445,2293 2232,2267 2141,2265 2100,2285 2062,2257 1999,2250"/>
                <Baseline points="2010,2332 2035,2328 2060,2324 2085,2321 2110,2319 2135,2317 2160,2315 2185,2314 2210,2312 2235,2310 2260,2309 2285,2309 2310,2309 2335,2309 2360,2309 2385,2309 2410,2309 2435,2309 2460,2309 2485,2309 2510,2309"/>
                <TextEquiv>
                    <Unicode>ie gleichgilt</Unicode>
                </TextEquiv>
            </TextLine>
            <TextLine id="tr_1_tl_9" custom="readingOrder {index:8;}">
                <Coords points="1512,2389 1570,2404 1611,2387 1638,2409 1717,2417 1732,2399 1821,2392 1839,2376 1897,2412 1933,2407 1928,2290 1890,2308 1841,2285 1643,2300 1618,2278 1552,2288 1507,2267"/>
                <Baseline points="1522,2315 1547,2317 1573,2319 1599,2320 1625,2320 1651,2318 1677,2316 1703,2315 1729,2315 1754,2315 1780,2315 1806,2317 1832,2319 1858,2320 1884,2329 1910,2340 1936,2349"/>
                <TextEquiv>
                    <Unicode>mst nicht,</Unicode>
                </TextEquiv>
            </TextLine>
            <TextLine id="tr_1_tl_10" custom="readingOrder {index:9;}">
                <Coords points="1042,2445 1093,2455 1124,2430 1164,2437 1177,2427 1200,2442 1212,2430 1261,2442 1281,2437 1281,2379 1248,2397 1228,2382 1205,2387 1195,2376 1159,2384 1144,2369 1126,2369 1098,2389 1086,2379 1075,2387 1042,2376"/>
                <Baseline points="1057,2453 1082,2450 1107,2448 1133,2448 1158,2450 1184,2452 1209,2452 1235,2451 1260,2449 1286,2447"/>
                <TextEquiv>
                    <Unicode></Unicode>
                </TextEquiv>
            </TextLine>
            <TextLine id="tr_1_tl_11" custom="readingOrder {index:10;}">
                <Coords points="1499,2501 1532,2496 1545,2508 1613,2486 1646,2511 1727,2491 1788,2508 1786,2392 1727,2412 1679,2387 1636,2409 1611,2387 1590,2404 1496,2402"/>
                <Baseline points="1511,2447 1536,2448 1561,2449 1587,2451 1612,2453 1637,2451 1663,2450 1688,2448 1713,2448 1739,2450 1764,2453 1790,2455"/>
                <TextEquiv>
                    <Unicode>st unsel</Unicode>
                </TextEquiv>
            </TextLine>
            <TextLine id="tr_1_tl_12" custom="readingOrder {index:11;}">
                <Coords points="1884,2524 1930,2531 2044,2491 2075,2508 2214,2491 2267,2516 2336,2496 2343,2409 2242,2384 2189,2422 2070,2427 2037,2447 1986,2430 1933,2458 1892,2435"/>
                <Baseline points="1903,2468 1929,2471 1955,2473 1981,2475 2007,2474 2033,2469 2059,2464 2085,2459 2111,2457 2137,2455 2163,2454 2189,2450 2215,2447 2241,2443 2267,2443 2293,2447 2319,2452 2346,2457"/>
                <TextEquiv>
                    <Unicode>dass du di</Unicode>
                </TextEquiv>
            </TextLine>
            <TextLine id="tr_1_tl_13" custom="readingOrder {index:12;}">
                <Coords points="1187,2648 1205,2645 1250,2663 1286,2650 1309,2661 1326,2645 1354,2666 1418,2638 1410,2541 1375,2539 1334,2562 1304,2562 1296,2554 1253,2559 1202,2526 1197,2534 1179,2529"/>
                <Baseline points="1195,2573 1223,2575 1251,2577 1279,2579 1307,2581 1335,2583 1363,2585 1391,2585 1419,2585"/>
                <TextEquiv>
                    <Unicode>IngE</Unicode>
                </TextEquiv>
            </TextLine>
            <TextLine id="tr_1_tl_14" custom="readingOrder {index:13;}">
                <Coords points="1715,2663 1849,2625 1948,2671 2176,2620 2539,2658 2719,2610 2785,2645 3021,2625 3021,2557 2673,2501 2100,2574 1905,2526 1801,2564 1715,2518"/>
                <Baseline points="1729,2607 1793,2610 1858,2614 1923,2614 1988,2610 2053,2605 2118,2596 2183,2576 2248,2573 2313,2575 2378,2578 2442,2569 2507,2571 2572,2586 2637,2608 2702,2608 2767,2608 2832,2608 2897,2608 2962,2608 3027,2614"/>
                <TextEquiv>
                    <Unicode>r interessierst. Wenn man noch. im</Unicode>
                </TextEquiv>
            </TextLine>
            <TextLine id="tr_1_tl_15" custom="readingOrder {index:14;}">
                <Coords points="1547,2790 1808,2749 1882,2803 2262,2752 2879,2765 2879,2724 2704,2671 1943,2711 1740,2650 1547,2688"/>
                <Baseline points="1561,2723 1627,2740 1693,2743 1759,2740 1825,2740 1891,2740 1957,2743 2024,2746 2090,2745 2156,2741 2222,2740 2288,2737 2354,2735 2420,2740 2487,2740 2553,2740 2619,2740 2685,2740 2751,2740 2817,2740 2884,2746"/>
                <TextEquiv>
                    <Unicode>ar aktiver Sportsman gewesen ist.</Unicode>
                </TextEquiv>
            </TextLine>
            <TextLine id="tr_1_tl_16" custom="readingOrder {index:15;}">
                <Coords points="1628,2891 2138,2891 2313,2957 2546,2884 2663,2917 2797,2876 2909,2919 3061,2886 3061,2825 2891,2780 2752,2820 2417,2759 2323,2800 2054,2777 1887,2841 1628,2813"/>
                <Baseline points="1643,2872 1714,2872 1785,2872 1856,2872 1928,2872 1999,2872 2070,2872 2141,2872 2213,2872 2284,2870 2355,2868 2426,2872 2498,2872 2569,2868 2640,2867 2711,2867 2783,2867 2854,2867 2925,2871 2996,2872 3068,2878"/>
                <TextEquiv>
                    <Unicode>igentlich ein bisschen charakterlos.</Unicode>
                </TextEquiv>
            </TextLine>
            <TextLine id="tr_1_tl_17" custom="readingOrder {index:16;}">
                <Coords points="1491,3016 1872,3054 2070,3005 2300,3054 2590,2998 3079,3021 3079,2947 2896,2955 2770,2896 2394,2960 2214,2927 1922,2965 1780,2912 1491,2970"/>
                <Baseline points="1505,3004 1584,3004 1663,3004 1742,3004 1821,3002 1900,2999 1979,2998 2058,2993 2137,2999 2216,2999 2295,2999 2374,2999 2453,2995 2532,2996 2611,2999 2690,2999 2769,2997 2848,2993 2927,2994 3006,2999 3085,2999"/>
                <TextEquiv>
                    <Unicode>nisch:/ Wofür interessierst du dich nun</Unicode>
                </TextEquiv>
            </TextLine>
            <TextLine id="tr_1_tl_18" custom="readingOrder {index:17;}">
                <Coords points="1129,3178 1735,3168 1791,3130 1940,3188 2316,3135 2478,3132 2544,3175 2863,3147 2863,3079 2810,3061 2082,3076 1973,3016 1740,3097 1476,3046 1129,3097"/>
                <Baseline points="1143,3142 1229,3142 1315,3137 1401,3137 1487,3137 1574,3137 1660,3131 1746,3131 1832,3131 1918,3131 2005,3137 2091,3131 2177,3131 2263,3131 2349,3131 2436,3125 2522,3125 2608,3131 2694,3131 2780,3125 2867,3131"/>
                <TextEquiv>
                    <Unicode>eigentlich, wenn dir Dornröschens Rod gleich</Unicode>
                </TextEquiv>
            </TextLine>
            <TextLine id="tr_1_tl_19" custom="readingOrder {index:18;}">
                <Coords points="1159,3284 1205,3300 1263,3277 1314,3300 1372,3277 1418,3295 1486,3290 1489,3183 1461,3191 1446,3180 1390,3216 1365,3198 1324,3211 1309,3196 1276,3203 1258,3183 1210,3206 1159,3203"/>
                <Baseline points="1172,3269 1198,3269 1225,3269 1252,3269 1279,3269 1305,3269 1332,3269 1359,3268 1386,3266 1412,3264 1439,3264 1466,3266 1493,3269"/>
                <TextEquiv>
                    <Unicode>ig istz.</Unicode>
                </TextEquiv>
            </TextLine>
            <TextLine id="tr_1_tl_20" custom="readingOrder {index:19;}">
                <Coords points="1359,3439 1953,3482 2179,3404 3069,3409 3071,3330 3021,3320 2143,3366 2001,3307 1841,3355 1618,3302 1362,3335"/>
                <Baseline points="1373,3395 1458,3392 1543,3395 1628,3392 1713,3389 1798,3389 1883,3389 1968,3389 2053,3389 2138,3389 2223,3389 2308,3389 2393,3389 2478,3389 2563,3384 2648,3384 2733,3384 2818,3384 2903,3379 2988,3383 3073,3389"/>
                <TextEquiv>
                    <Unicode>sehr verächtlich:/ Wiedergebrochei, lieber</Unicode>
                </TextEquiv>
            </TextLine>
            <TextLine id="tr_1_tl_21" custom="readingOrder {index:20;}">
                <Coords points="1116,3536 1491,3571 1580,3530 2980,3541 2980,3447 2929,3437 2795,3487 2620,3457 2577,3495 2120,3434 1912,3490 1773,3444 1453,3503 1342,3442 1116,3475"/>
                <Baseline points="1131,3533 1223,3530 1316,3527 1409,3531 1502,3528 1595,3527 1687,3527 1780,3522 1873,3522 1966,3522 2059,3522 2151,3522 2244,3522 2337,3522 2430,3519 2523,3516 2615,3516 2708,3516 2801,3511 2894,3510 2987,3527"/>
                <TextEquiv>
                    <Unicode>Branut, - nicht tot. Das ist nimlich nicht das</Unicode>
                </TextEquiv>
            </TextLine>
            <TextLine id="tr_1_tl_22" custom="readingOrder {index:21;}">
                <Coords points="1129,3683 1306,3662 1638,3728 1811,3660 2047,3660 2161,3713 2288,3657 2633,3690 2704,3675 2706,3584 2643,3617 2455,3571 2120,3609 1966,3563 1646,3617 1443,3551 1370,3604 1131,3579"/>
                <Baseline points="1143,3665 1221,3659 1299,3659 1378,3659 1456,3659 1535,3657 1613,3655 1691,3659 1770,3659 1848,3654 1927,3649 2005,3653 2083,3654 2162,3654 2240,3651 2319,3651 2397,3652 2475,3648 2554,3648 2632,3648 2711,3648"/>
                <TextEquiv>
                    <Unicode>selbe. zum Derby kann Dornröschen noch i</Unicode>
                </TextEquiv>
            </TextLine>
            <TextLine id="tr_1_tl_23" custom="readingOrder {index:22;}">
                <Coords points="1141,3853 1461,3792 2965,3802 2967,3662 2810,3662 2701,3728 2143,3698 1879,3746 1593,3703 1448,3746 1258,3708 1141,3754"/>
                <Baseline points="1154,3786 1244,3786 1335,3792 1426,3786 1517,3786 1608,3787 1698,3789 1789,3780 1880,3780 1971,3780 2062,3780 2152,3780 2243,3780 2334,3780 2425,3780 2516,3776 2606,3774 2697,3774 2788,3774 2879,3774 2970,3780"/>
                <TextEquiv>
                    <Unicode>sein. Nur am Sonntag beim stantspreis kann sie</Unicode>
                </TextEquiv>
            </TextLine>
            <TextLine id="tr_1_tl_24" custom="readingOrder {index:23;}">
                <Coords points="1157,4002 1263,3967 1471,4002 1562,3944 1798,3969 2001,3919 2110,3954 2790,3911 2972,3944 2995,3853 2853,3827 2706,3870 2468,3817 2237,3873 1884,3830 1796,3873 1349,3870 1159,3832"/>
                <Baseline points="1172,3918 1263,3918 1354,3913 1446,3917 1537,3913 1628,3918 1720,3918 1811,3915 1902,3912 1994,3912 2085,3912 2176,3912 2268,3912 2359,3912 2450,3912 2542,3912 2633,3906 2724,3912 2816,3906 2907,3907 2999,3918"/>
                <TextEquiv>
                    <Unicode>icht millaufen. Im übrigen lst sie jetst furis</Unicode>
                </TextEquiv>
            </TextLine>
            <TextLine id="tr_1_tl_25" custom="readingOrder {index:24;}">
                <Coords points="1124,4073 1326,4076 1438,4137 1575,4073 1877,4050 2176,4083 2300,4048 2392,4094 2579,4058 2579,3982 2526,3967 2359,4012 2113,3979 2004,4022 1793,3967 1641,4017 1124,3987"/>
                <Baseline points="1137,4056 1209,4056 1281,4052 1354,4050 1426,4050 1499,4051 1571,4056 1643,4051 1716,4050 1788,4050 1861,4050 1933,4050 2005,4050 2078,4050 2150,4050 2223,4050 2295,4047 2367,4044 2440,4045 2512,4050 2585,4056"/>
                <TextEquiv>
                    <Unicode>Derby wieder zwälf zu eine zu laben.</Unicode>
                </TextEquiv>
            </TextLine>
            <TextEquiv>
                <Unicode></Unicode>
            </TextEquiv>
        </TextRegion>
    </Page>
</PcGts>
