3390 5464
988 1611 2796 1765 jetzt is aus. Wie einmal das Herz dabei is, is
962 1736 1733 1884 das Malteur fertige
758 1836 2308 2048 Karie! Wenn man dich so reden hört-!
768 1961 2809 2176 Tini: Unterhalten soll wan sich mit die Mäiner, so
959 2120 2841 2292 gut's nur geht. Aber f verlieben...2! Dass man
922 2250 2870 2438 gleich vierzehn Tag schlecht aussieht, wann einen
1079 2417 2327 2536 mial wieder einer sitzen lasst?
737 2515 980 2642 Marie?
1041 2507 2790 2671 Du solltest nicht so reden, Tini. Wenn dich
938 2655 2809 2859 wer Frender hört, der denkt sich fott weiss was
951 2782 1269 2952 von dir.
726 2894 2841 3082 Tini: Merk' dir, twas ich dir sagl: nie sich über ei-
925 3055 2316 3193 nen Mann krinken. Keiner is''s wert.
734 3161 2287 3350 Aduard unf Katharina Binder treten ein.
731 3318 1542 3464 Eduard: Is erlaubt?
723 3434 2083 3601 Marie: /:stäht auf:) auten abend.
731 3551 1908 3697 Ed: Guten Abend, Fräuln Pint.
718 3702 2335 3888 Tini: Schad, ich bin grad im Vortgehen.:
726 3832 2472 3994 Ed: Hoffentlich sind wir nicht dran schuld.
713 3970 2843 4115 Tini: Was fallt Ihnen denn eint Ich hab' nur im. Vor-
906 4126 2886 4293 übergehn der Maris einen guten Mend sagen wollen.
