3464 4408
1049 1439 1582 1569 sie vielmals.
2275 1561 3019 1681 nt. Marie kommt mit
1054 1543 2129 1710 Vor dem Stadthaus, wo Fritz
2395 1705 3096 1829 hricht gehabt hat.
1049 1702 2188 1832 Tini, weil sie drei Tage kein
2313 1821 3019 1978 Marie entshliesst.
1104 1837 1973 1962 Da kommt der schwarze
1043 1962 3101 2116 sich endlich zu fragen. Lässt Tini fragen. Gestorben
1046 2084 3074 2230 ist er. - Ja, woran denn? Das kann ja nicht seinl-
1038 2204 3173 2334 Ein Duell. Weßen einer Frau.- Der Hausmeister erzählt,
1049 2328 3170 2498 sie ist immer da heraufgekommen, schwarz verschleiert.
1049 2461 3170 2668 Die letzte Zeit hat er schon manchmal einen Herrn vis-
1038 2613 1885 2767 ä-vie warten gesehen.
1054 2729 3098 2881 Es endet damit, dass der Sarg die Stiege herunterge-
1089 2854 3037 3008 tragen wird und sich Marie ihm entgegenstürzt und
1097 3013 1744 3141 eggewiesen wird.
1059 3120 3074 3255 Egon kommt eventuell dazu. Tini hat auch Egon schon
1054 3271 3120 3380 zwei Tage nicht gesehen.- Ah, der kommt schon zurück-
1144 3369 3098 3536 Als Gegenspieler wäre vielleicht ein Mann zu ver-
1136 3499 3101 3669 rten, für den eine Frau alles bedeutet, während er
1272 3629 1858 3783 sie nichts ist.
