3144 4456
760 1604 1248 1761 N: Masl...
765 1677 2820 1905 Horn: das is was ganz Saures -künmer! dich weiter
977 1862 1449 2019 nicht drum.
942 1965 2917 2166 Und wo ist denn der Tisch, an dem wir speigen wer-
982 2144 1172 2288 dent
977 2212 2768 2396 der hier. - Wer legen Sie doch Ihren Hut ab-
773 2168 909 2413 er.
991 2364 2934 2556 -Warum ist denn die Christine nicht mit euch zu-
982 2510 1653 2678 glsich gekomment
944 2613 2901 2790 Grad. wie wir mit einander haben weggehen wollen.
988 2760 2871 2931 is eine Dame mit einer Bestellung gekommen. Ich
982 2890 2746 3039 hab den Hermann nicht warten lassen wollen.
1045 2985 2917 3197 Sie hat mich nicht warten lassen wollen... was
803 3050 1010 3243 Horn:
991 3200 1373 3311 sarst dur
958 3251 2887 3433 Na, le vielleicht nicht wahrt (:sie hat sich in
999 3419 2915 3588 einen Lehnstuhl geworfen:/ Ah, da sitzt man an-
1007 3547 2630 3696 genehmt (:Die nimmt ein Album zur Handi/
809 3658 2985 3840 Hern: so, jetzt sieht das zimner wenigetens wen gleid
814 3821 1723 3995 M: Schön haben Siesl
863 3911 1734 4109 pr. erfalltes Ihnend
2356 4011 2852 4236 eter ron eut-
820 4038 2326 4231 pern: Was is denn das für ein gepret
