3480 4440
802 1433 1647 1601 Lach' mich nicht aus.
1966 1526 2093 1636 p1
813 1523 2776 1731 Schiller. Liest du ihne fllustriertes Fournal. Hm.
2206 1610 3109 1775 ich find's nicht. (:Da
813 1696 2168 1870 Wart, da ist ein Bild drin - nein
2142 1766 3063 1914 Winter, und das heisst
819 1830 2076 2006 ist ein Mädel, zum Fenster hinau
828 1966 1306 2125 "Verlassen“:
819 2021 2591 2278 Stickerei. Ich werde morgen früher aufstehen.
822 2212 1940 2385 Egon: kommt sehr aufgeräumt.
831 2307 3158 2530 Sie wollen aufs Land fahren) Wie Egon und Tini vorausgehen,
840 2420 3054 2663 fällt XXXX Marie dem Fritz um den Hals. Ich kann mir nun
840 2577 2501 2779 einmal nicht heifen; ich bin so glücklich!
