3476 5464
557 652 1035 974 111
994 1545 2944 1704 Glaubst du mir, dass ich dies lange vorausgesehen
994 1794 2956 1953 Wir Beide. - Täuschen wir uns doch nicht in dieser
994 1933 2932 2107 letiten Stunde.... Immer haben wir es vorausgese-
989 2068 1902 2222 ken, es musste ja sein.
989 2178 1560 2312 Du liast Recht.
994 2302 2886 2512 Darum haben wir auch alden grund, als gute Käue-
981 2456 1714 2583 rauen zu scheiden.
998 2585 2195 2693 wie wir begonnen,- nicht wahrl
986 2676 1367 2829 Lachelt:/
998 2822 2700 2983 Das war schön damals. Es war das Schönste.-
1006 2969 2312 3074 Hätt es nicht so bleiben können?
989 3093 2905 3244 Ee weir ja nur schön, well es elen nicht so blei-
994 3225 2810 3391 ben konnte. Damals war es schön, weil wsr uns
989 3354 2368 3515 eben mehr waren als gute Kameraden.
998 3459 2793 3650 Sag' das nicht. Ich habe es danals geglaubt.-
994 3620 2878 3808 Frinerst du dich noch, wie das Wört zum ersten
1018 3762 1880 3886 ale gesprochen wurdet
798 3891 1528 4031 Fr. Welches Wortl
959 4006 2109 4175 Das von den guten Kaueraden.
972 4114 2798 4270 o ja. In Garten Kürer Villa, an einem Sonntag-
