3420 5464
965 1700 2428 1899 ne Nachricht. Jetzt lassi ich dich als
954 1856 1673 2011 du an mich denkend
714 1987 1837 2120 Marie: O ja, viel.- Und auf
698 2109 1330 2267 Fritz! Gewiss.
711 2243 1886 2390 Marie: Wohin gehst du jetztt
703 2376 2433 2559 Fritz: Jetzt geht ich in eine Gesellschaft.
689 2466 1839 2660 Marie: Wo auch frauen sindt.
698 2624 2621 2760 Fritz: Es ist alle wahrscheinlichkeit vorhänden.
687 2785 1286 2951 Marie: Schöne.
689 2886 2763 3082 Fritzi o, du bist schon wieder neugierig. frägl ich
921 3033 2090 3172 dich, was du jetzt tun wirst?
684 3131 1858 3305 Marie: Du weisstis sehr gut.
692 3297 1556 3461 Pritz. Na, was denne.
700 3387 2589 3600 darie: Jetzt setz ich mich noch da her zum Fen-
902 3534 2120 3711 und werd in die Luft schaun.
679 3613 1286 3810 Fritri Und -1
676 3788 1455 3968 Marie: Und denken.
681 3927 1319 4068 Fritzi an micht
687 4079 1499 4229 darie: (inickt:) Ja.
668 4229 2856 4428 Fritz: Und sichst Du, Kind, das tur ich auch. und wenn
