3476 5464
1888 1570 2310 1705 20/07T. 94.
860 1662 3017 1836 das Zinmer Fritzens. Vornahme Kleganz in matten Farben.
836 1799 1710 1947 Spätnachmittag. Das Z1
1780 1796 2915 1974 ser durch die herabgelassenen
825 1904 1611 2105 Koufeaux Ferdunkelt.
825 2068 1853 2240 L.Auftritt. Fritz, Adele.
828 2194 2971 2377 Adele: (:sitzt mit Mut und Schleier, den Schirm in der
1019 2331 2842 2514 Hand, auf dem Kanapee, Frite lehnt am Schreib-
1041 2471 2915 2651 ischs! so ist es also aus. (Pause. Sie sicht
1016 2605 2143 2713 auf ura versucht zu Licheln:!
812 2721 2764 2888 Fritz: (igsrwungen?! Mir werden uns wiederschen.
828 2855 1076 2982 Ädele:
1110 2847 1740 3014 Das wird kaun zu
1777 2850 2866 3011 vormeiden ein. Du musät ja
1024 2993 1662 3146 doch wol zu aus
1022 3119 1624 3283 Geniss, grwiss.
998 3235 2769 3385 Es würde Vielen auffallen, wenn du nicht mehr
1011 3495 1801 3670 sieht vor sich hinr
998 3584 2837 3807 steht auf, ein paar Schritte zur Frausau; mit
1003 3753 2872 3926 abgewandtem Gesicht:/ Leb' wohl. (:Sie wendet
987 3899 1597 4057 sich zum Geuen.
984 4033 1672 4189 Lebr wohl, Adela.
