3479 5464
977 1604 1657 1770 Adieu allerseits.
785 1703 2289 1864 Marie: Bitt schön, wollen sie nicht
2584 1735 2835 1872 ihmend
983 1845 2313 2027 keine Umständ“, Fräuln Marle.- Ir
2340 1896 2921 2022 ner fleissig...
977 1981 2921 2174 sie werden sich ja noch die Augen verderbön, wenn
983 2105 2142 2268 sie so im Zwielicht arbeiten.
785 2265 2916 2461 Maris: Das is nix Feines, das trifft man auch mit zu-
1042 2402 1668 2533 gemachten Augen.
1047 2506 1794 2672 Sehr hübsc is das.
983 2653 2747 2779 Haben S heut noch was zu tun, Friuln Marier
967 2771 2900 2940 Wollen S vielleicht mit uns nachtmahlen kommen?
785 2886 1280 3052 Marie: Tchr
983 3026 2961 3229 Träuln Marie, wir möchten Sie ninlich wenn St gral
967 3173 2905 3371 nix Bessers zu tun haben, in den Tehnersaal mit-
1039 3331 1293 3438 nelmen.
779 3408 2932 3639 Marie: Ich bin so wenig dran gwöhnt, auf Unterhaltun
983 3558 1489 3743 gen zu gehn.
988 3692 2935 3880 Hein, Fräuln siarie, es is keine Unterhaltung, ken
972 3832 2940 4006 Ball vielleicht, wie Sie glauben. Ee is heut eine
972 3949 2884 4131 Versammlung im Lehnersaad. Und ich hab' gedacht,
967 4089 2905 4260 es wird Sie vielleicht interessieren, so was ein-
