3051 5464
356 1672 2452 1876 Priti? Mas würden denn die Danen für dich bedeutent-
555 1826 2017 2004 Ich bitt aich, gind, Frage mich nie.
350 1969 2484 2123 Märie: Was kann dich denn das genieren? Wenn ich zum
528 2091 2349 2248 Beispiel nur den Vornamen von der Dame wissen
544 2234 1725 2396 möcht, die vorn gesessen ist.
372 2335 2508 2529 fritz: Welche dennt... An, die in schwarz.- Ich weins
539 2484 2410 2667 wirklich nicht. - Nicht um solche Dinge fragen:
539 2601 1866 2776 ich frag' dich ja auch um nichts.
324 2760 1884 2911 Merie: Mich kannst du um alles fragen.
342 2847 2423 3047 Fritz. Ich will aber von nichts Andern wissen, wenn
520 3023 2508 3163 ich einmal bei dir bin. Das is ja grad das Schöne.
594 3123 2423 3293 An gar nichts will ich mich erinnern, und du
528 3253 2489 3394 wirst mich auch nie Fragen.- Schau mich nicht so
520 3391 2375 3551 besorgt an. Was interessiert''s dich denn aucht
560 3514 2476 3697 -- Glaubst du denn überhaupt, dass du mich liet
496 3636 2447 3800 haben könntest?... Nein, antwort" nicht. Wenn es
523 3766 2367 3959 so ist, wirst du mir's ginnal sagen, ohne dass
525 3909 2447 4079 ich dich frag'. - - Dein Zimmer ist sehrtraulich,
512 4060 2441 4222 wirklicht wie zuhaus ist man da. (:Beim Fenster
499 4204 2237 4347 An, das ist ja der Kahlenberg,- nicht wahre
