3420 5464
640 1689 2779 1906 Fritzi sa, wenn ich nur müsste, dass dif wirklich was
846 1870 2661 2035 dranliegt, dass du mich wirklich gern siehst...
626 1964 1623 2134 Marie: /:ruckt. zusammen:)
634 2131 1464 2290 Fritz: Was ist denne
612 2249 2321 2395 Marie: Mir war nur, als ging' wer drauegen.
640 2400 1686 2546 Fritzi Na, ich gehr schon.
588 2549 1755 2697 Marie: Du bist nicht bös...2
582 2642 2744 2840 Fritzi Hein; aber wirklich nicht. Was fällt dir denn
805 2782 2730 2941 einz Die Angst vor den Leuten wirst du dir schon
816 2936 1280 3095 abgswöhnen.
582 3054 1362 3188 Marie: Glauhst dur
582 3142 2790 3348 Fritzi Ja, später sinnal, wenn du mich lieb hast, wenn
813 3317 2230 3482 ich dir wichtiger bin als die Leut'.
610 3444 2686 3639 Maris:, Nichtig is mir keiner, aber es mir halt lie-
824 3584 1925 3710 ber, wenn nicht geredt wird.
623 3661 2744 3875 Fritz: Ich will dir einen Vorschlag machen. willst du
810 3826 2719 4015 noch eins helbe stunde mit mir verbringenf, ohne
813 3963 2645 4133 in einem fort zu zittern und zusammenzufahren?
640 4106 1727 4262 Marie:. Es is schon so spät.
588 4237 2735 4438 Fritz: Dr 18 wahr. Also ich schickt dir morgen Frihet
