3272 4280
823 2567 949 2674 St:
2303 1370 2857 1465 die selber fir
1040 1365 2246 1503 von den andern Weibern zu reden,
1030 1484 2738 1639 sici zu sorgen haben, oder es wenigstens tun
1011 1658 1334 1770 müissten.
978 1779 1874 1893 Ich bin sehr neugierig.
1006 1860 2874 2039 Du wirst nichits Neues hören. Du kennst ja meine
1004 2053 1430 2160 Ansichten.
968 2143 2814 2265 Aber ich freu mich schion, wie du sie zusammen-
1025 2262 2809 2412 fassen wirst und wie sie auf die Leute wirken
1018 2419 1637 2536 werden.- XXXXXX
1009 2517 2838 2664 Wirken... Na ja, wirken wird's schion - für den
1018 2629 2893 2797 Moment. Und mir kommt vor, als wenn ich viel zu
1025 2757 2931 2928 saien hätte.- Es mag übrigens nur sein, dass ich
1035 2926 2857 3076 zu viel auf dem Herzen habe. (:Sieht vor sich
1025 3083 1204 3180 hin:
994 3142 2904 3335 freundschaftlich:/- Dur wie wär's, wenn ich das
1044 3309 2938 3461 Fräuln Christin einladen möcht", mit in den Leh-
1035 3447 1760 3606 ncrsaal zu kommen?
1028 3563 2826 3716 Du kannst's ja probieren; aber sie wird nicht
1049 3739 1342 3842 kommen.
982 3806 2593 4006 Wär nicht schlecht! - Warum denn nicht?
