3208 4488
963 1489 2306 1667 schen oucht.. Sagt is ouch doch dus
767 1613 1539 1794 Fr: Ult Vergnügent
916 1746 2824 1935 Ie noch zu früh. Beim Nachtmahl trinken wir Bra
748 1810 897 1940 W.
953 1897 1372 2067 derschaft.
759 2009 2237 2205 Horn: Stehst du, die hat Prinziplen.
754 2094 2832 2333 Weiter christine. Die srene spielt sich in bekannter
759 2253 2893 2447 weise ab..- Während des Tanzens das Geklingst, Aufreg-
767 2407 2014 2561 ung, Verbergen der Nädchen sto.
772 2487 2678 2720 S. Austritt. Pritz Relth mit Hut und Veberzicher.
767 2659 2802 2847 Fr: Ich bitte sehr um Antschuldigung, dass ich sie
961 2802 1783 2975 warten liess. Mer-
775 2914 2805 3108 Reith: o bitte, bitte. (:sicht sich im Zimmer un:
969 3070 2171 3192 wollen Sie nicht Platz nehmend
780 3100 910 3232 Pr.
865 3190 1308 3269 sehr kühl:
934 3192 2773 3344 Danke sehr. Ich bedaure sehr, gestört zu haben
969 3288 2465 3506 aber es ging wahrhaftig nicht andere.
958 3437 2102 3596 womit kann ich ihnen dienend
786 3482 934 3604 Fr:
945 3516 2927 3734 Ich komme von meinem Verter, Horm Albert Reith..
971 3683 2179 3869 besser gesagt: er war bel mir.
979 3821 2354 4002 ant (:Er weist ihm einen Sitzan:
947 3967 2869 4116 derke. (Bleibt stehen:) ich glaube eigentlich
985 4058 2885 4304 nicht mehr sagen zu müssen. In einen solchen du
