3476 5464
1179 1545 1737 1658 aubst du mir,
2455 1732 3063 1962 nicht in dieser
1104 1787 1864 1964 wir Beide: - Räusche
1092 1922 3023 2071 letgten Stunde..:. Immer haben wir es vorausgese-
1092 2061 2016 2216 ken, es musste ja sein.
1099 2168 1650 2316 Du hast Recht.
1092 2311 2515 2470 Darum haben wir auch allen Grund, al
1092 2475 1820 2575 rauen zu scheiden.
1082 2570 2301 2724 wie wir begonnen, - nicht wahre
1099 2709 1473 2836 Lachelt:
1087 2797 2782 3001 Das uar schän danale. Es war das Schönsté.
1109 2951 2415 3118 ätt: es nicht so bleiben könnene
1655 3063 2986 3235 schän, well so ebsn nicht so biel-
1099 3113 1483 3258 Re Har ja
1648 3220 2904 3335 mals war es schön; weil wir us-
1099 3225 1563 3377 ben konnte:
1099 3362 2497 3509 eben mehr waren als gute Kameraden.
1109 3482 2901 3624 Sag'. das nicht. Ich habe es damals geglaubt.-
1104 3619 2966 3789 Erinnerst du dich noch, wie das Wort zum ersten.
1114 3756 1999 3916 äle gesprochen wurded.
1087 3896 1650 4018 Welches Wort?
895 4015 2221 4177 Ad: Das von den guten Kansraden.
902 4128 2904 4344 Pr: O sa. In Garten Kurep Villa, an einem Sonntag-
