3443 5464
1813 1871 2290 2026 Eestie Lu iII
772 2163 1257 2308 EEX M
1802 2148 2675 2316 Sie von was abf die R
1784 2298 2627 2453 nander wöritgekn sull
2034 2432 2856 2624 riee, deh erle nicht
1091 2933 1331 3083 Meis
2039 2943 2498 3083 Leinsrgaall
1581 3043 2914 3259 wrrdung; und es werden krügen be-
996 3186 2920 3386 anuelt, die eigentlich jeden gebilesten kenschen
991 3333 2925 3523 meressieren sollten.- Sie kimnern sier ia wenig
1065 3465 1655 3597 solche Sachen.
938 3573 2875 3750 iu Je, das duss leht schon sagen. Una istet an-
943 3710 2511 3897 dangen, wir vielleicis sinhissl spat.
933 3852 2590 4039 Daru solltes eigentlich nis zu spit sein.
759 3992 2877 4163 Meiring: Ader Sie verlangen doch nicht von mir, dass
1178 4113 1565 4277 men helg
1742 4129 2912 4282 soziele Frags lösene Seiner-
1333 4227 2788 4432 Teit VIet Grier Rrichgelächt, ausr 5s
