<?xml version="1.0" encoding="UTF-8" standalone="yes"?>
<PcGts xmlns="http://schema.primaresearch.org/PAGE/gts/pagecontent/2013-07-15" xmlns:xsi="http://www.w3.org/2001/XMLSchema-instance" xsi:schemaLocation="http://schema.primaresearch.org/PAGE/gts/pagecontent/2013-07-15 http://schema.primaresearch.org/PAGE/gts/pagecontent/2013-07-15/pagecontent.xsd">
    <Metadata>
        <Creator>prov=READ-COOP:name=PyLaia@TranskribusPlatform:version=2.7.0:model_id=50870:lm=none:date=22_01_2024_18:15</Creator>
        <Created>2023-09-27T14:36:37.761+02:00</Created>
        <LastChange>2024-01-22T18:15:43.178+01:00</LastChange>
        <TranskribusMetadata docId="1589039" pageId="60124283" pageNr="92" tsid="145632108" status="IN_PROGRESS" userId="40391" imgUrl="https://files.transkribus.eu/Get?id=OFZASTHUIQUXLCKCUKKDZEKC&amp;fileType=view" xmlUrl="https://files.transkribus.eu/Get?id=HDBJVMZDDOHQVBRAPCNWEXDN" imageId="48549361"/>
    </Metadata>
    <Page imageFilename="1589039_0092.jpg" imageWidth="3531" imageHeight="5464">
        <ReadingOrder>
            <OrderedGroup id="ro_1711792509435" caption="Regions reading order">
                <RegionRefIndexed index="0" regionRef="tr_1"/>
            </OrderedGroup>
        </ReadingOrder>
        <TextRegion orientation="0.0" id="tr_1" custom="readingOrder {index:0;}">
            <Coords points="694,1621 694,4405 2902,4405 2902,1621"/>
            <TextLine id="tr_1_tl_1" custom="readingOrder {index:0;}">
                <Coords points="857,1707 930,1690 992,1728 1129,1696 1244,1725 1411,1709 1408,1658 1021,1621 852,1559"/>
                <Baseline points="871,1683 898,1685 925,1687 953,1689 980,1690 1007,1692 1035,1694 1062,1695 1089,1695 1117,1695 1144,1696 1171,1697 1199,1699 1226,1701 1253,1701 1281,1701 1308,1701 1335,1704 1363,1708 1390,1712 1418,1713"/>
                <TextEquiv>
                    <Unicode>Fritz, Marie.</Unicode>
                </TextEquiv>
            </TextLine>
            <TextLine id="tr_1_tl_2" custom="readingOrder {index:1;}">
                <Coords points="809,1830 1618,1881 1793,1852 2263,1916 2258,1795 1948,1819 1666,1725 1438,1776 1306,1728 804,1723"/>
                <Baseline points="824,1813 896,1818 968,1819 1040,1824 1112,1831 1184,1831 1256,1831 1328,1835 1400,1837 1472,1839 1545,1842 1617,1842 1689,1847 1761,1852 1833,1857 1905,1860 1977,1860 2049,1860 2121,1864 2193,1869 2266,1878"/>
                <TextEquiv>
                    <Unicode>Marie: um Gotteswillen, Sie sinder</Unicode>
                </TextEquiv>
            </TextLine>
            <TextLine id="tr_1_tl_3" custom="readingOrder {index:2;}">
                <Coords points="809,1973 1293,1959 1365,2008 1666,1978 1911,2042 2214,2000 2384,2056 2607,2021 2602,1924 2110,1956 1895,1905 1688,1922 1564,1849 1236,1916 1150,1862 938,1895 806,1862"/>
                <Baseline points="824,1948 913,1943 1003,1948 1092,1954 1182,1954 1271,1960 1361,1960 1450,1967 1540,1973 1629,1978 1719,1979 1808,1984 1898,1985 1987,1991 2077,1997 2166,2001 2256,2002 2345,2007 2435,2007 2524,2010 2614,2019"/>
                <TextEquiv>
                    <Unicode>Fritz! Ja, leh.- Marum erschrecken sie denne</Unicode>
                </TextEquiv>
            </TextLine>
            <TextLine id="tr_1_tl_4" custom="readingOrder {index:3;}">
                <Coords points="790,2091 1707,2118 1795,2163 2069,2120 2671,2182 2835,2158 2833,2077 2244,2042 2145,2086 1986,2026 1333,2064 1244,2000 879,2024 785,1989"/>
                <Baseline points="806,2066 907,2073 1009,2080 1111,2084 1213,2088 1315,2090 1417,2096 1518,2101 1620,2107 1722,2109 1824,2113 1926,2117 2028,2119 2130,2125 2231,2131 2333,2133 2435,2140 2537,2143 2639,2148 2741,2149 2843,2160"/>
                <TextEquiv>
                    <Unicode>Marie: siel... Siet... Wie kommmen Sie denn da herz</Unicode>
                </TextEquiv>
            </TextLine>
            <TextLine id="tr_1_tl_5" custom="readingOrder {index:4;}">
                <Coords points="798,2260 1137,2214 1543,2300 1930,2252 2185,2314 2177,2134 2069,2180 1819,2142 1758,2193 793,2094"/>
                <Baseline points="812,2207 880,2207 949,2210 1018,2213 1087,2213 1156,2213 1225,2213 1294,2216 1363,2220 1432,2225 1501,2230 1569,2234 1638,2237 1707,2238 1776,2242 1845,2243 1914,2246 1983,2249 2052,2249 2121,2258 2190,2255"/>
                <TextEquiv>
                    <Unicode>Frit4. So beruhigen Sie sich doch.</Unicode>
                </TextEquiv>
            </TextLine>
            <TextLine id="tr_1_tl_6" custom="readingOrder {index:5;}">
                <Coords points="798,2344 1134,2397 1467,2362 2147,2432 2236,2397 2362,2446 2558,2419 2626,2470 2698,2421 2819,2424 2816,2335 2704,2303 2362,2346 2290,2303 2086,2327 2018,2284 1951,2325 1680,2279 1502,2300 1406,2249 1086,2298 1002,2255 796,2271"/>
                <Baseline points="812,2331 912,2337 1013,2339 1114,2343 1214,2346 1315,2353 1416,2355 1516,2361 1617,2362 1718,2366 1819,2371 1919,2378 2020,2382 2121,2389 2221,2390 2322,2397 2423,2402 2523,2404 2624,2408 2725,2412 2826,2419"/>
                <TextEquiv>
                    <Unicode>Marie:: Jetzt is schon wieder gut. Ich bin halt er-</Unicode>
                </TextEquiv>
            </TextLine>
            <TextLine id="tr_1_tl_7" custom="readingOrder {index:6;}">
                <Coords points="970,2521 1107,2475 1567,2526 1887,2502 2749,2615 2860,2577 2857,2483 2537,2443 2454,2481 2354,2440 2172,2470 2008,2424 1583,2464 1285,2381 965,2430"/>
                <Baseline points="983,2472 1077,2472 1171,2473 1265,2478 1359,2480 1454,2486 1548,2492 1642,2496 1736,2496 1830,2500 1925,2506 2019,2512 2113,2519 2207,2520 2301,2520 2396,2531 2490,2537 2584,2532 2678,2543 2772,2545 2867,2561"/>
                <TextEquiv>
                    <Unicode>schrocken.- Ja, sagen sie, was fallt ihnen denn</Unicode>
                </TextEquiv>
            </TextLine>
            <TextLine id="tr_1_tl_8" custom="readingOrder {index:7;}">
                <Coords points="989,2626 1209,2688 1556,2620 1782,2626 2115,2714 2190,2679 2185,2561 1484,2564 1328,2518 1268,2545 1113,2475 984,2524"/>
                <Baseline points="1000,2596 1059,2596 1119,2598 1179,2602 1239,2602 1299,2604 1358,2608 1418,2612 1478,2616 1538,2620 1598,2620 1657,2620 1717,2621 1777,2625 1837,2628 1897,2632 1956,2636 2016,2637 2076,2638 2136,2642 2196,2655"/>
                <TextEquiv>
                    <Unicode>eine Hat sie wer kommen Sehent</Unicode>
                </TextEquiv>
            </TextLine>
            <TextLine id="tr_1_tl_9" custom="readingOrder {index:8;}">
                <Coords points="787,2757 1035,2774 1148,2736 1387,2795 1489,2755 1801,2816 1903,2776 2271,2795 2510,2868 2585,2819 2825,2833 2819,2730 2677,2760 2306,2696 1462,2661 1029,2693 981,2650 782,2636"/>
                <Baseline points="800,2720 901,2721 1003,2729 1104,2735 1206,2735 1308,2742 1409,2748 1511,2749 1612,2755 1714,2759 1816,2767 1917,2767 2019,2772 2120,2773 2222,2780 2324,2786 2425,2792 2527,2799 2628,2802 2730,2807 2832,2820"/>
                <TextEquiv>
                    <Unicode>Fritzi Also das istis -1 - Das habe ich nicht ge-</Unicode>
                </TextEquiv>
            </TextLine>
            <TextLine id="tr_1_tl_10" custom="readingOrder {index:9;}">
                <Coords points="954,2905 994,2905 1021,2932 1043,2919 1062,2927 1080,2913 1096,2924 1169,2905 1207,2913 1199,2774 1174,2776 1156,2792 1129,2784 1115,2798 1083,2779 1024,2771 1005,2755 946,2755"/>
                <Baseline points="965,2861 991,2859 1018,2857 1045,2856 1072,2858 1099,2861 1126,2865 1153,2867 1180,2867 1207,2867"/>
                <TextEquiv>
                    <Unicode>wuset.</Unicode>
                </TextEquiv>
            </TextLine>
            <TextLine id="tr_1_tl_11" custom="readingOrder {index:10;}">
                <Coords points="742,3021 1363,3005 1819,3101 2249,3061 2357,3101 2432,3058 2811,3101 2894,3096 2892,3013 2747,2975 2239,2983 1962,2916 1623,2980 1532,2919 1303,2964 736,2886"/>
                <Baseline points="753,2985 860,2980 967,2990 1075,2996 1182,3001 1290,3002 1397,3004 1505,3011 1612,3014 1720,3020 1827,3022 1934,3032 2042,3039 2149,3044 2257,3044 2364,3050 2472,3055 2579,3059 2687,3066 2794,3074 2902,3079"/>
                <TextEquiv>
                    <Unicode>Uarlé: o: es mäckt ja nichts - wirklich nichts. Rs is</Unicode>
                </TextEquiv>
            </TextLine>
            <TextLine id="tr_1_tl_12" custom="readingOrder {index:11;}">
                <Coords points="946,3144 1341,3134 1500,3179 1642,3144 2352,3206 2561,3190 2556,3072 2454,3112 941,3061"/>
                <Baseline points="959,3126 1039,3121 1119,3125 1200,3130 1280,3132 1361,3135 1441,3138 1521,3138 1602,3141 1682,3150 1763,3151 1843,3155 1923,3160 2004,3161 2084,3165 2165,3171 2245,3173 2325,3176 2406,3181 2486,3187 2567,3197"/>
                <TextEquiv>
                    <Unicode>ja so schön, dass ich sie heut noch sehl.</Unicode>
                </TextEquiv>
            </TextLine>
            <TextLine id="tr_1_tl_13" custom="readingOrder {index:12;}">
                <Coords points="731,3276 1363,3265 1497,3327 1747,3287 2255,3359 2830,3343 2827,3271 2779,3249 2524,3222 2249,3260 1862,3193 1473,3220 1298,3177 728,3171"/>
                <Baseline points="747,3244 851,3250 956,3252 1060,3256 1165,3256 1269,3266 1374,3267 1478,3269 1583,3276 1687,3283 1792,3290 1896,3291 2001,3297 2105,3299 2210,3306 2314,3313 2419,3314 2523,3315 2628,3322 2732,3326 2837,3338"/>
                <TextEquiv>
                    <Unicode>Fritz: Viel Freude merk ich Ihnen eigentlich nicht</Unicode>
                </TextEquiv>
            </TextLine>
            <TextLine id="tr_1_tl_14" custom="readingOrder {index:13;}">
                <Coords points="720,3513 1586,3539 1809,3599 2204,3564 2862,3617 2825,3453 2671,3499 2228,3459 1870,3515 1561,3443 1398,3483 951,3418 718,3448"/>
                <Baseline points="735,3503 841,3504 948,3511 1054,3515 1161,3515 1268,3520 1374,3521 1481,3529 1587,3532 1694,3537 1801,3538 1907,3544 2014,3550 2120,3560 2227,3562 2334,3569 2440,3573 2547,3576 2653,3583 2760,3585 2867,3591"/>
                <TextEquiv>
                    <Unicode>Marie: Ich hab' Horzklopfen.- Geben Sie mir die Hand.</Unicode>
                </TextEquiv>
            </TextLine>
            <TextLine id="tr_1_tl_15" custom="readingOrder {index:14;}">
                <Coords points="984,3720 1629,3668 1795,3676 1919,3741 2128,3693 2190,3730 2663,3722 2857,3789 2851,3660 2779,3639 2483,3655 2266,3601 2193,3636 1798,3590 1602,3639 1365,3569 978,3585"/>
                <Baseline points="995,3644 1088,3644 1181,3650 1274,3651 1368,3656 1461,3658 1554,3664 1648,3670 1741,3676 1834,3679 1928,3682 2021,3685 2114,3689 2207,3695 2301,3697 2394,3702 2487,3708 2581,3715 2674,3721 2767,3721 2861,3732"/>
                <TextEquiv>
                    <Unicode>Ich freu mich, o sat Ee is schön, dass Sie ge-</Unicode>
                </TextEquiv>
            </TextLine>
            <TextLine id="tr_1_tl_16" custom="readingOrder {index:15;}">
                <Coords points="903,3773 986,3800 1029,3779 1064,3795 1145,3776 1325,3816 1416,3792 1414,3720 1317,3728 1260,3687 1185,3730 1043,3730 900,3701"/>
                <Baseline points="918,3768 943,3768 968,3768 993,3768 1019,3769 1044,3771 1069,3772 1095,3774 1120,3774 1145,3774 1171,3774 1196,3775 1221,3777 1246,3778 1272,3780 1297,3781 1322,3783 1348,3784 1373,3785 1398,3785 1424,3785"/>
                <TextEquiv>
                    <Unicode>komnen sind.</Unicode>
                </TextEquiv>
            </TextLine>
            <TextLine id="tr_1_tl_17" custom="readingOrder {index:16;}">
                <Coords points="712,3897 1521,3926 1647,3986 1795,3940 2115,3991 2279,3959 2443,4012 2736,3978 2733,3870 2526,3892 2292,3832 1956,3889 1720,3819 1424,3878 1247,3862 1107,3789 951,3843 707,3808"/>
                <Baseline points="724,3891 830,3892 936,3899 1042,3907 1149,3912 1255,3909 1361,3915 1467,3916 1574,3923 1680,3930 1786,3933 1892,3939 1999,3940 2105,3946 2211,3953 2317,3961 2424,3962 2530,3963 2636,3970 2743,3980"/>
                <TextEquiv>
                    <Unicode>Fritzi kein Mensch hät mich heraufgehen gesehen.</Unicode>
                </TextEquiv>
            </TextLine>
            <TextLine id="tr_1_tl_18" custom="readingOrder {index:17;}">
                <Coords points="892,4037 2744,4139 2784,4133 2782,4031 2276,4045 1846,3945 1768,3999 1612,4004 1465,3964 890,3967"/>
                <Baseline points="906,4033 1000,4027 1094,4034 1188,4040 1282,4045 1377,4047 1471,4050 1565,4053 1659,4059 1753,4066 1848,4068 1942,4072 2036,4074 2130,4079 2224,4086 2319,4086 2413,4092 2507,4098 2601,4099 2695,4104 2790,4115"/>
                <TextEquiv>
                    <Unicode>Aber Sie sind doch Nienanden Rechenschaft schul-</Unicode>
                </TextEquiv>
            </TextLine>
            <TextLine id="tr_1_tl_19" custom="readingOrder {index:18;}">
                <Coords points="683,4311 1373,4313 1612,4340 1682,4391 1879,4367 2034,4408 2214,4354 2338,4399 2516,4364 2682,4418 2685,4246 2618,4284 2384,4249 2163,4276 1793,4219 1510,4227 1457,4265 1282,4182 994,4254 677,4201"/>
                <Baseline points="694,4292 794,4292 894,4295 994,4304 1094,4304 1194,4307 1294,4314 1394,4315 1494,4321 1594,4327 1695,4331 1795,4339 1895,4343 1995,4345 2095,4345 2195,4351 2295,4358 2395,4362 2495,4362 2595,4365 2696,4374"/>
                <TextEquiv>
                    <Unicode>karie: Das is schen warr. Mer ste wissen ja; die</Unicode>
                </TextEquiv>
            </TextLine>
            <TextEquiv>
                <Unicode></Unicode>
            </TextEquiv>
        </TextRegion>
    </Page>
</PcGts>
