3412 5464
2182 1644 2966 1841 sichts bisten kannst.
1151 1745 2000 1951 und dass du sie Leich
2098 1775 3054 1972 nnig - ja, Leicutsinnig!
1197 1922 1464 2053 -un der
2025 1932 2605 2060 k gebracht hast
1130 2070 1735 2234 das so einem an
1852 2121 2874 2292 Ding beschieden sein kann
1359 2210 2755 2388 sinnig- jat - gedankenlos und dumm.
1197 2341 1696 2493 Das haben S1
1777 2357 2975 2542 sich zum Vornuef garachti - Ja-
1125 2470 2016 2629 was hattens denn tun-
2124 2507 2952 2673 .n2. Es wär Mänche
1113 2605 2907 2781 nacktier froh, wenn sie inner so einen Schutze,
1104 2718 2987 2916 an der Seits gehabt hitfe, und nichts zu berausr
1179 2839 2811 3064 viellsicht war auch meine arne Schwester
1272 3022 1672 3132 sis hät's
1922 3026 2881 3183 geglaubt, und ich habt
1207 3115 2998 3349 ich in den Glauben lassen, dass ich ein ausge-
1214 3260 2933 3447 ehmeter Bruder war. Aber in Wicklihkeit war
1099 3387 2835 3585 sie unglücklich, unu iehr ein Härr? - Und oft.
1088 3522 2940 3719 wenn wir so am Aenu einander gegenübergesessen
1099 3681 2909 3854 sind und und mit so einen gewissen zufriedenen
1088 3758 2942 3988 Fanirienlicheln angesehen haben, da hab' ich in
1066 3915 2909 4083 ihren müden träurigen Augen mehr Elend geschen.
1064 4060 2671 4247 als ich jenals werde verantworten können.
