3420 5464
401 1686 2580 1875 Maris: Ja. (:Mäher zu ihme) Und dort sicht man auch
615 1818 2499 2060 ALespoldsberg; jetzt is er nur ganz im Schat-
626 1962 2130 2154 en; wenn der Mond weiter nerauskomnt.
398 2079 1965 2236 Fritzi Schön ls. ss da, Ui wunderschönt
398 2209 2146 2420 Marie: Da kommt eine guts luft, nicht wahre
388 2347 2523 2566 Fritz! Hoch wohnst du eigentlich. Ueber wie viele Dä-
575 2480 2388 2686 cher ian da sicht. Und die Stillet wie mir da
569 2610 2401 2829 wohl ist, das kann ich dir gar nicht sagen. so
558 2729 2545 2943 was Gemitliches wie das zimmer hab' ich nicht bald
550 2854 2482 3076 gesehen.- Also da wöhnst du, da lebst du. und da
553 3005 2428 3173 hast du auch schon an mich gedachtt (:pr kuest
545 3114 1038 3255 ihre Stirn:/
1003 3257 1293 3420 Pauss-
537 3355 1751 3539 nas, sin Flavier hast du aucht
325 3490 745 3631 Marie: 01
317 3593 2485 3829 Pritzi al, das muss ich probloren Da muss ich mir war
545 3756 2463 4024 vorspielen. (:Sehlägt einige Noten an.(O, das
501 3897 1149 4032 is fürchterlicht
301 4005 2374 4252 Marie: Ex is ausgeliehen. Da kriegt man halt nichts
523 4182 905 4285 Eesseres.
