3474 4975
1861 1688 2198 1861 schicht-
685 1650 1399 1846 Konversationslexte
2347 1656 2680 1858 WiEele
811 1823 1188 1984 EneAde A
1732 1811 2162 1972 chr. Steht
647 1917 2953 2119 Nie Frageh. Leute in der Löge. Soi zuhaus ist man da. Zie-
650 2069 1694 2212 ver alter Harr: /:Weiring:/
647 2177 1188 2361 EI. Akt. Bark.
661 2323 1528 2461 I. Katharing-Weiring. -d.
1566 2356 1800 2481 Bub:
650 2467 1876 2639 Ich hab' kein frönliches Leben.
641 2566 2929 2780 Die Leuts zurreit sich daß lieben so schwer. Die Fönachtung
638 2724 1636 2874 Meicrapts vor der rugend.
650 2830 2976 3017 Oeber Maixie. Stecher heiratend Mein. Ja; wein sis ein stil-
650 2967 2958 3166 les, nichtiges Ding wäre. Des ist aber ein goldires Wesen.
685 3099 2996 3283 Das ist eine Frühlingsblüme. Die ist für das Gluck geschaf-
661 3213 2999 3424 sen. Sie erinnert mich an meine Schwester, die vor lehn sah-
650 3348 2871 3552 rei gestorben ist. Als alte Juupfer. Ja, ich hab obacht
644 3473 2996 3658 auf sie gegeben: Una sie war ein arnes Madel, hat kein Geid
638 3623 2976 3792 gehabt; dann ist sie sitzen geblieben und anstäänig war sie
749 3728 2391 3912 na, und mein siö. gscheit güessu ware..
626 3874 2894 4073 Ader ais Märis könnte einen Mann häben, einen Braver. Tchr
667 4012 2941 4152 hab: da so meine eigenen unmorallschen Ansichten. Das Le-
