3480 4408
986 1393 2972 1570 I.Akt. Vollklingend, Süsse, gegen Schluss jubelnde
991 1568 1748 1681 Akkorde der jugend.
983 1658 2874 1832 Bekanntschaft Fritz-Marie, Erneuerung Tini-Egon.
983 1808 3064 1980 -Käroline, die jetzt verheiratet ist und es eigent-
976 1943 3101 2115 lich bereut. Ihr Mann ist immer in Bozialistenversamm-
976 2083 2982 2197 lungen. Sein Hass gegen die besitzende Klasse kommt
976 2223 3027 2334 eigentlich nur daher, dass seine frau früher die Ge-
970 2356 2356 2482 liehte von einem reichen Herrn war.
965 2467 3067 2633 Der alte Herr. Er hat alles durchgemacht; sogar reich
978 2594 2987 2757 ist er gewegen.- Jetzt scheu' ich dem Leben zu. Ist
976 2734 2390 2887 auch eine ganz hübsche Unterhaltung.
965 2858 2649 2980 vor der 7inie. Spaziergang. Frühl ingsabend.
965 3001 3085 3133 Egon-Fritz Gespräch. Das jetzige Verhältnis. Unerträg-
960 3122 2424 3241 lich. - Ich sollte jetzt insTheater.
949 3244 3054 3403 Mizzi und Tini. Egon kennt die Tini aus der Tanzschu-
949 3381 1097 3503 1e.
944 3487 3006 3646 Der alte Herr begrüsst die Mizzi als neue Nachbarin.
944 3638 2964 3765 k Kurze Lebensgeschichte der Mizzi. sie kann zuhaus
946 3770 3040 3918 nicht bleiben, es ist nicht zum Aushalten. Die Mutter-
952 3886 3043 4071 ist gestorben; sie ist jetzt ganz allein. Die Wohnung
