3496 4440
711 1086 3039 1396 macht mich nerwös, ich muss ein Gegengericht habän.- Mokin
731 1341 2139 1547 gasist au jetzte - ten genr fechten.
749 1390 2937 1698 Angst, dass der Gatte unten ist. Wir müssen eine andere
749 1617 1800 1794 Wonnungnehmen, ja, ja, ja.
763 1669 3062 1916 Im Kaffeehaus. Fred ist ganz froh, wenn er von Enma nichts
792 1785 3053 2046 weise. pred erklärt sunde, wie gleichgüitig das ist: jetzt
821 1930 3019 2186 Ist er sowieso schon der Kte. Morgen habt ich keine Zeit,
787 2052 3016 2302 merzien geht ich zum kennen. Kannst auch gehn. Er erklärt
795 2136 3062 2464 ihr, dass er ihr nicht viel zeit widnen kann; er hat viel
807 2302 3065 2592 zu tun. Sie ist mit allem zufrieden. Weisst, du bist halt
839 2583 1277 2702 der prinz.
813 2589 3149 2836 Soirée bei Immas Mann. Sie macht ihm eine Eifersuchtsszene,
836 2708 3022 2961 dabei merkt der Mann schon etwas. Wie er die Geschächte
836 2810 3111 3103 schon loshaben möchte, wie es aber nicht geht. Wie er den
859 2952 3068 3222 festen Vorsatz hat zu brechen. Die Schwester freis, eine
868 3219 1553 3390 junge kluge Frau.
865 3219 3178 3489 Dei Auna. Das Intérieur. Sie stickt. Eine Vrreundin konm
868 3335 3109 3611 Der Herr Mittler. Die Ernestin war auf'm Ball. Die Anna
897 3515 2319 3738 ist wicklich verliebt in ihren Fred-
903 3605 3091 3878 Er kommt. So litstig und zürtlich und lieb ist alles. Er
943 3704 3213 4049 sehreibt ihr, der Rana, ab. Sie ist jetzt so fron. s0 gr
1167 4005 2223 4220 O, was ssia ihr Minier roht
