2872 3432
494 456 1253 565 Bei Emma, der Frau.
494 539 2529 706 Gespräch zwischen ihrem Mann und zwei freunden über
494 674 1813 833 das Rennen beim schwarzen kaffee.
507 783 2582 966 Spatar kommt eventuell der Kadett, der Frau Emma die
512 947 2367 1085 cour macht. Endlich auch Frita etwas verspätet.
507 1056 2640 1218 Ama wurde auf der Währingerstrasse im Fiaker gesehen.
517 1207 1744 1359 -Frit2-una erregtes Gespräch.
510 1311 1855 1465 Werum warst du gestern nicht dort?
507 1454 1972 1579 Fritz: Ich habe eine Stunde gewartet.
496 1584 2216 1722 Nun ja, du weisst doch, ich bin nicht frei.
517 1701 2643 1842 Du könntest ab und zu, statt zu rrau Soundso zu gehen,
502 1839 2609 2006 mir ein Rendez-vous geben. Findest du nicht, dass dein
502 1969 1712 2126 Mann uns eigentümlich fixiert?
507 2081 2497 2248 Der lann, welcher in peinlicher weise ein Gespräch
507 2234 2325 2378 führt. Man soll sich auf keine Frau verlassen.
510 2399 1483 2481 Emma findet, es ist roh.
512 2492 2510 2696 Fritz, ganz vernünktig: Rohl wieso denn? Er hat ja
510 2672 961 2776 ganz recht.
510 2771 2104 2901 Du gehst schon wieder? Du betrigst mich.
512 2911 2038 3060 Mäglich. Könntest du mir's iibelnehmen?
512 3023 1579 3147 O, was seia ihr Manner roht
