2952 3416
2288 326 2637 464 theater:)
618 256 2198 444 Liebelet. /:Nach der Aufführung im Bu
623 426 2011 577 Die Schwester Weiring, Betty, leht.
618 562 1411 687 II. Akt. l. Auftritt.
616 657 2293 857 christine: (:sich ankleidend:/, Katharina,
610 823 2288 1003 sie auf, mit ihrek in den Lannersaal zu ge
605 939 2444 1108 Im 2.Auftritt Weiring dazu, den Flieder bringen
2085 1075 2560 1170 r nicht er-
600 1049 2152 1154 Kath: Sein S' froh, dass Sie der Wachle
598 1106 1785 1234 Im 3. Auftritt tritt Betty auf.
2224 1144 2639 1285 wischt hab
2070 1236 2260 1380 emach
582 1224 2037 1354 Betty: Was hat er denn schon wiederi
582 1372 2178 1508 kath: Guten Abend, Fräuln Betty. - Die.
569 1498 1701 1647 der Herr Weiring abgerissen.
562 1588 1860 1778 Weir: Da is auch für dich einer
564 1747 2409 1942 Betty: Und 's riecht doch sicher noch gradsogt
562 1898 1005 2003 wir friiher.
551 1988 2139 2165 Kath: Wenn sich das aber Alle dächten-
544 2134 2021 2314 Weir: Ja, das wär' freilich g'fehlt.
551 2273 1413 2391 Christ: Adieu, Vater.
544 2421 2596 2593 Weir: Wen n du ein paar Minuten warten nchtest, so
544 2552 2085 2698 könntest mich zum Theater hinbegleiten.
528 2673 2591 2860 Christ: Ich... ich hab' der Mizzi versprochen, dass
528 2796 1131 2945 ich sie abhol“:
518 2929 1693 3096 Weir: Sor (:sieht Betty an:
505 3060 2132 3206 Betty: Is auch g’scheiter. Jugend gehört
