3192 4312
957 1425 2829 1542 Fuss aus dem Tor meines Hauses setzest, häst du
965 1585 1957 1702 das letzte Hal gezittert.
755 1646 888 1824 Ad:
954 1710 2848 1858 O Gott, nur das!... Ich fasse es manchmal nicht,
952 1821 2850 1957 dass ich mich dazu jemals habe bewegen lassen. -
954 1957 2887 2119 Leb' wohl Fritz. Sieh einmal nach, ob im Treppen-
941 2082 2297 2255 tiaus action das Gas angezindet ist.
771 2225 2005 2382 Fritz: (:lächelnd, geht hinaus:
755 2324 2893 2507 Au: (:feht wärrenu dieser Zeit zum Fenster und, schiebt
952 2475 2739 2627 den Vortiang ein wenig zurück. Fährt zusammen:
957 2595 2816 2773 kommt zurück:/ Nein, es ist nicht angezündet.
758 2614 893 2744 Fr:
962 2725 2773 2906 Tetzt ist das gute Halbdunkel auf der Treppe.-
947 2866 1640 3015 Was hast du denn?
949 2983 1827 3116 Dort an der Eckel ...
752 3010 883 3124 Ad:
954 3121 2095 3262 itritt näher:/ Nun was denn?
758 3148 891 3252 Fr:
939 3233 1776 3401 Gieb Acht, gieb Acht!
752 3249 885 3358 Au:
939 3379 1691 3520 Was giebt's dern?"
755 3382 880 3528 Fr:
755 3496 2417 3642 Ad: Siehst du aen Wagen dort an der Eckel
755 3624 2361 3810 Fr: Ja. An dieser Ecke hab' ich schon le
947 3781 1489 3935 stehen sehen.
739 3890 2138 4057 Ad: Siehst du genaut... siehst au
