3531 5464
972 1742 2790 1957 Meiring: /:Langsam zum Klavier zurück, merkt:)
959 1895 3007 2087 Marie: Ich kann heut nicht spielen - nein! auf dem
1156 2038 3023 2227 verstinmten Klavier. Ich werd mir da meine Ar-
1146 2185 2554 2338 beit:hernehmen zum offenen Fenster.
967 2289 2984 2499 weiring: Sie werden ja auch nicht arbeiten können.
1148 2432 3020 2629 Ich lass' Sie lieber allein. Der Frühling vor'm
1143 2554 3054 2743 Fenster is eine bessere Gesellschaft für Sie als
954 2792 3041 2997 Merie: O nein, bleiben Sie nur, - Sie reden so schön.
1125 2945 2992 3137 Das Leben kommt einem gleich viel leichter vor.
1123 3098 2979 3259 wenn man Ihnen zuhört. Ich denk manchmal, sie
1125 3235 2313 3360 hätten Pfarrer werden sollen.
933 3339 2981 3500 Weiring: -ol - Freilich, wenn der liebe Gött selber
1130 3453 2901 3642 die Pfarrer einzusetzen hätt, wäre ich viel-
1123 3601 2898 3772 Zeicht einer geworuen. Mer der Bischof hätte.
1120 3728 3020 3909 mich wieder abgesetzt.- Adleu, Fräuln farie, un-
1120 3868 2922 4075 ser schubert spieien wir nichstens. Ich gehl
1128 3987 3038 4151 spukieren, und Sie bleiben ruhig da sitzen, beim
1097 4117 3067 4291 offenen Fenster, und lassen sich was schönes träu-
