3272 4280
795 2276 922 2399 St:
819 3533 954 3694 St:
973 1267 2357 1472 Die interessiert sich nicht fur sol
980 1487 1479 1587 lebt sohin.
944 1575 2868 1731 Aber es musst sie doch interessieren - grad sie.
2491 1712 2702 1809 155 5.
993 1707 2548 1839 Ein junges Mädel, steht ganz allein, mus
1002 1839 2873 1995 für ihr Fortkommen sorgen,- hat sich sogar schon
2621 1971 2880 2076 gelebt
993 1985 2452 2144 Arum kimmern müssen, wie ihre Mutter
993 2132 1242 2257 tat...
1002 2247 1408 2367 Ja dumals!
971 2345 2934 2528 Und jetzt erst recht: - Wenn sie auch in der letz-
1010 2477 2819 2650 ten Zeit insoweit Gluck hat, als sie schon für
1010 2609 2844 2765 sehr grosse Geschifte in der Staut zu arbeiten
1007 2738 2892 2905 hat und sopar schon einige Funden zu kriegen an-
1051 2863 2897 3029 fanst... Aber sie ist doch endlich auf sich al-
1017 2995 2868 3147 lein angewiesen, und weim nicht im vorigen Jahr
1020 3125 2922 3281 uie paar hundert Gulden dagewesen wären, wie die
1007 3254 2966 3445 Hutter gestorben is, so hätt' sie rein verhungern
1022 3443 1318 3550 können.
1022 3523 2939 3685 Wird nicht vernungern, die Frauln Christin. Wenn
1022 3655 2822 3812 mnan so gute Freundinnen hat, wie zum Beispiel
1024 3819 1775 3934 die Mizzi Link....
1826 3856 3073 4005 die zeigen einem schon den Weg,
