3144 4472
2662 1633 2788 1754 mal
920 1603 2166 1764 Arrangeur bist du nicht geboren
893 1770 1743 1928 (:Zündet Leuchter an:
670 1877 1534 2038 Fr: No ist die denns
668 2022 1968 2183 Mizzi: Sie wird gleich da sein.
678 2166 2199 2311 Fr: Was habt Ihr denn da mitgebrachtl
668 2282 2638 2464 Herm: Grossartige sachen. Schau' dir das nur an.
673 2408 2043 2553 U: Wo dark man denn das hingebent
678 2518 2716 2721 Fr: Wein aucht - Ich hab' ja noch so viel zuhause.
670 2689 2362 2818 Herm: Aber keinen so süssen, mein Lieber.
681 2823 2134 2933 M: Ich trink nur süssen Wein gern.
686 2933 2161 3070 Fr: Und däsl... Eine Kaffeetortel...
681 3078 1502 3236 M: Mokkaeremetorte.
681 3150 2831 3346 Hern: Die süsseste aller süssen Porten. - Nach nicht
871 3309 2799 3467 alles auf, die Mädeln werden das schon besorgen.
837 3429 2858 3614 Sie müssen mir nur sagen, wo Teller und rischtüchd
877 3563 1933 3730 und Besteck zu finden ist.
901 3697 2727 3864 (idie kredenz öffnend:/ Da ist alles, was Ihr
678 3681 818 3885 Fr.
869 3829 2724 3990 braucht. - Da steht auch noch Wein, da ist das
877 3955 2826 4151 kalte Fleisch, da sind Sardinen, da ist Anchorie,
