3176 4312
913 1396 1183 1532 :geht:
923 1515 2900 1666 (:vorsichtif; durch die Vorhangspalte auf die Stras-
938 1646 2863 1806 se spahend:/ Da ist er! - Der Magen fährt davon.
936 1778 2850 1909 -Aber er kann doch nicht gesehen haben, dass er
938 1889 2835 2036 zum Tor heraustrat!... Was ist das? was ist das?
948 2026 2830 2177 - Heiliger Himmel, straf' mich nicht so hartl...
938 2160 2777 2273 Ich habe es ja gebüsst... straf mich nicht so
933 2326 1161 2435 hart!
991 2402 2878 2546 kommt zurück; lächelnd:/ Ha, bist du beruchigt?
738 2453 870 2554 Fr:
933 2541 2074 2668 Der Wagen ist davongefahren.
946 2668 2761 2812 In dem Augenblick, als du aus dem Tor tratest.
941 2804 2577 2954 ilan kann ja mich gar nicht geseren haben.
936 2954 2911 3077 Warum nicht?... Durch das Guckfenster, von kinten.
741 2964 883 3083 Ad:
936 3040 2847 3212 Adele, du bist nervös. Han hat uir nie aufgelau-
761 3093 888 3252 Fr:
951 3206 1677 3323 ert, du weisst es.
746 3272 2782 3467 Ad: (:angstvoll:/ Sag' mir doch, was ich tun soll!
754 3467 2364 3560 Fr: Aber Adele, komm doch zur Beginnung!
766 3566 2777 3702 Ad: (:wieder hinaussehend:) jetzt sehr dch nichts.
928 3730 1732 3831 (:nervös auf und ab:
761 3730 885 3851 Fr:
933 3826 2691 3993 Hein, so hart kann der Himmel nicht strafen!
759 3872 898 4046 4d:
