3480 4456
861 1259 1460 1430 Das arme Mädel.
869 1352 3030 1573 1.Bild: In der vorstädtischen Tanzschule. Vorszene. Der
866 1480 3175 1695 Klavierspieler. Anna mit ihrer jungen Schwester? Ernestine.
872 1602 3143 1829 Es wird davon gesprochen, wie "Er", der von der Anna, nim-
881 1820 1285 1960 mer kommt.
887 1861 3035 2111 Es treten Fred und Ernst auf. Frack beide, Fred braucht
898 2012 3233 2245 erstens eine neue Geliebte. Mit Emma hat er zu wenig Rendez-
893 2143 3198 2367 vous. Das verträgt er sexuell nicht. Er braucht so ein lie-
890 2335 1852 2489 bes Mädel u.s. w., u. s. w.
907 2381 3178 2611 Blauderei von Annie und Fred. Ich mag nicht tanzen,- nein.
910 2515 3239 2759 Sie ist Goldstickerin. Na, und er? Mit ihm ist's aus. Gehen
945 2724 1872 2887 wir zusammen soupieren?
922 2780 3082 3001 Er geht zuerst mit Ernst. Ernst unnd Tini Parallelpaar.
933 2908 3059 3128 Fred: Ach Gott, Jungfern sind sie keine. Nein, gewiss
930 3027 3166 3242 nicht. Na ja, aber wegschmeissen tut man sich doch nicht.
936 3152 3227 3387 -Bei Fred. Mit Frau Emma. Beginn der Agonie. (:Ein Besuch
942 3294 3105 3489 bei Emma, durch den sie aufgehalten wird. Fritz witend,
945 3405 3233 3655 kommt:/ Na, und der Herr Gemal, der passt jetzt auf. Wenn
942 3544 3274 3759 du mich noch betrügst – ich werde dich betrügen (:ganz bru-
991 3687 3152 3928 tal:/. Ich vertrage das nicht. Alle vier Wochen einmal,
954 3812 3210 4047 das bin ich nicht gewöhnt. Und noch dazu, dein Mann - das
1148 4012 2035 4201 De vas som ein mnn
