3121 3624
1498 578 1880 732 Wien. 25.7.92.
534 823 1246 950 Verehrtester Herr Doktor,
1698 859 2210 991 digen Worte herzlie¬
837 923 1121 1019 11 feb Ihre
543 975 2240 1089 es hat mich ganz besonders gefreut, mit dem Mährchen - wie mir
1883 1023 1965 1075 G.H.F.P.
539 1066 2287 1214 Goldmann mittheilte - vor Ihrem kunstverständigen Urtheile Bei-
2121 1105 2215 1157 olut
1949 1110 2053 1162 idem
546 1151 2315 1273 fall gefunden zu haben. Was nun meins andern Sachen betrifft, die
546 1239 2347 1394 Sie zu lesen wünschen, so thut es mir recht leid, Ihrem liebenswär-
1921 1298 2046 1355 credi
553 1332 2347 1471 digen Interesse nur zum geringen Theil entsprechen zu können.
1769 1382 2030 1446 erschienen
1426 1401 1594 1455 G.H.F.P.
553 1405 2378 1544 Das meiste ist in Zeitungen minderer - Verbreitung erschienen; und
555 1471 2306 1642 nur weniges steht mir in Separatabdrücken zur Verfügung. Dieses
559 1605 2365 1753 wenige schicke ich ihnen hiemit; will Ihnen aber nicht verschwei-
2080 1651 2158 1705 *
553 1701 2149 1862 gen, dass im Herbst eine ganze Sammlung von Anatolstückeln
559 1792 2258 1944 und hoffentlich bald drauf noch was andres von mir erscheinen
566 1924 746 2044 wird.-
844 1987 1546 2119 In aufrichtiger Verehrung
982 2085 1492 2203 Ihr sehr ergebener
1758 2065 1896 2169 P.M.
1480 2151 2065 2281 Dr. Arthur Schnitzler.
605 2467 1000 2581 *) s. Episode.
