3149 3607
646 323 806 483 14 /
1426 490 1539 617 —62—
1503 598 1628 773 42
1741 655 2189 785 Wien, 24.12.1900.
728 775 2547 900 Lieber Doctor Herzl, miverstehen wir einander doch nicht. Von einer
733 877 2491 968 unfreundlichen Absicht hab ich kein Wort gesprochen, noch hao ich
730 957 2488 1077 eine im entferntesten vermuthet; ich sprach nur von einem Mangel
728 1065 2559 1166 an Rücksicht, und Sie werden mir bei näherer Ueberlegung zugestehen
728 1159 2528 1251 müssen, dass ich dazu alle Berechtigung hatte. Oder wie möchten Sie
723 1242 2549 1338 es bezeichnen, wenn man einen Autor 6 oder 7 Wochen vor Weihnachten
721 1324 2462 1433 um einen Beitrag für die Weihnachtsnummer ersucht, der Autor ihn
728 1418 2507 1501 einsendet, auf die Länge aufmerksam macht, sich zu Kürzungen bereit
721 1513 2455 1626 erklärt, die Antwort erhält, der Beitrag sei angenommen, die Raum-
721 1602 2486 1694 schwierigkeiten zu beheben sei Sache des Blattes; wenn der Autor
719 1701 2502 1791 endlich die correctur erhält, bei Rücksendung der Correctur neuer-
721 1795 2481 1866 dings und unaufgefordert seine Bereitwilligkeit zu Kürzungen er-
714 1873 2455 1946 klärt und endlich ein paar Tage vor Weihnachten die Mittheilung
714 1982 2521 2057 erhält - der Beitrag könne in der Nummer für die er bestimmt war-
712 2057 2455 2147 wegen Raumschwierigkeiten nicht erscheinen! - Bedenken Sie noch
714 2154 2514 2227 weiters, dass der Autor einer andern Zeitung diese Hovelle für den
709 2234 2599 2330 Fall dass die N.Fr.Pr. sie wegen ihrer Länge nicht in der Weihnachts-
740 2319 2540 2418 nummer bringen könnte, zugesagt hätte? - Ich glaube wahrhaftig Sie
709 2410 2505 2512 haben keine Ursache sich zu wundern, dass ich Ihre Mittheilung mit
714 2516 2552 2608 einigem Unmuth aufgenommen habe. Dass es ausschliesslich Erwägungen
707 2587 2547 2691 künstlerischer Natur sind, die mir eine Theilung der Novelle unthun-
707 2691 2500 2780 lich erscheinen lassen, brauche ich Ihnen, der sie kennt, nicht wie-
714 2790 2450 2870 derholt zu versichern. Dass die Neue Freie Presse nun bei einer
709 2868 2493 2971 andern Gelegenheit der Hovelle zu Liebe eine Beilage erscheinen.
702 2945 2460 3061 lässt, verlange ich nicht und wünsche ich leht und nehme ich in
700 3058 2542 3197 keinem Falle an. Bemühen Sie sich nicht weiter in meiner Angelegen-
