3141 3544
960 537 1062 627 11
1500 710 1636 831 -34-
1967 902 2225 994 14.1.95.
739 917 1157 1060 Lieber Freund!
1600 946 1702 1075 20
737 1060 2417 1238 Einige Fragen, um jeden überflüssigen Zeitverlust zu ersparen.
732 1145 2555 1342 Am 27. sind die drei ersten Wochen aus. Falls bis dahin von Brahm
727 1245 2638 1434 keine Antwort da ist - man muss daran denken! - wird es wohl gut sein,
720 1330 2587 1512 dann bis zum letzten des Monats zu warten und dann die Aufforderung,
717 1464 2606 1607 das Stück weiterzusenden, durch Schick wiederholen zu lassen? Und aus-
712 1563 2606 1699 serdem könnte man einen Brief an Blumenthal absenden, der auch ihn auf
710 1622 2536 1789 die Vorbemerkung des Stückes aufmerksam macht. Auf alle Fälle aber
705 1746 2594 1867 muss man darauf gefasst sein, dass das Stück im Falle der Nichtannahme
705 1840 2570 1962 von Brahm direct an Schick zurückgesandt wird, denn der Eigensinn und
698 1906 2587 2086 die Ungefälligkeit der Directoren ist unberechenbar. Ich erwarte Ihre
686 2006 1575 2113 Meinungsäusserung, lieber Freund.
683 2096 2572 2242 Das Manuscript will ich in Ehren halten, und nicht erst darauf warten,
686 2183 2623 2329 dass es eine angenehme Erinnerung werde, um mich herzlich daran zu freu-
678 2261 2504 2426 en. Vielen Dank für die warmen und schönen Worte, mit denen Sie das
671 2358 1379 2487 liebe Geschenk begleiten.
659 2439 2494 2601 Nun sollen also die nächsten Palais Bourbon-Feuilletons und - das
656 2560 2560 2711 nächste Stück erwartet werden. Ich weiss nicht, ob Sie damit zufrieden
659 2638 2524 2774 sein werden, wenn ich den Stücken den echten und tiefen Erfolg Ihrer
654 2721 2594 2881 Feuilletons wünsche - aber Sie selbst können ja da unten in Paris kaum
647 2830 2599 2971 die Wirkung beurtheilen, welche diese Feuilletons machen. Von der künst-
637 2920 2504 3063 lerischen spreche ich natürlich. Sie müssen sie unbedingt gesammelt
627 3017 2546 3141 herausgeben; natürlich nicht nur die Bourbonschen. Zwei Bücher: Paris
627 3100 2543 3280 und die Politik, Paris und die Kunst - Natürlich bessere Titel, als mir
625 3165 1172 3289 da eben einfallen.-
625 3280 2353 3396 Seien Sie vielmals herzlich gegrüsst von Ihrem treu ergebenen
1848 3413 2244 3523 Arthur Schnit
