3121 3624
2467 349 2570 495 I
1297 492 1407 591 -4-
1534 671 1620 769 3
1834 673 2108 757 30.12.92.
673 757 1241 875 Verehrtester Freund,
661 858 2486 945 nehmen Sie meine herzlichsten Neujahrsgrüsse entgegen! Ich sende
666 945 2462 1034 Ihnen dieselben mit besonderer Freude, denn wenn ich so die Ergeb-
666 1013 2511 1137 nisse des heurigen Jahres überschaue, so finde ich, dass jener Brief,
671 1147 2465 1229 mit welchem Sie sich als einen so liebenswürdigen Betrachter des
666 1233 2504 1311 Märchen zu erkennen gaben, und zugleich manche Misverständnisse un-
671 1294 2511 1395 serer bisherigen Beziehungen lösten, zu den wärmsten und wohlthuend-
673 1398 2448 1480 sten Erlebnissen meines 92er Jahres gehören. Ich stehe in meiner
671 1482 2509 1581 eigenen Anerkennung noch nicht fest genug, um eine Liebenswürdigkeit
675 1585 2469 1677 wie die Ihre nicht besonders stark zu empfinden. Es wundert mich
671 1672 2523 1752 umsomehr, dass Sie mir noch bis zu einem gewissen Grade zu mistrauen
675 1742 2490 1864 scheinen. Die Gründe, mit welchen Sie mein Ersuchen um einige Ihrer
673 1862 2465 1937 Arbeiten ablehnen, veranlassten mich zu dieser Bemerkung. Sie, mein
671 1939 2455 2045 lieber und verehrter Freund, stehen auf meine "reciproke" Anerken-
664 2028 2434 2120 nung gewiss nicht an, und ich meinerseits glaube vor dem Verdacht
675 2127 2434 2218 sicher zu sein, aus dem Bedürfnis Revanchefreundlichkeiten auszu-
675 2232 2467 2312 theilen mich für Ihre Manuscripte zu interessieren. Dass Sie man-
675 2293 2483 2399 ches Dramatische geschrieben haben, das Sie auch jetzt für gut hal-
671 2394 2490 2493 ten, geht aus einem Ihrer Briefe mit Sicherheit hervor, und wenn Sie
680 2481 2413 2591 vor zehn oder zwölf Jahren nicht bezweifelt haben, dass ich mich
675 2575 2446 2683 für Ihre Stücke interessiere, so liegt heute wohl auch kein Grund
673 2648 2479 2776 dafür vor. Es wäre doch ganz schön, wenn aus der Formel, welche wir
673 2753 2519 2868 beide über den Anfang unserer Briefe setzen, auch ein Inhalt flösse.
666 2854 2523 2959 Einigen wir uns dahin, dass wir durchaus keinen Grund haben, in Phra-
673 2952 2500 3046 sen miteinander zu correspondieren, und dass jeder Satz, welcher ei-
671 3053 2434 3147 ner dem andern schreibt diesen verbindlich macht, jenen Satze zu
673 3131 2556 3255 glauben. Das ist natürlich keine Erpressung, als wenn Sie mir nun un-
