<?xml version="1.0" encoding="UTF-8" standalone="yes"?>
<PcGts xmlns="http://schema.primaresearch.org/PAGE/gts/pagecontent/2013-07-15" xmlns:xsi="http://www.w3.org/2001/XMLSchema-instance" xsi:schemaLocation="http://schema.primaresearch.org/PAGE/gts/pagecontent/2013-07-15 http://schema.primaresearch.org/PAGE/gts/pagecontent/2013-07-15/pagecontent.xsd">
    <Metadata>
        <Creator>prov=READ-COOP:name=TrHtr:version=2.1.0:model_id=51170:date=25_07_2023_03:46</Creator>
        <Created>2023-05-01T21:55:01.042+02:00</Created>
        <LastChange>2023-07-25T03:46:18.198+02:00</LastChange>
        <TranskribusMetadata docId="1416431" pageId="54946042" pageNr="52" tsid="130582465" status="IN_PROGRESS" userId="64420" imgUrl="https://files.transkribus.eu/Get?id=OYMHTJOWRQKMNMSTXDCGNHZC&amp;fileType=view" xmlUrl="https://files.transkribus.eu/Get?id=ZFGMINAHIJGUCARIYHHAFHFI" imageId="44450127"/>
    </Metadata>
    <Page imageFilename="1416431_0052.jpg" imageWidth="3177" imageHeight="3607">
        <ReadingOrder>
            <OrderedGroup id="ro_1711831953623" caption="Regions reading order">
                <RegionRefIndexed index="0" regionRef="tr_1"/>
            </OrderedGroup>
        </ReadingOrder>
        <TextRegion id="tr_1" custom="readingOrder {index:0;}">
            <Coords points="937,550 2788,550 2788,1523 937,1523"/>
            <TextLine id="tr_1_tl_1" custom="readingOrder {index:0;}">
                <Coords points="1593,634 1623,632 1687,652 1717,632 1739,634 1737,561 1707,554 1694,540 1678,536 1662,522 1646,526 1636,517 1607,531 1591,529"/>
                <Baseline points="1603,600 1648,603 1693,603 1737,603 1743,603"/>
                <TextEquiv>
                    <Unicode>-49-</Unicode>
                </TextEquiv>
            </TextLine>
            <TextLine id="tr_1_tl_2" custom="readingOrder {index:1;}">
                <Coords points="1973,730 2085,767 2113,755 2133,767 2174,769 2211,753 2209,625 2167,648 2135,645 2101,661 2003,629 1971,639"/>
                <Baseline points="1985,698 2030,701 2075,701 2120,701 2164,701 2209,704 2215,704"/>
                <TextEquiv>
                    <Unicode>26.4.95</Unicode>
                </TextEquiv>
            </TextLine>
            <TextLine id="tr_1_tl_3" custom="readingOrder {index:2;}">
                <Coords points="1685,794 1717,792 1728,787 1742,799 1746,796 1755,803 1781,801 1785,705 1769,703 1758,714 1742,719 1733,712 1719,716 1703,703 1689,703"/>
                <Baseline points="1698,779 1743,773 1788,773"/>
                <TextEquiv>
                    <Unicode>31</Unicode>
                </TextEquiv>
            </TextLine>
            <TextLine id="tr_1_tl_4" custom="readingOrder {index:3;}">
                <Coords points="936,883 2708,913 2730,835 934,792"/>
                <Baseline points="949,862 994,862 1039,862 1083,862 1128,865 1173,865 1218,865 1263,865 1307,865 1352,865 1397,865 1442,868 1486,868 1531,871 1576,871 1621,874 1666,874 1710,874 1755,874 1800,874 1845,874 1890,877 1934,877 1979,877 2024,877 2069,877 2114,877 2158,880 2203,880 2248,880 2293,880 2337,883 2382,883 2427,883 2472,886 2517,886 2561,889 2606,886 2651,886 2696,886 2735,886"/>
                <TextEquiv>
                    <Unicode>Wann, mein lieber Freund, erhalte ich Albert's genaue Adresse? Vor-</Unicode>
                </TextEquiv>
            </TextLine>
            <TextLine id="tr_1_tl_5" custom="readingOrder {index:4;}">
                <Coords points="927,975 2760,1007 2758,943 2614,897 925,902"/>
                <Baseline points="937,955 982,952 1027,952 1071,952 1116,955 1161,955 1206,955 1251,958 1295,958 1340,958 1385,958 1430,961 1475,961 1519,961 1564,964 1609,964 1654,964 1698,964 1743,964 1788,967 1833,967 1878,967 1922,967 1967,967 2012,970 2057,970 2102,970 2146,973 2191,973 2236,973 2281,973 2326,973 2370,976 2415,976 2460,976 2505,976 2549,976 2594,979 2639,979 2684,976 2729,976 2767,979"/>
                <TextEquiv>
                    <Unicode>läufig hab ich nur zu berichten, dass Herr Bl. auf den recommandir-</Unicode>
                </TextEquiv>
            </TextLine>
            <TextLine id="tr_1_tl_6" custom="readingOrder {index:5;}">
                <Coords points="957,1067 2680,1108 2785,1099 2785,1025 954,977"/>
                <Baseline points="970,1045 1015,1042 1060,1042 1104,1045 1149,1045 1194,1045 1239,1045 1283,1045 1328,1048 1373,1048 1418,1048 1463,1051 1507,1051 1552,1051 1597,1054 1642,1054 1687,1054 1731,1054 1776,1057 1821,1057 1866,1057 1910,1057 1955,1057 2000,1057 2045,1060 2090,1060 2134,1060 2179,1062 2224,1062 2269,1060 2314,1062 2358,1062 2403,1062 2448,1065 2493,1065 2538,1065 2582,1068 2627,1068 2672,1068 2717,1068 2761,1068 2788,1068"/>
                <TextEquiv>
                    <Unicode>ten Brief mit keiner Silbe geantwortet hat, und sich das Manuscript</Unicode>
                </TextEquiv>
            </TextLine>
            <TextLine id="tr_1_tl_7" custom="readingOrder {index:6;}">
                <Coords points="927,1144 2726,1188 2726,1110 2611,1083 925,1067"/>
                <Baseline points="940,1128 985,1128 1030,1131 1074,1131 1119,1134 1164,1134 1209,1134 1254,1134 1298,1134 1343,1137 1388,1137 1433,1140 1478,1140 1522,1140 1567,1143 1612,1143 1657,1143 1701,1143 1746,1143 1791,1143 1836,1146 1881,1146 1925,1146 1970,1146 2015,1149 2060,1149 2105,1149 2149,1152 2194,1152 2239,1152 2284,1152 2329,1152 2373,1152 2418,1155 2463,1155 2508,1155 2552,1155 2597,1155 2642,1155 2687,1155 2732,1155"/>
                <TextEquiv>
                    <Unicode>bei F. befindet, der gleichfalls noch nichts von sich hören lässt.</Unicode>
                </TextEquiv>
            </TextLine>
            <TextLine id="tr_1_tl_8" custom="readingOrder {index:7;}">
                <Coords points="932,1247 1023,1234 1243,1266 1364,1238 1582,1266 1627,1243 1755,1268 1753,1199 1682,1181 1648,1202 1561,1165 1497,1192 1346,1190 1263,1149 1181,1179 1135,1158 1048,1188 932,1176"/>
                <Baseline points="943,1218 988,1218 1033,1221 1077,1221 1122,1224 1167,1224 1212,1224 1257,1224 1301,1227 1346,1227 1391,1227 1436,1227 1481,1230 1525,1230 1570,1230 1615,1230 1660,1230 1704,1230 1749,1236 1758,1233"/>
                <TextEquiv>
                    <Unicode>Es sind so liebe Menschen! -</Unicode>
                </TextEquiv>
            </TextLine>
            <TextLine id="tr_1_tl_9" custom="readingOrder {index:8;}">
                <Coords points="1211,1327 2216,1355 2193,1250 1961,1286 1884,1250 1719,1284 1584,1257 1208,1273"/>
                <Baseline points="1221,1319 1266,1316 1310,1316 1355,1316 1400,1316 1445,1319 1489,1319 1534,1319 1579,1322 1624,1322 1669,1322 1713,1322 1758,1322 1803,1322 1848,1325 1893,1325 1937,1328 1982,1331 2027,1331 2072,1331 2117,1328 2161,1328 2206,1328 2218,1334"/>
                <TextEquiv>
                    <Unicode>Seien Sie vielmals herzlich gegrüsst</Unicode>
                </TextEquiv>
            </TextLine>
            <TextLine id="tr_1_tl_10" custom="readingOrder {index:9;}">
                <Coords points="1469,1433 1538,1424 1618,1451 1735,1437 1755,1456 1790,1449 1804,1460 1849,1433 1870,1440 1870,1371 1847,1366 1799,1380 1762,1350 1733,1378 1662,1369 1588,1385 1559,1364 1469,1353"/>
                <Baseline points="1481,1412 1525,1409 1570,1412 1615,1412 1660,1415 1704,1415 1749,1415 1794,1415 1839,1415 1875,1418"/>
                <TextEquiv>
                    <Unicode>Ihr ergebener</Unicode>
                </TextEquiv>
            </TextLine>
            <TextLine id="tr_1_tl_11" custom="readingOrder {index:10;}">
                <Coords points="1820,1524 1863,1538 1879,1529 1939,1538 1975,1529 2010,1554 2023,1552 2023,1474 2003,1476 1996,1469 1989,1476 1957,1456 1929,1469 1904,1460 1884,1474 1856,1460 1820,1469"/>
                <Baseline points="1833,1507 1878,1507 1922,1507 1967,1507 2012,1510 2027,1513"/>
                <TextEquiv>
                    <Unicode>A. Sch.</Unicode>
                </TextEquiv>
            </TextLine>
        </TextRegion>
    </Page>
</PcGts>
