3174 3624
1449 339 1532 448 1
1315 489 1461 600 -18-
1590 602 2033 743 Wien, 10. Nov. 94.
609 715 1403 845 Lieber und verehrter Freund,
616 810 2409 921 ich beglückwünsche Sie vor allem zur Vollendung Ihres Stückes, das
623 884 2434 1008 schon während seines Entstehens die Mission erfüllt hat, welche bei
621 992 2434 1103 selbstfritischen Geistern wie bei Ihnen so schwer zu erfüllen ist:
616 1082 2381 1193 Ihnen eine hohe und schöne Stimmung zu geben. Ich habe also wohl
616 1175 2404 1288 ein Recht mich auf die Lectüre desselben aufs innigste zu freuen.
870 1274 2386 1378 Es ist selbstverständlich, dass ich Ihnen in jeder Weise
616 1364 2425 1461 und mit dem grössten Vergnügen zur Verfügung stehe. Ich habe auch
623 1451 2437 1553 bereits an einen notar. Vertreter gedacht. Schick. Kennen Sie ihn?
616 1544 2425 1638 Er hat vor Jahren intim mit Ludassy verkehrt; ich komme jetzt häu-
616 1643 2425 1733 fig mit ihm zusammen und seine Verlässlichkeit ist ausser Zweifel.
611 1724 2439 1839 Im übrigen braucht ja auch ihm gegenüber Ihr Name nicht genannt zu
621 1834 828 1931 werden.
618 1913 1564 2028 Einiges wäre immerhin zu bedenken.
614 1989 2457 2086 Nehmen wir den Fall an, die Direction entscheidet wich wirklich bin-
614 2084 2439 2194 nen vier Wochen - wird sie dann, im Falle der Ablehnung - das Stück
623 2185 2342 2308 auch an das andere Theater weiter befördern? - Dass es ihr ein
616 2261 2393 2377 leichtes ist, wissen wir ja - es ist aber nicht zu vergessen, dass
618 2370 2393 2462 es nichts nachlässigeres, rücksichtsloseres, schamloseres gibt als
623 2448 2457 2550 Theaterdirectionen. Diese Nachlässigkeit, Rücksichtslosigkelt, Scham-
618 2541 2460 2654 losigkeit steigert sich ins ungemessene, sobald sie es mit einem Un-
621 2633 2467 2744 bekannten zu thun haben. Ich glaube also, dass man sich an eine Be-
618 2732 2425 2841 förderung des Stückes von Theater zu Theater kaum recht verlassen
623 2817 2342 2937 kann. Ausserdem kommt in Betracht, dass die Vergangenheit eines
625 2924 2481 3032 Stückes auch eine Art Nordauscher Kugel ist - d. h. das Neue Theater
646 2997 2407 3120 z.B. kann erstens "geknankt" sein, dass es später als die andern
623 3106 2377 3203 berücksichtigt wird und kann zugleich ein Vorurtheil gegen das
