3210 3493
2012 161 2142 282 : 1:
1495 188 1612 294 J. W.
2590 204 2733 308 11.
1692 400 1832 514 -39-
1082 494 1366 652 (18.2.95)
1924 505 2051 648 24
1077 629 2850 758 bedeuten würde als ein Reiz mehr für Ihre Existenz, als sein Spiel
1082 753 2827 850 oder ein Spass - dann wär es ja gut; aber die Preudonymität ist
1079 838 2870 939 ein Hindernis, das Sie sich selbst in den Weg stellen, viel grösser
1086 928 2829 1029 als Sie offenbar geehnt haben. An Ihrer Kraft zweifle ich nicht,
1077 1033 2788 1127 Sie wissen es - aber Sie sehen, es gibt Hindernisse, die einfach
1070 1102 2815 1201 nicht zu nehmen sind. Was thut man beispielsweise in einem Fall
1077 1208 2831 1293 wie in dem unsern? Herr Blumenthal sagt: Ich habe keine Zeit, Ihr
1072 1281 2765 1387 Stück zu lesen, - da stehen Sie nun! Seine Sie überzeugt, dass
1075 1392 2831 1490 Herr Blumenthal Zeit gehabt hätte, das Stück des Theodor Herzl zu
1068 1479 2817 1580 lesenl-Wollen Sie trotz allen bisherigen Erfahrungen die Pseud.-
1077 1568 2845 1683 comödie weiter agiren - dass ich Ihnen stets zur Verfügung stehe,
1070 1658 2806 1754 braucht keiner weiteren Versicherung. Aber meine Ansicht kennen
1068 1750 2870 1853 Sie. Die Ideen, die Sie fürs Raimundth. haben, deuten nun allerdings
1068 1837 2834 1947 darauf hin, dass Sie sich dem Director selbst gegenüber zu nennen
1070 1940 2827 2044 geneigt wären. Dagegen ist nun natürlich gar nichts einzuwenden.
1065 2018 2854 2140 Warum aber wollen Sie nicht beim Dtsch, Volkstheater zuerst einen
1065 2110 2854 2216 Versuch machen? So viel man gegen diese Bühne - und mit wievielem
1061 2204 2822 2312 Rechte man es vorbringen mag - ich liesse mich noch immer lieber
1061 2301 2808 2397 im Volkstheater als im Raimundtheater aufführen. Mein persönli-
1061 2388 2877 2505 ches Verhältnis zu Herrn Müller Guttenbrunn ist das: dass ich (das
1070 2468 2808 2599 weiss ich bestimmt) einen tiefen Exel vor ihm empfinde; dass er
1059 2583 2815 2687 mich (das ahne ich) nicht ausstehen kann - und dass wir uns höf-
1059 2673 2783 2762 lich grüssen, wenn wir uns irgendwo sehen. Mit dem Volksthuster
1059 2746 2801 2875 steh ich jetzt gar nicht; man hat sich recht schäbig gegen mich
1059 2829 2900 2944 benommen und ich halte Herrn Dukovies für einen Oretin, Herrn Müller
1049 2944 2857 3049 für einen Ganner und Herrn Geiringer für einer Börsianer. Auf die
2188 3022 2540 3141 Herrn Brahm die
1888 3024 2117 3141 sscheut,
1258 3043 1676 3155 (2) ich habe mich
