3141 3544
1525 703 1659 784 -35-
753 805 2036 951 Couvert: Dr.Theodor Herzl, Paris 8, rue Moncean.
1632 956 1728 1040 21
2063 963 2309 1064 19.1.95.
741 1025 2662 1152 Lieber Freund, mein neues Stück ist am Burgtheater angenommen; dürfte
736 1142 2576 1245 noch in dieser Saison drankommen.- Ich schreib es Ihnen gleich, ich
746 1233 2538 1329 weiss, es wird Sie freuen.- Aus Berlin noch keine Nachricht; mein
750 1314 1912 1417 Stück hab ich dort noch nicht eingereicht.
1317 1405 1807 1520 Herzlichen Gruss.
1346 1506 1869 1606 Ihr treu ergebener
1831 1582 2342 1699 Arthur Schnitzler.
