3121 3624
1249 503 1365 596 -2-
1622 596 2234 732 Wien, 12. November 892.
1423 660 1590 830 2
1534 809 1629 902 G.F.P.
586 818 1177 955 Verehrtester Freund,
596 878 2301 1020 zuerst will ich Ihnen für Ihre liebenswürdigen Worte herzlich
593 971 2371 1110 danken, und dann gleich magen, ver Loris ist. Räthselhaft, dass Sie
596 1054 2406 1191 es von Goldmann nicht wissen. Ich selber bin es leider nicht. Er-
598 1161 2294 1298 stens wäre ich dann um 12 Jahre jünger und zweitens hätte ich
610 1258 2348 1379 "Gestern" geschrieben, den schönsten Einakter in Versen, der seit
596 1335 2329 1479 sehr, sehr langer Zeit in deutscher Sprache erschienen ist. Von
605 1414 2399 1576 diesem merkwürdigen Achtzehnjährigen wird noch sehr viel gespro-
598 1511 2385 1671 chen werden. Wenn Sie schon die Einleitungsverse zum Anatol "zum
614 1599 2450 1771 küssen" finden, so will ich Sie vor den unzüchtigen Gedanken warmen,
616 1710 2406 1861 die in Ihnen beim Genuss seiner andern Sachen aufsteigen könnten.
610 1810 2410 1926 In Wirklichkeit heisst der Herr Hugo von Hofmannsthal, hat im Juli
610 1873 2408 2016 maturiert und studiert Jus an der Wr. Universität. Sie wissen ja,
607 1986 2429 2114 Verehrtester, wie wenig wörtlich das zu nehmen ist. Wenn es gestat-
572 2083 2433 2246 tet ist, seiner Biographie vorzugreifen, so will ich Ihnen auch mit-
593 2148 2345 2294 theilen, dass ich heute Abend nach der Première von Musotte mit
556 2241 2366 2408 ihm soupieren und ihm von Ihrem freundlichen Interesse erzählen
626 2322 2389 2468 will. Im übrigen, fragen Sie doch Goldmann nach ihm; - er hat ihn
570 2466 1048 2626 ja entdeckt! -
628 2510 2443 2647 - Von Wiener Kunst soll ich Ihnen was berichten? - Nun, die litera-
623 2614 2382 2751 rische Bewegung äussert sich darin, dass in Wiedner Theater oder
649 2714 2276 2862 Carltheater Couplats gegen den Naturalismus gesungen werden
600 2779 2329 2939 l'brutal -!“ „Skundal!*), dass es keine Verleger, keine neuen
607 2883 2422 3052 Stücke, dagegen sehr viele Kaffechäuser gibt, in denen alle Litera-
584 2964 2450 3138 ten, denen Vormittags nichts eingefallen ist, Nachmittag ihre Gedan-
