6149 3608
1188 468 1344 599 -64-
1578 628 1876 727 14.1.1901.
1885 695 2353 787 eine Bitte an Sie!
525 661 1257 817 Lieber Herr Doctor.
537 784 2360 929 Sie haben meinen letzten Brief nicht erhalten. Ich wiederhole sei-
557 895 2326 1030 nen Inhalt: Da ich bisher mit niemanden ausser mit Ihnen verhan-
534 989 2326 1131 delt habe, bin ich genöthigt, Sie um freundliche Mittheilung zu bit-
534 1080 2379 1216 ten, an wen ich mich in der Honorirungsfrage meiner Weihnachtsnovel-
525 1163 2241 1280 le zu wenden habe, da, trotz meines ausdrücklichen Hinweises bei
523 1259 2269 1429 Einsendung des Beitrags, vergessen wurde, die ungewöhnliche Länge
518 1353 1149 1461 in Betracht zu ziehen.
895 1415 1564 1548 Mit verbindlichem Gruss
1051 1528 1445 1635 Ihr ergebener
1284 1608 1801 1732 Arthur Schnitzler.
4310 475 4466 608 -65-
3661 688 5500 796 Verehrtester Herr Doktor! Ich erlaube mir heute eine Bitte an Sie!
3661 775 5395 922 Sind Sie in der Lage, Karten zur Judic zu verschenken? Ich habe
3665 881 5395 984 den Muth zu dieser Frage, indem ich lese, dass es leer sein soll.
3661 973 5471 1062 Im Falle Sie also eine gewisse Verfügungsmöglichkeit haben, verbin-
3661 1048 5461 1172 den Sie mich ausserordentlich, wenn Sie mir für einen oder den an-
3672 1140 5503 1268 dern Abend ein oder zwei Parquetsitze verschaffen können. Besonders
3672 1259 5120 1379 sympathisch wäre mir Donnerstag Samstag oder Sonntag.
3679 1342 5445 1468 Nicht wahr Sie sagen mir gefälligst telephonisch zwischen 2 und 3
3665 1427 5402 1523 Uhr (event. bis 5 od. 6) oder durch eine Karte Antwort? Und sind
3654 1505 4679 1633 nicht ungehalten über mein Ersuchen?
4055 1599 4922 1723 Mit herzlichen Grüssen und Dank
4287 1704 4677 1805 Ihr ergebener
4631 1780 5239 1902 Dr.Arthur Schnitzler.
