3181 3592
2101 298 2359 445 1 3/9 — 8 11
1530 522 1674 666 -46-
2047 664 2282 759 6.4.95.
841 785 1244 918 Lieber Freund:
1593 817 1721 929 29
841 899 2548 1022 Den Brief an M.G. habe ich in der gewünschten Weise abgesandt.
836 1022 2634 1115 Was die andern anbelangt, so erlauben Sie mir Ihnen etwas zu sagen.
836 1118 2645 1206 Herr S. Fischer ist augenblick in Wiesbaden und es scheint, dass ir-
831 1183 2662 1309 gendwelche Geschöpfe seines Verlags die an ihn gelangenden Sendun-
838 1295 2550 1404 gen öffnen. Ausserdem ist er nicht der Mann meines Vertrauens -
831 1393 2634 1488 ich könnte es vor allem nicht verantworten,ihm einen fremden Brief
831 1474 2636 1581 zur Verwahrung zu übergeben, sondern würde es vorziehn, den Brief in
829 1593 2629 1684 einer Abschrift an ihn gelangen zu lassen. Auch erwarte doh nichts
822 1660 2601 1754 von seiner Discretion - er wird wahrscheinlich auf die Vermuthung
824 1735 2622 1847 kommen, dass ich der Verfasser des Stückes sei und nicht ermangeln,
815 1830 2676 1972 im Falle Blumenthal das Stück abholen lässt, ihm das unter dem Siegel
810 1935 2580 2061 der Verschwiegenheit mitzutheilen, (und mancham andern auch.) Für
813 2040 2615 2131 alle Fälle aber ist eine Spur gegeben, was Sie ja vermeiden wollen.
815 2112 2573 2208 In Verlag nehmen wird er das Stück ganz bestimmt, wenn man ihm im
815 2182 2559 2308 Vorhinein die Druckkosten (über-) zahlt- und ganz bestimmt nicht,
838 2301 2573 2403 wenn man das nicht thut - meine Verbindung mit ihm nützt da gar
794 2401 2615 2510 nichts; er macht’s mir genau so. Dafür dass „Sterben“ als Buch bei
808 2450 2557 2578 ihm erschienen ist, - habe ich es ihm für die Zeitschrift "Freie
808 2569 2590 2669 Bühne" - schenken müssen. Das "Märchen" wollte er nur gegen Erlag
810 2659 2562 2750 der Druckkosten nehmen. Ueber mein neues Stück will er erst nach
803 2739 2562 2843 der Première mit mir verhandeln.- Ich sage nicht, dass 3. Fischer
780 2836 2636 2964 schlechter ist als die andern - aber er ist nicht besser. Ich rathe
773 2916 2590 3076 daher durchaus nicht von ihm ab, sondern will nur einen andern Weg
771 3037 2645 3139 vorschlagen. Ist es Ihnen recht, so mache ich die Sache wieder durch
780 3118 2531 3232 Schick, indem ich nämlich in Schnabel's eigenem Namen an Fischer
