3149 3607
1322 514 1431 588 -63-
1475 588 1588 699 42
734 655 2491 782 heit und lassen Sie mich Ihnen nochmals sagen, dass ich von Ihrer
738 776 2514 905 guten Gesinnung mit Vergnügen überzeugt bin. Die Hovelle war aus-
738 868 2433 956 schliesslich für die Weihnachtsnummer bestimmt und ich brauche
738 940 2544 1088 sie nicht erst formell zurückzuziehen, da sie in jener Nummer nicht
729 1023 2567 1139 zum Abdruck kommt. Die Sache ist erledigt und um jedes weitere Mis-
738 1116 2498 1266 verständnis unmöglich zu machen, erkläre ich hiemit, dass ich eine
729 1234 2590 1317 Novelle,die sich zum Erscheinen in Fortsetzungen eignet, der N.Fr.Pr.
734 1301 2565 1428 für ihr Romanfeuilleton mit besonderem Vergnügen überreicht hätte.-
1171 1414 1794 1542 Verbindlichst grüssend
1391 1516 1493 1630 Ihr
1465 1551 1977 1722 Arthur Schnitzler.
