3121 3624
1274 493 1393 582 -3-
701 619 1003 713 (12.11.92)
1898 673 1999 767 3,22
692 732 2550 837 ken austauschen. Sitzen zwei zusammen, so nennt man sie eine Clique
694 839 2543 937 und sitzen gar drei zusammen, - so sind sie es wirklich. Man glaubt
699 935 2489 1007 weder an sich, noch an die andern - und hat grösstentheils Recht.-
692 1007 2567 1106 Ihr Feuilleton von dazumal fällt mir ein: Kaffeehaus der neuen Rich-
685 1099 2513 1232 tung hiess es, nicht? - wenn Sie mir gelegentlich dasselbe schicken
687 1206 2513 1316 wollten (Sie haben’s doch wohl) freute es mich sehr. Und noch nach
692 1300 2438 1395 einem andern Werk gelüstet es mich wieder; das ist der Tabarin.
685 1374 2508 1463 Nun aber will ich noch mit einer ganz besonderen Bitte heraus (die
685 1456 2532 1594 einleitenden Phrasen schenken Sie mir ja) ich möchte sehr gern die-
685 1566 2450 1664 jenigen Ihrer Stücke lesen, auf die Sie selbst was halten und die
676 1664 2506 1751 nicht aufgeführt worden sind.- Sie würden meinem literarischen und
683 1753 2433 1835 persönlichem Interesse in gleicher Weise durch Berücksichtigung
683 1840 1580 1956 dieses Ersuchens entgegenkommen.
701 1933 2436 2022 - Ihre Schlusspointe zu den Weihnachtseinkäufen gefällt mir vor-
673 2024 2471 2104 züglich; nur glaub' ich wär sie aus der einen Scene schwierig he-
673 2115 2415 2204 rauszuentwickeln. Es wäre überhaupt was andres; in Ihrer Pointe
673 2197 2447 2312 liegt ganz einfach ein sehr reizendes Lust - oder vielleicht gar
673 2300 2426 2384 Schauspiel versteckt, welches zu schreiben Sie höflichst gebeten
676 2384 2466 2480 werden.-Neugierig bin ich,ob Sie eins von den Dingen bühnenwirk-
673 2464 1208 2581 sam finden werden.-
1868 2581 2076 2667 14.11.
652 2651 2471 2770 Ich wurde neulich unterbrochen, und komme erst heute zum Abschluss
659 2733 2468 2845 meines Briefes. Lassen Sie mich Ihnen also nur noch einmal sagen,
664 2845 2501 2948 wie sehr mich Ihre Freundlichkeit und Antheilnahme ehrt und wie es
659 2936 2527 3032 mich freuen würde, bald wieder was von Ihnen zu hören. Sie haben mir
662 3027 2508 3123 nun zwei Briefe über mich mink geschrieben; ich darf nun wohl einen
659 3109 1653 3202 über Sie erwarten?
1678 3114 1898 3200 Geschäft als
1026 3132 2165 3254 Mit herzlichen Grüssen Ihr sehr ergebener
645 3214 1211 3331 I.Grillparzerstr.7.
1837 3212 2361 3338 Arthur Schnitzler.
