3174 3624
1281 493 1421 593 -17-
674 604 932 756 (5.7.94.)
824 744 941 810 and
665 704 2444 898 diesem Winter an Ihre schönen und wahren Worte denken müssen, die
667 846 2464 1002 Sie mir lang vor der Aufführung meines "Märchens" geschrieben ge-
679 950 2380 1081 schrieben haben. Ich habe von allem zu kosten bekommen, was die
672 1000 2387 1163 Aufführung eines Stückes verletzendes bringen kann: wie irgend
683 1091 2498 1256 einer kann ich mitreden, wenn von der Albernheit der Direktoren, der
683 1201 2450 1346 Verlogenheit der Komödianten und der vergnügten Gehässigkeit der
679 1276 2405 1434 Recensenten gesprochen wird, - wobei ich vom Publikum gänzlich
1199 1385 1391 1439 albernt
676 1373 2477 1529 schweigen will, das xxxx, verlogen und gehässig ist.- Es ist nicht
679 1464 2412 1618 anzunehmen, dass ich anders reden würde, wenn ich zufällig einen
683 1554 2450 1729 Erfolg gehabt hätte, nur setzte ich hinzu: Trotzdem.... etc.- und
690 1699 1360 1808 es klänge grossartiger.-
701 1715 2482 1903 - Wenn Sie in Aussee sein werden, so hoffe ich die Freude zu haben
695 1855 2475 1966 Sie zu sehen, da ich im August meine Mama in Ischl besuchen werde.
695 1928 2432 2086 Vielleicht lassen Sie aber bis dahin noch ein freundliches Wort
697 2009 2414 2183 von sich hören. Haben Sie die Güte mich Ihrer w. Frau Gemahlin
692 2097 2459 2262 bestens zu empfehlen und seien Sie, mein lieber Freund, aufs herz-
692 2251 1179 2376 lichste gegrüsst.
1158 2285 1265 2396 Ihr
1267 2364 1767 2480 Arthur Schnitzler.
