3144 3608
2273 599 2752 754 before 14.1.1901.
1614 581 1720 745 45
763 685 2618 899 Lieber Doctor Herzl, seien Sie nicht ungehalten, dass ich Sie frage,
758 839 2487 959 aber ich wüsste nicht wen sonst, da ich nur mit Ihnen in dieser
777 920 2526 1053 Sache verhandelt habe: an wen hab ich mich mit meinen Honoraran-
768 993 2579 1136 sprüchen zu wenden? Man hat nämlich vollkommen vergessen, die Länge
758 1076 2499 1256 meiner Hovelle in Betracht zu ziehn, was ich bei Einsendung aus-
758 1182 1284 1307 drücklich betonte.
1132 1270 1768 1420 Verbindlichst grüssend
1275 1388 1680 1501 Ihr ergebener
1650 1475 2164 1604 Arthur Schnitzler.
