3177 3607
1560 512 1706 635 -48-
1340 649 1783 741 Raimund-Theater.
1318 712 2191 822 Direction: A. Müller-Guttenbrunn.
2236 736 2633 846 Wien, 9.4.1895.
925 795 1670 918 Herrn Dr. Arthur Schnitzler
1897 817 2337 945 I. Frankgasse 1.
1825 968 1928 1080 30
1951 986 2113 1093 tot aa
934 974 1542 1105 Verehrter Herr Doctor!
1488 1075 1616 1183 G.F.P.
1172 1167 2698 1271 Ich betrachte es ganz selbstverständlich, dass ich nicht
932 1253 2732 1354 das Recht habe, das Pseudonym Albert Schnabel zu lüften und es wird
927 1345 2698 1437 also niemals Jemand von mir den Namen des Autors des "Ghetto" er-
927 1453 1140 1536 fahren.
1172 1527 2654 1625 Ihre Anfrage bezüglich meines Briefes überrascht mich.
932 1614 2725 1717 Derselbe wurde in der Eile hingeworfen und ich kann mir nicht den-
925 1720 2636 1798 ken, dass dessen Veröffentlichung dem Stücke nützen oder dessen
934 1814 2676 1890 Schieksal auch nur beeinflussen kann. Jedenfalls hätte ich meine
925 1890 2725 1985 Ablehnung eingehender und literarischer begründet, wenn ich an eine
932 1978 2636 2077 Veröffentlichung des Briefes gedacht hätte. Nach meinem Gefühl
932 2063 2681 2157 könnte mein letzter Brief nur benützt werden, wenn auch der erste
927 2162 2698 2265 benützt würde, denn in meinem Ablehnungsschreiben ist mein eigenes
927 2249 1994 2359 Urtheil über das Stück nicht enthalten.
1203 2348 2690 2445 Ich überlasse die ganze Sache dem Taktgefühl des Herrn
927 2431 2723 2514 Verfassers. Er wird am besten wissen, was es thun darf. Was ich ge-
927 2532 2164 2627 schrieben vertrete ich unter allen Umständen.
1408 2597 2254 2721 Ihr hochachtungsvoll ergebener
1845 2676 2431 2784 A. Müller-Guttenbrunn.
