3174 3624
1127 353 1248 467 11
1200 483 1337 615 -22-
1328 597 1417 715 14
492 631 2280 783 deswegen.- So fährt Ihr Drama, nachdem es sicher und schön seinen
503 777 2063 893 Weg hingebraust ist, - auf einem falschen Geleise ein.
522 861 2325 982 - Eine Figur wäre event. noch in das Stück hineinzustellen, die als
503 970 2250 1073 Gegenspieler wirksam wäre: ein jüdischer Gouleurstudent, darnach
501 1048 2252 1171 30 Mensuren chassirt wird, weil er ein Jude ist.- Eventuell noch
503 1157 2250 1253 ein anderer Student, der dem kathol. Gesellenverein angehört und
494 1278 2248 1346 sich aus "Katholisismus" nicht schlägt - und dafür sehr verehrt
501 1360 2309 1437 wird! - Und noch eine Figur scheint mir indem reichen Bild zu feh-
485 1455 2316 1551 len, das Sie von einer gewissen jüd. Gesellschaft entwerfen; - d.i.
496 1544 2241 1612 eine sympathische Frau (oder Mädel). Gibt es nämlich auch. Oder
494 1592 2293 1722 es wäre wenigstens zu zeigen, wie ein ursprünglich gut veranlagtes
485 1694 2284 1817 Mädel durch Hellmannische Erziehung verkommt. Lies-e sich viel-
494 1811 2293 1904 leicht gar nicht so schwer an Hermine zeigen, die scharf aber doch
494 1879 2248 1991 ein bischen outrirt gezeichnet ist. Man begreift gar nicht, dass
501 1956 2296 2107 ein so hochstehender Mensch wie Jacob sie heiratet. Das wäre dann
494 2052 2266 2180 gleich motivirt, wenn die guten Züge noch an ihr zu entdecken wä-
494 2159 2289 2273 ren. - Ganz meisterhaft sind die alten Samuel. Nur wirkt die Frau
494 2237 2246 2357 ein bischen zu gewollt; im 1.Akt besonders. Wurzlechner versteh
496 2316 2284 2457 ich nicht ganz. Ich glaube, in Ihrem Streben nach Objectivität ha-
487 2432 2298 2549 ben Sie ihn geradezu sympathisch zu machen versucht. Aber, glauben
496 2526 2273 2642 Sie mir, er ist ein ganz ordinärer Kerl. Geben Sie ihm wenigstens
503 2610 2291 2713 stärkere Motive, wenn er von Jacob Abschied nimmt. Oder lassen Sie
487 2697 2252 2813 diese Infamie schon im ersten Akt vernuthen. Oder: Jacob selbst
492 2788 2296 2933 merkt, dass dem Wurzlechner sein Verkehr mit den Juden in der Gar-
483 2879 2296 2995 rière schadet und er legt es ihm nahe, von ihm zu scheiden. Oder -
481 2963 2252 3111 was mir am liebsten wäre: Jacob schmeisst den Kerl, wie er sich
