3085 3607
892 322 1044 439 .1.1
554 334 849 476 1/1 1/1/16
1536 524 1667 626 -55-
837 642 1136 759 (16.10.95)
1633 706 1736 828 36
835 796 2661 897 in der Handlung, aber ich und manche andere vernünftige Beurtheiler
835 888 2583 1014 fanden, dass die Scene als unwahr wirkt. Man begreift nicht, das
839 945 2682 1116 sich Tabarin nicht sofort auf seine Frau stürzt - man begreift aber
839 1063 2608 1168 noch weniger, dass die Frau nicht wenigstens die Zeit benützt, die
837 1145 2652 1283 T. monologisirt,um davonzulaufen.- Es ist schade, dass Sie die Auf-
837 1237 2643 1375 führung nicht gesehen haben, von der Sie viel Freude gehabt hätten.
837 1327 2548 1433 Es war wunderbar, was die Sandrock mit ihren wenigen Worten für
844 1438 2624 1536 eine lebendige Leistung bot. Dass Mitterwurzer vorzüglich war, ist
833 1523 2615 1621 nicht merkwürdig - es gäbe viele Schauspieler, die in dieser Rolle
835 1612 2645 1732 gut wären, die ja so unfehlbare Wirkungen in sich trägt. Ich möchte
839 1688 2125 1796 u.a. Sonnenthal oder Robert als Tabarin sehen.-
839 1789 2585 1902 - Ich komme natürlich heuer nicht mehr dran u. bin froh darüber.
837 1879 2560 1966 Wirkliche Gründe, mich in der jetzigen Saison nicht aufzuführen
833 1983 2578 2075 lagen allerdings keine vor - ausser dass mir die Aufführung für
833 2056 2677 2150 März versprochen worden war. Aber das scheint ja beim Theater schon
833 2144 1168 2256 zu genügen.-
1099 2238 2224 2348 Seien Sie vielmals herzlich gegrüsst von
1424 2325 1996 2443 Ihrem treu ergebenen
1725 2426 2012 2532 Arth. Sch.
