3141 3544
1485 701 1615 791 -31-
1830 891 2258 999 Wien, 26.12.94.-
747 923 1186 1083 Lieber Freund,
1574 973 1654 1074 18
756 1058 2525 1232 die Arbeit ist im Gang. Dialekt fand ich sehr gut getroffen; die
763 1181 2571 1325 Wirkung der Scene wohl sicher. Die angerathene Correctur ("schies-
761 1268 2571 1392 sen") wurde gemacht - doch hab ich das Particip (gesprengt) gelas-
763 1362 2498 1483 sen. - Von meinem Stück existiren 2 Abschriften, die beide auf
754 1451 2541 1581 Reisen sind, eine in Wien, die andre in Berlin. Wenn es sich fügte,
754 1563 2591 1675 dass eine bald wieder in meine Hände kommt, (was ich begreiflicher-
752 1636 2582 1773 weise nicht wüsche) so will ich sie Ihnen gerne schicken. Ich wün-
756 1725 2555 1858 sche aber eigentlich, dass ich Ihnen die Geschichte lieber bald ge-
752 1801 2561 1938 druckt senden kann. Am Deutschen Theater selbst ist das Stück noah
749 1929 2514 2043 nicht eingereicht, soll aber in Bälde dort abgegeben werden. Ihre
745 1999 2582 2141 Rücksicht, lieber Freund, ist liebenswürdig, aber absolut überflüssig.
743 2091 2504 2207 Ich bitte Sie vollkommen bei Ihren ursprünglichen Intentionen zu
749 2187 1684 2308 bleiben, die ich für richtig halte.
745 2258 2472 2418 Ich sehe der Fortsetzung recht bald entgegen - die Saison rückt
740 2367 1698 2484 unheimlich vor! Ich spür's auch! -
962 2450 2072 2557 Seien Sie vielmals herzlich gegrüsst von
1232 2548 1812 2660 Ihrem treu ergebenen
1766 2614 2271 2788 Arthur Schnitzler.
745 2840 1097 2973 *) Recht so?
