3174 3624
1145 325 1368 453 1/1 1 /1
1377 481 1507 597 -16-
1753 592 2220 725 IX. Frankgasse 1.
1753 701 2107 797 Wien, 5.7.94.
674 799 1150 906 Verehrter Freund,
1649 845 1742 943 12
671 915 2471 1068 Ihre freundlichen Worte haben meine Mutter und meinen Bruder sehr
674 1029 2532 1131 gefreut, und ich danke Ihnen in ihrem und meinem Namen aufs wärmste.-
671 1106 2522 1240 Dass ich Ihnen nichts von meinen Sachen schicke, nach denen Sie sich
676 1198 2464 1301 in so liebenswürdiger Weise erkundigen, liegt wirklich weniger an
674 1301 2497 1396 mir als an den Verlegern, die sich noch immer sehr lang bitten las-
676 1375 2425 1475 sen, bevor sie was von mir drucken. Nun, im Herbst erscheint eine
676 1459 2441 1582 Novelle von mir bei Fischer, und ich will mir alle Mühe geben, an-
683 1570 2545 1656 deres, das nun schon fertig im Pult liegt, rascher in die Oeffentlich-
676 1658 2525 1777 keit zu befördern, als es mir bisher zu gelingen pflegte. Im ganzen
683 1744 2501 1853 darf ich sagen, dass ich in den letzten Monaten nicht sehr nachläs-
708 1844 2418 1946 sig war, dass mir mancherlei einfällt und dass ich zuweilen die
692 1925 2427 2037 Empfindung habe, dass ich manches von diesem Mancherlei werde zu
718 2035 1445 2141 gutem Ende führen können.-
683 2088 2501 2230 Ich zweifle nicht, dass mein Freund Paul Ihnen meine Grüsse an Sie,
713 2213 2450 2318 die ich den Briefen an ihn häufig beifüge,regelmässig bestellt,
694 2283 2473 2392 und Ihnen auch manchmal sagt - was sich mündlich und durch einen
699 2374 2513 2478 Dritten besser sagen lässt als in einem Brief, wo es einen süsslich
692 2450 2499 2576 faden Beigeschmack von Höflichkeit oder gar Förmlichkeit bekommt -
694 2538 2508 2666 nämlich dass ich das wenige, was mir von Ihnen zugänglich ist, stets
694 2657 2494 2761 mit wahrhaften Genusselese. Besonders im Laufe des letzten Jahres
725 2724 2515 2885 haben Sie einige kleine Kunstwerke von Feuilletons geschaffen, die
699 2813 2455 2926 nicht mit den Zeitungen selbst verwehen dürften. Sie wissen das
718 2931 2483 3024 selbst und man darf es Ihnen wohl so unbefangen ins Gesicht sa-
697 3019 2501 3126 gen wie eine Grobheit.- Und die Bühne? Ist Ihre Lust zum dramati-
697 3096 2557 3228 sehen gänzlich durch den Ekel erstickt worden? Wie oft hab' ich in
