3085 3607
2627 348 2731 475 14/1
1424 533 1544 633 -54-
1690 665 1969 800 16.10.95.
1465 712 1556 821 36
737 774 1298 909 Mein lieber Freund,
742 890 2599 1009 unsere Briefe haben sich diesmal wohl gekreuzt, und Sie wissen sohon,
751 988 2555 1106 dass das Mscrpt, wieder in meinen Händen ist. Es kann jeden Moment
763 1071 2632 1201 abgehen. Sie sagen: "das von Blumenthal schon zurückgelangte Meerpt."
744 1173 2511 1273 Ich erinnere Sie, dass es jetzt nicht dort war, sondern dass ich,
733 1245 2520 1377 Ihrem Auftrag entsprechend als Schnabel Bl. fragte,ob er, nach Be-
730 1354 2525 1442 rücksichtigung der M.G.'s Ablehnungsgründe noch einmal etc.- (ich
728 1440 2490 1540 hielt mich ganz nach dem von Ihnen abgegebenen Wortlaut. Da kam
733 1528 2493 1635 dann zehn oder zwölf Tage keine Antwort. Nun ging es an Fischer
730 1614 2534 1741 der Begleitbrief entsprach natürlich auch vollkommen dem von Ihnen
721 1725 2446 1816 angegebenen Wortlaut - und der Mann liess einfach vierzehn Tage
728 1806 2453 1890 oder gar 3 Wochen nichts von sich hören. Hun sandte ers - nicht
721 1885 2458 1978 auf brüske Rückforderung, sondern auf höfliches Ersuchen sich zu
721 1978 2483 2092 entscheiden oder zurückzuschicken - ohne eine Silbe der Entschul-
714 2068 2493 2177 digung an Baumgarten retour, der es mir unter Kreuzband wie es ge-
710 2170 2449 2254 kommen war, zustellen liess. B. hat das Mscrpt. daher mit keinem
710 2242 2514 2363 Aug gesehn, da ich es persönlich an Fischer auf die Post gab.- Nun,
712 2347 2479 2432 wie gefällt Ihnen die selbstgewählte Rolle des "unbekannten Dich-
700 2435 2502 2562 ters“? - Glauben Sie mir, dass ich Ihren Widerwillen sozusagen be-
700 2511 1799 2629 geistert mitfühle. Und man ist wehrlos.-
691 2611 2437 2734 Tabarin hab ich neulich gesehn; es wirkt sehr gut und wird sich
698 2720 2481 2817 auf dem Repertoire halten. Wenn es Sie nicht langweilt, möchte ich
693 2789 2530 2915 eine Einwendung gegen eine Scene erheben. Es ist der kurze Monolog,
698 2898 2474 3012 den T. auf der Bühnen-bühne hält, gleich nachdem er seine Frau mit
689 3007 2474 3100 dem Soldaten entdeckt hat; - sie packt währenddem ihre Sachen zu-
682 3079 2514 3172 sammen. Ich verstehe die theatralischen Gründe für diesen Aufschub
