3174 3624
2344 337 2453 462 1
2048 326 2140 432 1:
1371 480 1500 584 -11-
2039 604 2328 717 1.7.1893.
742 765 1152 912 Lieber Freund,
756 880 2473 1023 ich theile Ihnen f체r alle Falle mit, dass ich heute auf 14 Tage
760 986 2577 1113 nach Ischl fahre, dort in der Pension Leop. Petter wohne. Ich hoffe
760 1059 2536 1204 Sie in Wien oder in der N채he jedenfalls noch anzutreffen. Haben
760 1152 2330 1303 Sie doch die G체te mir 2 Zeilen nach Ischl, zu schreiben.
1097 1262 1744 1385 Mit herzlichen Gr체ssen
1324 1380 1432 1468 Ihr
1430 1446 1941 1566 Arthur Schnitzler.
