<?xml version="1.0" encoding="UTF-8" standalone="yes"?>
<PcGts xmlns="http://schema.primaresearch.org/PAGE/gts/pagecontent/2013-07-15" xmlns:xsi="http://www.w3.org/2001/XMLSchema-instance" xsi:schemaLocation="http://schema.primaresearch.org/PAGE/gts/pagecontent/2013-07-15 http://schema.primaresearch.org/PAGE/gts/pagecontent/2013-07-15/pagecontent.xsd">
    <Metadata>
        <Creator>prov=READ-COOP:name=TrHtr:version=2.1.0:model_id=51170:date=25_07_2023_03:46</Creator>
        <Created>2023-05-01T21:54:57.091+02:00</Created>
        <LastChange>2023-07-25T03:46:11.627+02:00</LastChange>
        <TranskribusMetadata docId="1416431" pageId="54945950" pageNr="28" tsid="130582430" status="IN_PROGRESS" userId="64420" imgUrl="https://files.transkribus.eu/Get?id=FYMCQNVMBSRBUQMBSIOUZGSK&amp;fileType=view" xmlUrl="https://files.transkribus.eu/Get?id=SPHQXSACOWGVJPXJNMMJJPZK" imageId="44450035"/>
    </Metadata>
    <Page imageFilename="1416431_0028.jpg" imageWidth="3238" imageHeight="3624">
        <ReadingOrder>
            <OrderedGroup id="ro_1711831934411" caption="Regions reading order">
                <RegionRefIndexed index="0" regionRef="tr_1"/>
                <RegionRefIndexed index="1" regionRef="tr_2"/>
            </OrderedGroup>
        </ReadingOrder>
        <TextRegion id="tr_1" custom="readingOrder {index:0;}">
            <Coords points="1017,382 2865,382 2865,1744 1017,1744"/>
            <TextLine id="tr_1_tl_1" custom="readingOrder {index:0;}">
                <Coords points="1261,450 1284,448 1291,455 1302,446 1312,446 1321,436 1334,443 1346,443 1344,359 1323,361 1318,356 1314,359 1300,352 1291,352 1282,361 1273,356 1259,356"/>
                <Baseline points="1274,432 1319,432 1352,435"/>
                <TextEquiv>
                    <Unicode>D'</Unicode>
                </TextEquiv>
            </TextLine>
            <TextLine id="tr_1_tl_2" custom="readingOrder {index:1;}">
                <Coords points="2324,462 2335,462 2349,450 2356,455 2365,450 2411,473 2440,473 2434,368 2406,377 2397,375 2386,388 2374,388 2358,400 2338,391 2319,391"/>
                <Baseline points="2334,432 2379,441 2423,441 2444,441"/>
                <TextEquiv>
                    <Unicode>"</Unicode>
                </TextEquiv>
            </TextLine>
            <TextLine id="tr_1_tl_3" custom="readingOrder {index:2;}">
                <Coords points="2470,448 2491,452 2502,446 2518,457 2532,452 2545,464 2561,464 2566,352 2550,345 2545,350 2529,345 2520,354 2509,347 2502,350 2493,345 2475,345"/>
                <Baseline points="2486,438 2525,438 2570,435"/>
                <TextEquiv>
                    <Unicode>19</Unicode>
                </TextEquiv>
            </TextLine>
            <TextLine id="tr_1_tl_4" custom="readingOrder {index:3;}">
                <Coords points="1743,624 1769,624 1782,615 1796,615 1807,606 1828,610 1837,606 1844,612 1865,596 1878,594 1876,535 1842,532 1814,507 1801,514 1787,507 1775,516 1769,510 1741,512"/>
                <Baseline points="1755,594 1800,597 1844,597 1883,600"/>
                <TextEquiv>
                    <Unicode>-25-</Unicode>
                </TextEquiv>
            </TextLine>
            <TextLine id="tr_1_tl_5" custom="readingOrder {index:4;}">
                <Coords points="2059,756 2130,736 2228,759 2274,738 2356,756 2390,743 2495,754 2495,681 2411,660 2335,686 2283,674 2267,688 2216,656 2139,686 2127,676 2059,688"/>
                <Baseline points="2071,728 2116,728 2161,731 2206,731 2250,731 2295,731 2340,728 2385,728 2429,728 2474,728 2501,731"/>
                <TextEquiv>
                    <Unicode>Wien,30.Nov.94.</Unicode>
                </TextEquiv>
            </TextLine>
            <TextLine id="tr_1_tl_6" custom="readingOrder {index:5;}">
                <Coords points="1005,903 1069,889 1104,905 1131,884 1145,898 1264,880 1321,893 1360,877 1444,896 1444,804 1387,802 1339,820 1307,797 1213,809 1154,791 1095,797 1060,818 1005,804"/>
                <Baseline points="1017,874 1062,868 1107,868 1152,868 1197,868 1241,868 1286,868 1331,868 1376,871 1420,874 1450,874"/>
                <TextEquiv>
                    <Unicode>Lieber Freund,</Unicode>
                </TextEquiv>
            </TextLine>
            <TextLine id="tr_1_tl_7" custom="readingOrder {index:6;}">
                <Coords points="1026,1001 2753,1028 2859,1008 2861,957 1467,973 1293,893 1028,903"/>
                <Baseline points="1038,1000 1074,1000 1119,1003 1164,1003 1208,1003 1253,1000 1298,1000 1343,1000 1388,1003 1432,1003 1477,1003 1522,1003 1567,1003 1611,1003 1656,1003 1701,1000 1746,1003 1791,1003 1835,1003 1880,1000 1925,1000 1970,1003 2014,1000 2059,1000 2104,1000 2149,997 2194,997 2238,1000 2283,997 2328,997 2373,997 2417,997 2462,997 2507,994 2552,994 2597,994 2641,994 2686,994 2731,994 2776,991 2820,991 2865,991"/>
                <TextEquiv>
                    <Unicode>ich danke ihnen sehr, dass Sie die Hovelle so bald gelesen und freue</Unicode>
                </TextEquiv>
            </TextLine>
            <TextLine id="tr_1_tl_8" custom="readingOrder {index:7;}">
                <Coords points="1026,1117 2817,1104 2817,1044 2733,1021 1638,1065 1497,1012 1026,1019"/>
                <Baseline points="1038,1092 1074,1092 1119,1092 1164,1095 1208,1095 1253,1095 1298,1095 1343,1092 1388,1092 1432,1092 1477,1092 1522,1092 1567,1092 1611,1095 1656,1095 1701,1092 1746,1092 1791,1092 1835,1092 1880,1092 1925,1092 1970,1092 2014,1089 2059,1089 2104,1089 2149,1089 2194,1089 2238,1086 2283,1086 2328,1086 2373,1086 2417,1086 2462,1086 2507,1083 2552,1083 2597,1086 2641,1086 2686,1086 2731,1086 2776,1083 2820,1083"/>
                <TextEquiv>
                    <Unicode>mich, dass Sie so viel gutes darin gefunden. Ihre Einwendung gegen</Unicode>
                </TextEquiv>
            </TextLine>
            <TextLine id="tr_1_tl_9" custom="readingOrder {index:8;}">
                <Coords points="1037,1186 1942,1184 2025,1238 2760,1209 2760,1117 2710,1113 1037,1124"/>
                <Baseline points="1050,1182 1065,1185 1110,1185 1155,1185 1200,1185 1244,1185 1289,1185 1334,1185 1379,1185 1423,1185 1468,1185 1513,1185 1558,1185 1603,1185 1647,1182 1692,1182 1737,1182 1782,1182 1826,1179 1871,1179 1916,1182 1961,1179 2006,1182 2050,1179 2095,1179 2140,1179 2185,1179 2229,1176 2274,1176 2319,1176 2364,1176 2409,1176 2453,1176 2498,1176 2543,1176 2588,1176 2632,1173 2677,1173 2722,1176 2767,1179"/>
                <TextEquiv>
                    <Unicode>den Beginn halte ich für gerechtfertigt. Mir selbst misfiel er,</Unicode>
                </TextEquiv>
            </TextLine>
            <TextLine id="tr_1_tl_10" custom="readingOrder {index:9;}">
                <Coords points="1026,1293 2817,1282 2792,1209 1026,1204"/>
                <Baseline points="1038,1274 1077,1274 1122,1274 1167,1274 1211,1274 1256,1274 1301,1274 1346,1274 1391,1274 1435,1274 1480,1274 1525,1274 1570,1274 1614,1274 1659,1274 1704,1271 1749,1271 1794,1271 1838,1271 1883,1271 1928,1271 1973,1271 2017,1271 2062,1271 2107,1271 2152,1268 2197,1268 2241,1265 2286,1265 2331,1268 2376,1268 2420,1265 2465,1265 2510,1265 2555,1265 2600,1265 2644,1265 2689,1262 2734,1262 2779,1262 2823,1265"/>
                <TextEquiv>
                    <Unicode>nachdem ich ihn geschrieben hatte, so sehr, dass ich ein paar Wochen</Unicode>
                </TextEquiv>
            </TextLine>
            <TextLine id="tr_1_tl_11" custom="readingOrder {index:10;}">
                <Coords points="1028,1371 1679,1364 1871,1424 2824,1376 2774,1291 1028,1307"/>
                <Baseline points="1041,1367 1083,1367 1128,1364 1173,1364 1217,1364 1262,1367 1307,1367 1352,1367 1397,1367 1441,1370 1486,1367 1531,1364 1576,1364 1620,1364 1665,1364 1710,1364 1755,1364 1800,1364 1844,1361 1889,1364 1934,1361 1979,1361 2023,1361 2068,1361 2113,1361 2158,1361 2203,1358 2247,1358 2292,1358 2337,1358 2382,1355 2426,1355 2471,1355 2516,1355 2561,1355 2606,1355 2650,1355 2695,1355 2740,1355 2785,1352 2829,1352"/>
                <TextEquiv>
                    <Unicode>aussetzte, weil sich der rechte Muth nicht zum Weiterschreiben fin-</Unicode>
                </TextEquiv>
            </TextLine>
            <TextLine id="tr_1_tl_12" custom="readingOrder {index:11;}">
                <Coords points="1031,1476 2792,1472 2792,1412 2600,1387 1031,1401"/>
                <Baseline points="1044,1456 1050,1456 1095,1456 1140,1459 1185,1456 1229,1459 1274,1459 1319,1459 1364,1456 1409,1456 1453,1456 1498,1456 1543,1456 1588,1456 1632,1456 1677,1456 1722,1456 1767,1456 1812,1456 1856,1456 1901,1453 1946,1453 1991,1453 2035,1453 2080,1450 2125,1450 2170,1453 2214,1450 2259,1453 2304,1450 2349,1450 2394,1450 2438,1447 2483,1447 2528,1447 2573,1447 2617,1447 2662,1447 2707,1447 2752,1444 2797,1444"/>
                <TextEquiv>
                    <Unicode>den wollte. Erst allmählig kam ich hinein; es geht immer übrigens</Unicode>
                </TextEquiv>
            </TextLine>
            <TextLine id="tr_1_tl_13" custom="readingOrder {index:12;}">
                <Coords points="1026,1565 2749,1570 2749,1490 2612,1476 1026,1476"/>
                <Baseline points="1038,1549 1053,1549 1098,1549 1143,1549 1188,1549 1232,1549 1277,1549 1322,1549 1367,1549 1411,1549 1456,1549 1501,1549 1546,1549 1591,1546 1635,1546 1680,1546 1725,1546 1770,1546 1814,1546 1859,1543 1904,1546 1949,1543 1994,1543 2038,1543 2083,1543 2128,1543 2173,1543 2217,1543 2262,1540 2307,1540 2352,1540 2397,1540 2441,1537 2486,1537 2531,1537 2576,1537 2620,1537 2665,1537 2710,1537 2755,1534"/>
                <TextEquiv>
                    <Unicode>fast immer so. Vor der Veröffentlichung wollte ich den Anfang -</Unicode>
                </TextEquiv>
            </TextLine>
            <TextLine id="tr_1_tl_14" custom="readingOrder {index:13;}">
                <Coords points="1035,1652 2827,1661 2827,1579 2710,1570 1035,1572"/>
                <Baseline points="1047,1641 1086,1638 1131,1641 1176,1641 1220,1641 1265,1641 1310,1641 1355,1638 1400,1638 1444,1638 1489,1638 1534,1635 1579,1635 1623,1638 1668,1635 1713,1635 1758,1635 1803,1635 1847,1635 1892,1632 1937,1632 1982,1632 2026,1632 2071,1632 2116,1632 2161,1632 2206,1629 2250,1632 2295,1629 2340,1629 2385,1629 2429,1629 2474,1629 2519,1629 2564,1629 2609,1626 2653,1626 2698,1626 2743,1626 2788,1629 2832,1632"/>
                <TextEquiv>
                    <Unicode>bis zu Mariens Besuch bei Alfred exclusive - einfach wegstreichen;</Unicode>
                </TextEquiv>
            </TextLine>
            <TextLine id="tr_1_tl_15" custom="readingOrder {index:14;}">
                <Coords points="1028,1743 1764,1730 1910,1787 2765,1739 2765,1673 2678,1663 1028,1673"/>
                <Baseline points="1041,1731 1068,1734 1113,1734 1158,1734 1203,1734 1247,1734 1292,1734 1337,1734 1382,1731 1426,1731 1471,1731 1516,1731 1561,1731 1606,1728 1650,1731 1695,1728 1740,1728 1785,1728 1829,1728 1874,1728 1919,1725 1964,1728 2009,1725 2053,1725 2098,1725 2143,1725 2188,1725 2232,1725 2277,1725 2322,1722 2367,1722 2412,1722 2456,1722 2501,1722 2546,1722 2591,1722 2635,1719 2680,1719 2725,1719 2770,1719"/>
                <TextEquiv>
                    <Unicode>aber man rieth mir ab. Sie sind der erste, der seiner Antipathie</Unicode>
                </TextEquiv>
            </TextLine>
        </TextRegion>
        <TextRegion id="tr_2" custom="readingOrder {index:1;}">
            <Coords points="1038,1759 2853,1759 2853,3216 1038,3216"/>
            <TextLine id="tr_2_tl_1" custom="readingOrder {index:0;}">
                <Coords points="1035,1851 2815,1853 2847,1748 2274,1796 1037,1762"/>
                <Baseline points="1047,1832 1062,1829 1107,1826 1152,1826 1197,1826 1241,1826 1286,1826 1331,1823 1376,1823 1420,1823 1465,1823 1510,1823 1555,1823 1600,1823 1644,1823 1689,1820 1734,1820 1779,1817 1823,1817 1868,1817 1913,1817 1958,1817 2003,1817 2047,1814 2092,1817 2137,1814 2182,1814 2226,1814 2271,1814 2316,1814 2361,1814 2406,1814 2450,1812 2495,1812 2540,1812 2585,1812 2629,1809 2674,1809 2719,1809 2764,1809 2809,1809 2853,1812"/>
                <TextEquiv>
                    <Unicode>gegen den Anfang so gründlich Ausdruck gibt - nach mir. Soweit ich</Unicode>
                </TextEquiv>
            </TextLine>
            <TextLine id="tr_2_tl_2" custom="readingOrder {index:1;}">
                <Coords points="1026,1951 2557,1956 2817,1938 2817,1855 1026,1858"/>
                <Baseline points="1038,1922 1074,1922 1119,1922 1164,1919 1208,1919 1253,1919 1298,1919 1343,1919 1388,1916 1432,1916 1477,1916 1522,1916 1567,1916 1611,1916 1656,1916 1701,1916 1746,1913 1791,1913 1835,1913 1880,1913 1925,1913 1970,1913 2014,1910 2059,1910 2104,1910 2149,1910 2194,1907 2238,1907 2283,1907 2328,1907 2373,1907 2417,1904 2462,1904 2507,1907 2552,1904 2597,1904 2641,1904 2686,1904 2731,1904 2776,1904 2820,1901"/>
                <TextEquiv>
                    <Unicode>bisher urtheilen kann, hat er niemanden so empfindlich gestört wie</Unicode>
                </TextEquiv>
            </TextLine>
            <TextLine id="tr_2_tl_3" custom="readingOrder {index:2;}">
                <Coords points="1035,2041 2683,2036 2769,2020 2772,1945 1037,1947"/>
                <Baseline points="1047,2017 1074,2014 1119,2014 1164,2014 1208,2014 1253,2014 1298,2014 1343,2012 1388,2012 1432,2009 1477,2009 1522,2009 1567,2009 1611,2009 1656,2009 1701,2009 1746,2009 1791,2009 1835,2006 1880,2006 1925,2006 1970,2006 2014,2003 2059,2003 2104,2003 2149,2003 2194,2003 2238,2003 2283,2000 2328,2000 2373,1997 2417,2000 2462,1997 2507,1997 2552,2000 2597,1997 2641,1997 2686,1997 2731,1994 2776,1997"/>
                <TextEquiv>
                    <Unicode>uns zwei. Aber ich glaube nicht, dass der Grund im "grauen, allzu</Unicode>
                </TextEquiv>
            </TextLine>
            <TextLine id="tr_2_tl_4" custom="readingOrder {index:3;}">
                <Coords points="1028,2127 2797,2125 2799,2025 1684,2075 1540,2015 1028,2036"/>
                <Baseline points="1041,2113 1053,2110 1098,2107 1143,2107 1188,2107 1232,2107 1277,2104 1322,2104 1367,2104 1411,2104 1456,2101 1501,2101 1546,2101 1591,2101 1635,2098 1680,2098 1725,2098 1770,2098 1814,2095 1859,2095 1904,2098 1949,2095 1994,2095 2038,2095 2083,2092 2128,2092 2173,2092 2217,2092 2262,2092 2307,2092 2352,2089 2397,2089 2441,2089 2486,2089 2531,2086 2576,2086 2620,2086 2665,2089 2710,2086 2755,2083 2800,2080"/>
                <TextEquiv>
                    <Unicode>gramen" liegt. Ich habe nur hier das Grau nicht künstlerisch be-</Unicode>
                </TextEquiv>
            </TextLine>
            <TextLine id="tr_2_tl_5" custom="readingOrder {index:4;}">
                <Coords points="1028,2207 2004,2246 2801,2207 2836,2132 1675,2166 1545,2104 1031,2123"/>
                <Baseline points="1041,2197 1047,2197 1092,2197 1137,2197 1182,2197 1226,2197 1271,2197 1316,2194 1361,2194 1406,2194 1450,2191 1495,2191 1540,2191 1585,2191 1629,2191 1674,2191 1719,2191 1764,2188 1809,2188 1853,2191 1898,2188 1943,2185 1988,2185 2032,2185 2077,2185 2122,2185 2167,2182 2212,2182 2256,2182 2301,2179 2346,2179 2391,2179 2435,2179 2480,2179 2525,2179 2570,2179 2615,2176 2659,2179 2704,2179 2749,2176 2794,2176 2838,2170"/>
                <TextEquiv>
                    <Unicode>wältigt. Der Stoff wäre ja als ganzes noch anders zu fassen gewe-</Unicode>
                </TextEquiv>
            </TextLine>
            <TextLine id="tr_2_tl_6" custom="readingOrder {index:5;}">
                <Coords points="1035,2299 2744,2306 2785,2207 1035,2219"/>
                <Baseline points="1047,2289 1089,2286 1134,2289 1179,2289 1223,2286 1268,2286 1313,2286 1358,2283 1403,2283 1447,2283 1492,2283 1537,2280 1582,2280 1626,2280 1671,2280 1716,2277 1761,2277 1806,2277 1850,2277 1895,2277 1940,2277 1985,2274 2029,2277 2074,2274 2119,2274 2164,2271 2209,2271 2253,2271 2298,2271 2343,2271 2388,2271 2432,2271 2477,2271 2522,2271 2567,2268 2612,2268 2656,2268 2701,2265 2746,2265 2791,2265"/>
                <TextEquiv>
                    <Unicode>sen - wenn ich eben die ersten vier Akte zu dem fünften, der vor-</Unicode>
                </TextEquiv>
            </TextLine>
            <TextLine id="tr_2_tl_7" custom="readingOrder {index:6;}">
                <Coords points="1031,2392 2699,2395 2779,2383 2781,2306 1033,2303"/>
                <Baseline points="1044,2379 1083,2379 1128,2382 1173,2382 1217,2379 1262,2376 1307,2376 1352,2376 1397,2373 1441,2373 1486,2373 1531,2373 1576,2370 1620,2370 1665,2370 1710,2370 1755,2370 1800,2370 1844,2370 1889,2367 1934,2367 1979,2367 2023,2364 2068,2364 2113,2364 2158,2364 2203,2364 2247,2364 2292,2364 2337,2361 2382,2361 2426,2364 2471,2361 2516,2361 2561,2361 2606,2358 2650,2358 2695,2358 2740,2358 2785,2358"/>
                <TextEquiv>
                    <Unicode>liegt, geschrieben hätte. Da wäre das Liebesbachanal, das Sie wün-</Unicode>
                </TextEquiv>
            </TextLine>
            <TextLine id="tr_2_tl_8" custom="readingOrder {index:7;}">
                <Coords points="1035,2488 2769,2475 2769,2402 2614,2392 1743,2431 1035,2390"/>
                <Baseline points="1047,2471 1074,2468 1119,2468 1164,2468 1208,2468 1253,2465 1298,2465 1343,2465 1388,2462 1432,2462 1477,2462 1522,2462 1567,2459 1611,2459 1656,2459 1701,2459 1746,2459 1791,2459 1835,2456 1880,2456 1925,2456 1970,2456 2014,2456 2059,2453 2104,2453 2149,2453 2194,2453 2238,2453 2283,2450 2328,2450 2373,2450 2417,2450 2462,2450 2507,2450 2552,2450 2597,2447 2641,2447 2686,2447 2731,2447 2776,2450"/>
                <TextEquiv>
                    <Unicode>schen, im dritten gekommen. Es ist möglich, dass mir die Kraft zu</Unicode>
                </TextEquiv>
            </TextLine>
            <TextLine id="tr_2_tl_9" custom="readingOrder {index:8;}">
                <Coords points="1031,2589 2788,2564 2788,2498 2703,2475 1031,2495"/>
                <Baseline points="1044,2558 1047,2558 1092,2558 1137,2558 1182,2558 1226,2555 1271,2555 1316,2555 1361,2555 1406,2555 1450,2555 1495,2552 1540,2552 1585,2552 1629,2549 1674,2549 1719,2549 1764,2549 1809,2549 1853,2546 1898,2546 1943,2546 1988,2546 2032,2543 2077,2543 2122,2546 2167,2546 2212,2543 2256,2543 2301,2543 2346,2540 2391,2540 2435,2540 2480,2543 2525,2540 2570,2537 2615,2537 2659,2537 2704,2537 2749,2540 2794,2543"/>
                <TextEquiv>
                    <Unicode>der ganzen Tragödie gefehlt hätte; die Wahrheit ist jedenfalls,</Unicode>
                </TextEquiv>
            </TextLine>
            <TextLine id="tr_2_tl_10" custom="readingOrder {index:9;}">
                <Coords points="1028,2685 2038,2637 2833,2694 2849,2566 1028,2589"/>
                <Baseline points="1041,2650 1062,2650 1107,2650 1152,2650 1197,2647 1241,2647 1286,2647 1331,2644 1376,2644 1420,2644 1465,2644 1510,2644 1555,2641 1600,2641 1644,2641 1689,2638 1734,2638 1779,2638 1823,2638 1868,2635 1913,2638 1958,2635 2003,2635 2047,2635 2092,2632 2137,2635 2182,2632 2226,2632 2271,2632 2316,2632 2361,2635 2406,2635 2450,2635 2495,2632 2540,2632 2585,2632 2629,2629 2674,2629 2719,2629 2764,2629 2809,2626 2853,2629"/>
                <TextEquiv>
                    <Unicode>dass nur dieser fünfte Akt in meinen Absichten lag. Auch dass noch</Unicode>
                </TextEquiv>
            </TextLine>
            <TextLine id="tr_2_tl_11" custom="readingOrder {index:10;}">
                <Coords points="1035,2769 1940,2726 2127,2783 2662,2774 2804,2756 2806,2673 2228,2687 2027,2637 1037,2689"/>
                <Baseline points="1047,2740 1065,2740 1110,2743 1155,2740 1200,2740 1244,2737 1289,2737 1334,2737 1379,2737 1423,2737 1468,2737 1513,2737 1558,2734 1603,2734 1647,2731 1692,2731 1737,2731 1782,2731 1826,2728 1871,2728 1916,2728 1961,2725 2006,2728 2050,2728 2095,2725 2140,2725 2185,2725 2229,2722 2274,2725 2319,2722 2364,2725 2409,2725 2453,2722 2498,2722 2543,2719 2588,2719 2632,2719 2677,2719 2722,2719 2767,2719 2812,2716"/>
                <TextEquiv>
                    <Unicode>irgendwo im Buch Längen sind, hab' ich beim Durchlesen der Correc-</Unicode>
                </TextEquiv>
            </TextLine>
            <TextLine id="tr_2_tl_12" custom="readingOrder {index:11;}">
                <Coords points="1028,2854 2756,2820 2845,2863 2820,2758 1031,2769"/>
                <Baseline points="1041,2832 1062,2832 1107,2832 1152,2832 1197,2832 1241,2829 1286,2829 1331,2826 1376,2826 1420,2826 1465,2823 1510,2823 1555,2823 1600,2823 1644,2823 1689,2823 1734,2820 1779,2820 1823,2820 1868,2818 1913,2818 1958,2818 2003,2818 2047,2818 2092,2818 2137,2815 2182,2818 2226,2815 2271,2815 2316,2815 2361,2812 2406,2812 2450,2815 2495,2812 2540,2812 2585,2815 2629,2812 2674,2812 2719,2812 2764,2815 2809,2812 2853,2812"/>
                <TextEquiv>
                    <Unicode>turen gespürt. Was die Manier in der Naturschilderung anbelangt, so</Unicode>
                </TextEquiv>
            </TextLine>
            <TextLine id="tr_2_tl_13" custom="readingOrder {index:12;}">
                <Coords points="1035,2948 2769,2943 2769,2865 2660,2833 2015,2884 1796,2829 1035,2859"/>
                <Baseline points="1047,2928 1074,2925 1119,2925 1164,2922 1208,2922 1253,2922 1298,2922 1343,2919 1388,2919 1432,2916 1477,2916 1522,2919 1567,2916 1611,2916 1656,2916 1701,2913 1746,2913 1791,2913 1835,2910 1880,2910 1925,2910 1970,2910 2014,2910 2059,2910 2104,2910 2149,2910 2194,2907 2238,2907 2283,2907 2328,2907 2373,2907 2417,2907 2462,2907 2507,2907 2552,2904 2597,2904 2641,2904 2686,2904 2731,2907 2776,2907"/>
                <TextEquiv>
                    <Unicode>wären mir Details erwünscht; da ich mich hier unschuldig fühle.</Unicode>
                </TextEquiv>
            </TextLine>
            <TextLine id="tr_2_tl_14" custom="readingOrder {index:13;}">
                <Coords points="1026,3048 2749,3037 2749,2948 1855,2973 1780,2920 1298,2920 1026,2964"/>
                <Baseline points="1038,3023 1053,3020 1098,3018 1143,3018 1188,3018 1232,3015 1277,3015 1322,3015 1367,3012 1411,3012 1456,3012 1501,3009 1546,3009 1591,3009 1635,3009 1680,3009 1725,3006 1770,3006 1814,3006 1859,3003 1904,3003 1949,3003 1994,3003 2038,3003 2083,3003 2128,3003 2173,3003 2217,3000 2262,3000 2307,3003 2352,3003 2397,2997 2441,3000 2486,3000 2531,2997 2576,2997 2620,2997 2665,2997 2710,2997 2755,3000"/>
                <TextEquiv>
                    <Unicode>Ich müsste mich da an irgend ein Wollen erinnern, und ich weiss</Unicode>
                </TextEquiv>
            </TextLine>
            <TextLine id="tr_2_tl_15" custom="readingOrder {index:14;}">
                <Coords points="1035,3142 1730,3101 1897,3153 2509,3151 2792,3133 2792,3039 1035,3044"/>
                <Baseline points="1047,3110 1050,3110 1095,3110 1140,3110 1185,3110 1229,3107 1274,3107 1319,3104 1364,3104 1409,3104 1453,3101 1498,3101 1543,3098 1588,3098 1632,3098 1677,3098 1722,3098 1767,3098 1812,3098 1856,3101 1901,3098 1946,3095 1991,3098 2035,3095 2080,3095 2125,3095 2170,3095 2214,3095 2259,3092 2304,3092 2349,3092 2394,3092 2438,3092 2483,3092 2528,3089 2573,3089 2617,3089 2662,3089 2707,3089 2752,3092 2797,3089"/>
                <TextEquiv>
                    <Unicode>doch, dass ich alle diese Dinge ganz einfach hinge schrieben habe,</Unicode>
                </TextEquiv>
            </TextLine>
            <TextLine id="tr_2_tl_16" custom="readingOrder {index:15;}">
                <Coords points="1037,3220 2843,3236 2845,3142 1972,3156 1723,3101 1040,3151"/>
                <Baseline points="1053,3206 1059,3206 1104,3206 1149,3206 1194,3206 1238,3203 1283,3203 1328,3200 1373,3200 1417,3197 1462,3194 1507,3194 1552,3194 1597,3194 1641,3197 1686,3194 1731,3194 1776,3191 1820,3191 1865,3191 1910,3191 1955,3188 2000,3188 2044,3188 2089,3188 2134,3188 2179,3188 2223,3185 2268,3188 2313,3188 2358,3188 2403,3188 2447,3188 2492,3188 2537,3185 2582,3185 2626,3185 2671,3185 2716,3185 2761,3185 2806,3185 2850,3185"/>
                <TextEquiv>
                    <Unicode>Sagen Sie mir doch, wo Sie die Manier entdeckt haben - Ihr künstle-</Unicode>
                </TextEquiv>
            </TextLine>
        </TextRegion>
    </Page>
</PcGts>
