3174 3624
1886 334 2104 479 G.C.P.
1110 350 1278 459 1,14
1394 502 1528 592 -12-
1821 604 2172 711 Wien,4.8.93.
731 767 1298 892 Verehrtester Freund,
733 908 2397 990 haben Sie meinen Brief in die Schweiz bekommen?-Waren Sie in
733 972 2449 1105 Oesterreich? - Waren Sie in Wien? Hab ich Sie versäumt, während
731 1065 2524 1199 ich in Ischl war? - Ich denke, es ist irgend eine Nachricht verlo-
731 1153 2558 1283 ren gegangen. Nun lässt mir das genaue Studium der M.Fr.Pr. keinen
740 1276 2454 1376 Zweifel mehr übrig, dass Sie längst wieder in Frankreich sind.-
745 1344 2497 1462 - Ich gehe villeicht am 20. August wieder auf 8-10 Tage weg.- Für
740 1428 2420 1544 alle Fälle hoff ich bald wieder mit 2 Worten zu erfahren, dass
740 1537 1671 1655 Sie und all die Ihren wohl sind.-
747 1603 2499 1718 Von meiner Stimmung will ich lieber gar nicht reden;- der Stroh-
740 1696 2549 1843 halm, mit dem ich mich an die Lebensfreude klammere, ist augenblick-
742 1825 1276 1916 lich das Bicycle.-
760 1880 2511 2004 - Haben Sie sich auf Ihre Reise nicht mit dem Drana eingelassen?
779 1959 2506 2107 Sich nicht ausgeruht, indem Sie ein neues Lustspiel schrieben?-
742 2070 2322 2211 Refrain: Für alle Fälle hoffeich bald wieder... etc. etc.-
1296 2168 1798 2275 Herzlichen Gruss!
1296 2265 1687 2368 Ganz der Ihre
1650 2347 2163 2445 Arthur Schnitzler.
