3238 3624
1538 479 1680 612 -27-
853 628 1151 759 (30.11.94)
837 734 2666 855 habt hätte. Man hat da so eine gewisse dumme Scheu. Und da fügt es
834 871 2611 958 sich heute gut, dass ich Ihnen über verschiedenes andre schreiben
844 915 2650 1061 musste und nur so beiläufig hinzufügen kann, dass ich auf das Buch
841 1009 2680 1144 warte, in welchem ich diese kleinen Kunstwerke gesammelt finden wer-
853 1107 2588 1231 de. Wenn ich is nicht von Ihnen geschickt bekomme, so werd' ich's
841 1233 2632 1327 mir kaufen - was ich mit der Glosse noch immer nicht gethan habe.
851 1291 2584 1412 Und Sie können versichert sein - es ist nicht wegen der sechzig
844 1421 1165 1513 Kreuzer! -
1107 1479 1884 1612 Herzlich Ihr sehr ergebener
1843 1566 2364 1683 Arthur Schnitsler.
