3174 3624
1333 564 1468 684 -14-
1822 625 2067 812 28.9.93.
677 788 1244 942 Verehrtester Freund,
677 906 2443 1060 um 11 war ich gestern Abend im Meisel u. Schadn; man hatte mir,
682 1015 2419 1109 resp. meiner Mama nicht telephonirt, wer mich hinbestellt hatte;
682 1090 2535 1197 und so glaubte ich, da ich bekanntlich ein beschäftigter praktischer
684 1194 2469 1296 Arzt bin, dass es sich um einen Patenten handle. Es wurde nun in
684 1281 2495 1395 allen Stöcken durch Portier, Zimmerkellner und Stubenmädchen herum-
684 1381 2398 1496 gefragt, wer denn krank sei; - es meldete sich schliesslich die
684 1451 2478 1614 Nr. 19., die aber von mir nichts wissen wollte. Ich ging schwer ge-
684 1560 2454 1687 kränkt von dannen, dachte an das Bubenstück irgend eines Neiders.
694 1635 2509 1791 Dann ins Grimsteidl. Wie ich, so gegen eins, im Weggehn bin,erzählt
691 1730 2513 1883 mir der Heinrich, Sie wären da gewesen, und er hätte Ihre Post durch
699 1822 2511 1973 einen Burschen an den Burgring telefoniren lassen. Auf diesem Wege
703 1905 2358 2063 ist nun nichts geringeres als Ihr Name in Verlust gerathen.-
703 2008 2440 2107 Dieser einfachen Geschichte hab ich nur mehr hinzuzusetzen, dass
703 2091 2502 2251 ich untröstlich bin, aber dennoch hoffe, Sie vor Ihrer Abreise noch
706 2192 2516 2301 zu sehen? - So gegen eilf bin ich wohl alle Abende im Griensteidl,
703 2261 2530 2438 was ich Ihnen für den Fall eines Theaterbesuchs mittheile. Samstag
708 2400 1345 2497 geh ich zur Sündfluth.
708 2407 2528 2582 - Also auf Wiedersehen! Empfehlen Sie mich zutiefst Ihrer w. Frau
710 2549 2608 2664 Gemahlin und allen übrigen Mitgliedern Ihrer liebenswürdigen Familie.
1199 2655 1671 2747 Herzlichen Gruss
1277 2733 1654 2865 Ihr getreuer
1610 2815 2136 2943 Arthur Schnitzler.
