3177 3607
1479 523 1603 669 -52-
1779 660 2158 818 Wien, 21.6.95.
1544 736 1684 894 34
820 797 1231 915 Lieber Freund,
822 906 2566 1029 haben Sie sich mit Pr. vielleicht direct in Verbindung gesetzt?
820 1010 2648 1136 An Doctor B. oder an mich ist bisher keine Nachricht gelangt. Liegt
818 1106 2676 1215 etwas neues vor, so wissen Sie, dass es mich beträchtlich interessirt,
818 1178 2025 1280 und ich bitte Sie, mir was darüber zu sagen.-
815 1268 2538 1384 Haben Sie sich den Sommer schon eingerichtet? Ich werde Anfangs
818 1377 2597 1489 Juli abreisen und Sie jedenfalls verständigen, wo mich Nachrichten
808 1465 2678 1572 treffen; sollten Sie aber noch vorher Zeit haben, mir mit paar Worten
808 1537 2615 1656 mitzutheilen,wie es Ihnen geht und was Sie treiben, so wird es mich
799 1644 1261 1777 herzlich freuen,
1154 1691 1679 1825 Mit vielen Grussen
1291 1800 1832 1916 Ihr stets ergebener
1612 1897 2113 2021 Arthur Schnitzler.
