3140 3759
1350 666 1485 798 -29-
1710 794 1992 895 19.12.94.
1402 898 1502 983 17
616 912 1019 1004 Lieber Freund,
614 971 2428 1137 ich hätte Ihnen auch über die Maschinenfrage schon neulich berich-
614 1101 2523 1251 tet, wenn ich selbst sicher gewesen wäre. Von den mir zu Gebote stehen
647 1182 2464 1319 den Schreibern kann keiner mit der Maschine umgehen und zum lernen
621 1289 2464 1438 war keiner bereit zu finden. Es wäre mir nur ein Annoncieren in der
616 1381 2395 1528 Zeitung übrig geblieben. Ich denke aber, dass ein guter Schreiber
625 1462 2440 1627 dieselben Dienste thut. Jedenfalls nehme ich einen andern, als mei-
621 1552 2437 1696 nen gewöhnlichen - da es auf die Spur leiten könnte, wenn plötzlich
628 1637 2383 1805 am Dtsch. Th. zwei von der gleichen Hand geschriebene Mscr. ein-
616 1793 900 1888 langten.-
625 1817 2385 1947 Noch eine Frage: soll ich nicht, statt einen Buchbinder wenn auch
635 1949 2347 2044 nur auf wenige Stunden das Mscr. zu überlassen, lieber ein sehr
635 2004 2433 2127 schönes Lederheft, d.h. ein in gutes Leder gebundenes Heft anschaf-
640 2158 817 2250 fen? -
637 2210 2371 2310 Zum Capitel: sympath. Figuren.- Nicht aus theatral. Gründen hab
640 2274 2400 2404 ich sie gewünscht, sondern eben aus Gründen der Wahrheit. Es gibt
640 2395 2414 2499 sympathischere Figuren, selbst in den von dem Autor geschilderten
642 2452 2475 2577 Kreisen. Und, denken Sie doch: der starke und tönende Titel des Dra-
649 2563 2487 2686 mas, der erwarten lässt, es werde alles darin zu finden sein, das oben
649 2644 2490 2774 da hineingehört. Nun - alles, das ist selbstverständlich dramatisch
647 2760 2416 2866 unmöglich; aber die Beleuchtung müsste die völlig richtige sein.
649 2812 2473 2940 Und da hab ich nun einmal den Eindruck: zu trüb. Ich sagte ja auch
659 2923 2499 3041 schon, von ich mir noch in das St. hineingewünscht hätte; - und dass
661 3020 2513 3136 ich nie geschrieben, man solle mir "lauter wundervolle Menschen" zei-
659 3103 2499 3262 gen, erinnere ich mich ganz genau.- Vielleicht haben Sie den Studen-
661 3193 2478 3361 ten hineingebracht Sie erwähnen nichts drüber.- - Das Massengrab,
