3149 3607
2158 333 2296 436 1 il
1086 335 1316 469 1451 1 1
1349 480 1485 630 -58-
1669 621 2127 726 Wien, 17.11.1900.
2026 706 2111 800 1o.
1423 695 1541 806 39
697 748 1260 898 Lieber Doctor Herzl,
692 876 2484 994 hier ist die Geschichte "Lieutenant Gustl", Sie werden beim Lesen
697 952 2488 1081 bemerken, dass einiges gestrichen werden muss, anderes weggelassen
994 1023 1115 1079 haben
1477 1025 1555 1081 1 he
695 1045 2479 1170 werden kann. Ich bitte Sie also, wenn Sie grössere Striche für ge-
697 1137 2484 1229 rathen halten, mir das Ding wieder zurückzusenden. Handelt es sich
688 1226 2475 1351 nur um ein paar Worte, so kann ich das wohl in der Fahnencorrectur
692 1309 987 1403 besorgen.-
688 1363 2450 1517 Ich reise Montag,spätestens Dienstag auf etwa 10 Tage fort, u.zw.
688 1479 2450 1593 nach Breslau, wo ich die Erzählung vorlese; aber Briefe, grössere
695 1597 1821 1673 Sendungen nicht, werden mir nachgeschickt.
684 1678 2471 1756 Ich nehme ferner an, dass die N.Fr.Pr. bei der Zuerkennung des Ho-
684 1778 2397 1894 norars auch die Ausdehnung eines Beitrags in Betracht zieht, so
695 1858 1903 1959 dass hierüber nichts weiter zu bemerken ist.
724 1941 1416 2060 Ich grüsse Sie herzlich.
1188 2039 1421 2127 Ganz Ihr
1401 2097 1917 2225 Arthur Schnitzler.
