3149 3607
1382 612 1506 713 -56-
1516 745 1635 885 37
752 761 1295 902 Mein lieber Freund,
754 874 2558 1065 für eine künstlerische Freude, wie Sie sie mir und manchen anderen
761 980 2608 1148 Verstehern durch Ihre traurig-schöne Osterphantasie bereitet haben,
752 1070 2491 1233 sollte man irgendwie dankbar sein können. Man kann es nur,indem
745 1164 2564 1329 man sagt: Wie schön! Ich habe zwar die angenehme Ueberzeugung, dass
750 1254 2562 1424 Sie das selber fühlen, aber dieses Feuilleton ist noch viel schöner
743 1334 1198 1497 als Sie glauben/
1166 1474 1661 1596 Hersliche Grüsse!
1276 1569 1396 1677 Ihr
1355 1663 1863 1778 Arthur Schnitzler.
695 2029 812 2128 v.n.
