3181 3592
1591 539 1736 638 -45-
2012 665 2266 778 27.3.95.
889 776 1306 921 Lieber Freund,
1718 831 1835 953 28
893 921 2735 1032 ich sende Ihnen hier den Brief, welchen ich gestern Abends vorgefun-
884 1025 2738 1131 den habe. Es würde sich nun doch vielleicht empfehlen, wenn Sie Ihre
884 1117 2708 1243 Anwesenheit in Wien benützten, um der Angelegenheit einen Ruck nach
884 1213 2699 1322 vorwärts zu geben. Dass diese erste erfreuliche Kundgebung mit Ih-
877 1296 2666 1391 rem Eintreffen in Wien zusammenfällt, wollen wir als günstige Vor-
870 1384 2613 1492 bedeutung nehmen, und ich kann mich der Hoffnung nicht erwehren,
877 1487 2717 1575 dass eine persönliche Rücksprache von Ihnen mit M.G. der Sache eine
870 1556 1860 1679 rasche und glückliche Wendung gäbe.
868 1649 1992 1750 Seien Sie vielmals herzlich gegrüsst von
1338 1755 1946 1865 Ihrem treu ergebenen
1900 1851 2406 1955 Arthur Schnitzler.
