3149 3607
1376 473 1513 624 -57-
1582 610 2048 727 Wien, 15.11.1900.
1468 706 1573 834 38
684 750 1248 862 Lieber Doctor Herzl,
681 873 2405 958 ich habe eine Erzählung geschrieben, die ich Ihrem freundlichen
690 947 2433 1047 Wunsche entsprechend, gern für die Weihnachtsnummer hergäbe. Nur
677 1031 2510 1141 ist sie etwas lang gerathen, etwa 9 Längspalten (1½ Bogen). Anderer-
686 1111 2494 1228 seits lässt sie sich aber gar nicht theilen, und so wäre vielleicht
677 1225 2471 1315 gerade die Weihnachtsbeilage der N.Fr.Pr. die richtige Stelle für
686 1317 2455 1408 sie. Bitte sagen Sie mir, ob ich Ihnen die Geschichte senden darf.
914 1413 2485 1502 Noch eins bei dieser Gelegenheit. Durch Beer-Hofmann habe
677 1500 2485 1594 ich erfahren, dass Sie sich heuer in Aussee durch eine gewiss nicht
697 1580 2487 1664 sehr geistreiche, aber eben so gewiss nicht bös gemeinte Bemerkung
681 1669 2407 1758 von mir verstimmt oder gar verletzt gefühlt haben. Das thut mir
679 1765 2407 1870 sehr leid. Alle äusseren Entfremdungen und Misverständnisse, die
674 1850 2485 1948 im Lauf der Jahre zwischen uns vorgekommen sind und nach der Natur
679 1927 2476 2035 der Dinge und unseren Naturen wahrscheinlich vorkommen mussten, ha-
674 2035 2412 2108 ben meiner aufrichtigen und in vieler Beziehung sehr herzlichen
686 2122 2403 2222 Verehrung für Sie nichts angehabt. Ich konnte nicht denken, dass
670 2227 2375 2302 Sie einen Scherz übel nehmen wollen, dem auch die leiseste Spur
670 2309 2382 2391 einer kränkenden Absicht fehlte. Da Sie das wunderlicher Weise
665 2407 2439 2485 nicht selbst fühlen, muss ich es heute sagen; denn es wäre beinah
665 2476 2458 2577 leichtfertig, eine Unklarheit, die so leicht aus dem Wege zu räumen
665 2567 1479 2684 ist, zwischen uns zu belassen.
937 2659 1872 2771 Ich drücke Ihnen die Hand und bin
1182 2748 1815 2860 Ihr herzlich ergebener
1776 2828 2295 2968 Arthur Schnitzler.
