3174 3624
1099 325 1306 480 1 11
1480 360 1590 440 11
1484 454 1616 579 -9--
783 590 1045 736 (81.6.93)
2002 616 2249 732 21.6.93.
2082 725 2378 833 Ernst gar m
1675 718 1946 840 6
1517 720 1623 842 G.H.F.P
797 750 1426 861 Veruhrter Freund,
1659 812 2244 920 dar der Oberprins - He
1395 816 1524 927 angen
1035 837 1322 925 ben wurde.
807 896 2524 1012 hoffentlich ist alles bei Ihnen wohl und die Masern haben ihre
805 983 2597 1101 älteste verschont. Es wird also wohl nach Wien gefahren?- Wie ge-
807 1077 2588 1183 sagt, ich wiederhole meine Bitte, dass Sie mich irgendwann verstän-
809 1164 2552 1256 digen, wie lange Sie dableiben etc. etc.- Es ist nicht unmöglich,
802 1233 2531 1379 dass ich Anfang Juli auf 10-14 Tage mit meiner armen Mama nach
797 1332 2600 1463 Ischl gehe; im übrigen wäre ein bissel Gebirgsluft für mich nicht
807 1459 2647 1560 gerade überflüssig, da ich seit den qualvollen Aufregungen des Früh-
802 1520 2602 1649 jahrs an einem grösstentheils nervösen Husten leide, den ich nicht
797 1595 2560 1736 anbringe. Im übrigen habe ich mich jetzt auf den Sport geworfen
797 1717 2607 1828 und fahre seit ein paar Tagen auf dem Bicycle. Ich schreibe diese
800 1826 2552 1938 Zeilen mit steifem Arm und steifen Bein - ist auch das letztere
797 1908 1186 2023 zu bemerken?
1708 1915 1800 1997 9r:
840 2007 2609 2105 Ihre Prinzen aus Genieland hab ich hier im Carltheater gesehen
979 2054 1068 2103 V.
802 2068 2595 2200 wenn sie nicht ganz umgebracht worden sind, so sind nicht die Mör-
805 2157 2632 2289 der, sondern die Prinzen selbst dran schuld gewesen; denn es ist im
805 2256 2694 2357 ganzen miserabel gespielt worden. Mir war das Stück sehr sympathisch;
830 2362 2632 2454 es lag wie ein Duft von 1840 drüber; es gehört vielleicht zu den-
807 2447 2654 2534 jenigen Ihrer dramatischen Sachen, in denen am meisten Frühling ist.
797 2529 2590 2614 Allerdings sind beträchtliche Ungleichheiten drin, und was mir am
802 2600 2682 2710 ärgerlichsten daran war, - so weit mich heute meine Erinnerung nicht
802 2691 2654 2811 täuscht - war die zu pathetische und absichtliche Manier,in welcher
793 2814 2581 2901 plötzlich die Grundidee (im 3.Akt glaub ich) ausgesprochen wird,
802 2879 2588 2985 statt dass das ganze Stück im Fortschreiten selbst und in seinen
795 2952 2632 3101 Charakteren jene Grundidee ausspricht. - Sehr deutlich ist mir eine
795 3061 2600 3178 treffliche Charge Knaak's im Gedächtnis.- Dann die hübsche klein-
802 3164 2538 3296 bürgerliche Scene im 2. Akt, in der eine Violine vorkommt. Dann
