3121 3624
2600 339 2709 444 17
1736 353 1846 463 1e
1472 501 1560 580 5.
756 644 1052 735 (30.12.92)
727 727 2550 871 bedingt was schicken müssten; aber ein Ersuchen ist es, in meinen
742 851 2561 947 Worten an Sie mehr als Höflichkeit sehen zu wollen. Ich war ja so
739 947 2535 1045 frei, auch die Ihren als etwas besseres zu nehmen.- Und nun leben
744 995 2662 1142 Sie wohl und seien Sie meiner aufrichtigen und wärmsten Hochschätzung
763 1142 1114 1245 versichert.
1288 1226 1417 1319 Ihr
1550 1300 2065 1417 Arthur Schnitzler.
