3177 3607
1525 498 1638 603 -51-
1931 658 2184 801 13.5.95.
1631 706 1736 883 33
862 752 1420 883 Mein lieber Freund,
865 858 2636 970 Albert's Heft ist heute auf bekanntem Weg an mich zurückgelangt.
867 954 2656 1062 Auf telegraf, höfliches Ersuchen, sich zu entscheiden oder rückzu-
874 1032 2675 1161 senden, hat F. die Sache, ohne Begleitwort, einfach retournirt. - Ich
862 1126 2707 1248 hoffe, Sie wundern sich nicht mehr.- Widerwillen ist alles, was diese
858 1213 2200 1390 Leute werth sind.- Bitte schreiben Sie mir bald.
1294 1307 1762 1411 Herzlichen Gruss
1369 1434 1679 1555 Ihr treuer
1640 1484 1931 1656 Arth. Sch.
