3210 3493
1496 0 1584 58 Jahre
1816 176 2015 285 1 11
2198 172 2291 281 II
793 183 886 283 1911
1482 394 1605 531 44
981 540 1424 633 Raimund-Theater.
867 589 1762 700 Direction: A. Müller-Guttenbrunn.
1922 573 2516 721 Wien, am 26. III.1895.
1739 723 1843 879 27
781 758 1605 881 Verehrter Herr Dr. Schnitzler!
1155 893 2588 1004 Ich habe das Schauspiel "Ghetto" mit ausserordentli-
772 976 2558 1099 chem Interesse gelesen und halte das Stück, obwohl mich die Lösung
772 1083 2574 1185 nicht befriedigte und ich dem Helden mehr Spielraum gegönnt hätte,
768 1150 2551 1282 für eine der interessantesten Arbeiten, die mir seit Langem unter-
770 1257 2527 1370 gekommen. Das Stück hat frappante Züge von Lebenswahrheit, es ist
770 1356 2474 1470 reich an feinem Detail und es wird getragen von einer Idee, der
761 1447 2620 1549 man weder die Actualität, noch die tiefere Bedeutung absprechen kann.
1115 1547 2588 1637 Und trotz alledem - würden Sie esaufführen? Und glau-
758 1623 2567 1727 ben Sie, dass sich irgendwo in deutschen Landen ein grosses Theater
751 1711 2544 1823 findet, welches "Ghetto" aufführt? Ich glaube es nicht! Sie können
758 1834 2532 1925 das Stück also ruhig noch einige Tage hier liegen lassen, ich will
761 1922 2534 2003 es noch von andern, ganz unbetheiligten Personen, deren Urtheil mir
749 1992 2544 2092 werthvoll ist, lesen lassen. Wenn das Stück in Wien jemals aufge-
744 2066 2527 2189 führt wird, so kann dies nur im R.-Th. geschehen. Dank werden wir
744 2173 2530 2272 keinen dafür ernten,weder von den Juden, noch von den Antisemiten!
1122 2258 2337 2374 Den Herrn Schnabel würde ich gerne sprechen!
1115 2349 1547 2458 Ihr ergebenster
1523 2432 2119 2555 A. Müller-Guttenbrunn.
