3141 3544
1469 700 1602 815 -36-
2015 810 2270 926 30.1.95.
714 904 1123 1000 Lieber Freund,
1513 945 1621 1041 22
721 1022 2571 1147 gestern eben schrieb ich Ihnen, und heute früh übersandte mir Schick
721 1135 2552 1236 beifolgenden Zettel. Erste Enttäuschung; wollen wir hoffen, dass es
721 1231 2646 1318 in Hinsicht auf das Stück Ihre letzte sei. Ich brauche Ihnen ja nichts
714 1316 2624 1414 weiter zu sagen - wir stehen ja beide mitten drin und wissen, dass ein
712 1409 2516 1515 tiefer Zusammenhang zwischen Glück und Verdienst nirgends weniger
714 1510 1710 1609 existirt als in den Préambularien
1777 1503 2585 1604 einer Aufführung. Ich wünsche
717 1595 2578 1679 also nur, dass diesmal ein glücklicher Zufall eintritt und Ihr Erfolg
717 1679 2578 1765 bei dem nächsten Theater in geradem Verhältnis zu dem Werth des Dra-
712 1777 2537 1857 mas stünde.- Blumenthal hat vielleicht doch eine feinere Witterung
712 1871 2609 1970 für das, was von der Zeit und auf dem Theater verlangt wird, und es ist
709 1965 2638 2071 wirklich kaum zu denken, dass ein echter Theatermensch nicht wenigstens
707 2047 2607 2150 das Bühnenwirksame aus Ihrem Stück herausfinden sollte.- Aber was er-
705 2148 1255 2229 zähl' ich Ihnen da!
697 2215 2590 2323 Leben Sie wohl, mein lieber Freund und seien Sie vielmals herzlich ge-
697 2340 909 2443 grüsst.
1049 2388 1575 2494 Ihr treu ergebener
1544 2470 2061 2617 Arthur Schnitzler.
