3140 3759
652 512 790 620 : : :
1831 524 1948 623 1 1
1383 715 1519 825 -30-
671 829 976 965 (19.12.94)
1870 818 2192 995 26.12.94.-
666 960 2479 1073 in welches die Glosse versenkt wurde, ist hoffentlich nicht endgil-
666 1068 2479 1206 tig zugeschüttet. Eine Aufführung müsste meiner Ansicht nach nicht
662 1183 2408 1293 nur "zu richten", sondern mit Gründen der Aesthetik und Vernunft
666 1250 2451 1383 durchzusetzen sein. Haben Sie es bei Brahm Berlin, bei Loewe Bres-
664 1337 1144 1470 lau eingereicht?-
1277 1381 1390 1466 stück
1613 1378 1751 1470 d5 2
1836 1362 2102 1466 Schriften, d
664 1413 2511 1567 Den Tabarin werden wir ja jetzt bald zu sehn bekommen; ich bin sehr
662 1542 2440 1638 begierig. Ich hab eine so schöne Erinnerung an das Stück. Kommen
664 1627 2458 1744 Sie vielleicht nach Wien? Wegen eines Aktes - das ist Ihnen wohl
655 1723 2210 1822 zu wenig! Ich möchte mit einem Akt im Burgtheater stehn!
937 1817 1939 1925 Seien Sie vielmals herzlich gegrüsst
1174 1907 1693 2022 Ihr treu ergebener
1891 1953 1971 2013 208
1656 1992 2171 2111 Arthur Schnitzler.
958 2107 1068 2196 le
933 2190 1117 2291 ie ich
788 2279 1020 2399 habe der
