3174 3624
1446 322 1706 499 jours, jusqu'a l'a fait
1768 336 1860 441 11
1188 448 1308 529 -20-
561 577 871 680 (10.11.94)
561 609 2361 798 Senden Sie mir Ihr Stück nur sobald wie möglich. Bass Sie mir die
561 798 2361 887 Glosse nicht geschickt haben, ist nicht schön. Aber Sie haben ver-
559 855 2359 1011 gessen. Neine Hovelle erscheint in etwa 14 Tagen. Ich werde nicht
570 998 903 1097 vergessen.-
563 1071 2416 1182 Ein Stück hab ich auch geschrieben. Vom 13.September bis 4.Oktober.
570 1168 2379 1287 Und es hat nur 3 Akte. Hoffentlich kann ich Ihnen bald günstiges
595 1248 2395 1370 davon sagen. Seien Sie vielmals herzlichst gegrüsst und empfehlen
572 1370 1423 1462 Sie mich gütigst Ihrer Gattin.
1067 1439 1588 1554 Ihr treu ergebener
1195 1529 1701 1639 Arthur Schnitzler.
