3177 3607
2012 656 2289 814 1. Mai 95.
1626 720 1731 844 32
878 764 1292 898 Lieber Freund,
871 901 2627 1006 ich sende Ihnen den Brief des M.G. ein und wäre der Ansicht, dass
871 983 2629 1084 Sie ihm auf denselben vielleicht persönlich antworteten. Glauben
871 1068 2597 1189 Sie nicht?- Dass 18umenthal einfach auf die neuerliche Anfrage,
880 1145 2668 1292 ob man ihm das Stück noch einmal zusenden solle, nicht geantwortet,
871 1248 2570 1369 wissen Sie schon - jetzt lässt dieser uneidliche Herr Fischer
871 1369 2577 1449 wieder auf Antwort warten. Vertreter in der Ghetto-affaire ist
871 1447 2698 1550 jetzt nicht mehr Herr Schick, der im Sommer oft abwesend ist sondern
864 1550 2675 1651 der Hof- u. Gerichtsadvokat Dr. Julius Baumgarten, der natürlich auch
864 1635 2636 1740 von Ihrer Autorschaft keine Ahnung und das Mscrpt., da ich es per-
860 1726 2666 1806 sönlich beförderte, gar nicht gesehen hat.- Mir thuts leid, dass ich
850 1813 2629 1904 morgen der Tabarin Première nicht beiwohnen kann, sie fällt gerade
853 1879 2689 2014 auf den 2.Mai, den Todestag meines Vaters. Was aber Ihre Misstimmung
855 2003 2627 2090 über diese verspätete Bremiere anbelangt, so wünsche ich herzlich,
850 2076 2657 2199 dass Sie nie ernstere Gründe haben sollen, misgestimmt zu sein. Ich
850 2177 2657 2289 bin überzeugt, dass der Ausfall Sie wieder in bessere Laune bringen
848 2268 2615 2359 wird.- Ich komme wohl erst in der nächsten Saison dran. Zu neuen
841 2339 2673 2449 Arbeiten bin ich durch einige wenige äussere und zahlreiche innere
841 2433 1632 2540 Umstände gar nicht gekommen.
1113 2519 2119 2641 Seien Sie vielmals herzlich gegrüsst
1353 2606 1735 2734 Ihr ergebener
1779 2663 2060 2776 Arth.Sch.
834 2769 2595 2904 Duncker u. Humblot ist ausgezeichnet. Wann soll das Buch heraus?
