3174 3624
1453 493 1565 579 -8—
776 586 1074 751 (13.6.93).
776 741 2605 849 werde ich nachdrücklich verachtet; man beantwortet weder meine höf-
769 849 2598 931 lichen noch meine - andern Briefe. "Man spuckt aus und geht weiter'
778 915 2607 1052 schrieben Sie mir einmal. Sie haben ja so Recht! - Aber merkwürdi-
776 1024 2587 1113 gerweise hilft auch das Spucken und Weitergehen nichts. Die Direk-
776 1093 2521 1209 toren und ähnliches denkt sich eben: - "Man wischt sich ab und
782 1177 2585 1350 schurkt weiter." - Und sie sind die klügern - sie kostet's nur das
782 1287 1693 1389 Schnupftuch, aber uns die Lungen.-
778 1380 2532 1483 Na genug für heute, mein lieber Herr Doktor; ich hoffe recht bald
771 1478 2555 1606 von Ihnen zu hören. Und haben Sie noch keine genauen Sommerpläne,
776 1576 2452 1695 so berichten Sie mir wenigstens in 2 Zeilen, wie's Ihnen geht.
1373 1645 2003 1745 Ihr herzlich ergebener
1800 1725 2322 1880 Arthur Schnitzler.
