3177 3607
1480 508 1624 624 -53-
1721 669 2092 789 Wien, 30.6.95.
1558 721 1666 839 35
815 761 1229 896 Lieber Freund,
811 893 2610 1005 die wunderschöne Stimmung, von der Ihr Gedankenleben jetzt erfüllt
820 964 2534 1087 und welche in Ihren Brief an mich überströmt ist, freut mich um
813 1064 2543 1180 Ihres und um Ihres Werkes willen. Was ist es? Wieder ein Stück?
806 1144 2534 1267 Wollen Sie mir auch das erste sagen, wenn wir uns, wie ich ja mit
804 1255 2647 1369 Sicherheit erwarten darf, ihm Sommer treffen? Ich will Ihnen gleich
797 1347 2702 1432 mittheilen, dass ich etwa Mitte Juli nach Ischl komme, nachher will ich
823 1418 2536 1536 mir die böhmischen Bäder ansehen, die ich noch nicht kenne. Sie
789 1506 2612 1629 erfahren noch ausführlicheres über meine Adresse; nach Wien können
787 1614 2517 1733 Sie mir immer schreiben, da mir die Briefe nachgeschickt werden.
780 1704 2614 1806 Ich selbst hoffe über den Sommer mit einem Stück zu Ende zu kommen,
787 1792 2567 1886 von dem ein halber Akt fertig ist, dessen Plan aber bis ins Detail
780 1867 2236 1974 daliegt. Auch kleineres hoffe ich zuwege zu bringen.-
709 1978 2517 2092 Wie kommt es, dass die Prager Entscheidung so lang warten lässt?
773 2052 1343 2156 Haben Sie Hoffnung? -
766 2144 2520 2250 Bleiben Sie, mein lieber Freund,in Ihrer schaffensfreudigen Laune
759 2229 2491 2354 und lassen Sie mich bald wieder so gutes wie diesmal von Ihnen
766 2338 2496 2442 vernehmen. Wie sohön ist es doch um unsere Kunst, solang wir mit
759 2423 2506 2550 ihr allein bleiben und nicht das stechende Verlangen spüren, die
752 2506 2584 2610 ganze Welt zu Zeugen unserer Umarmungen zu machen.- Zuerst Flammen,
752 2610 2584 2721 Einsamkeit und Begeisterung - dann - Agenten, Verleger, Wanzen, Publi-
754 2697 919 2792 cum.—
745 2766 2319 2910 Leben Sie wohl und seien Sie vielmals herzlichst gegrüsst
1232 2870 1752 3004 Ihr treu ergebener
1714 2971 2229 3101 Arthur Schnitzler.
