3210 3493
1592 408 1727 503 -41-
1790 483 1892 564 24
897 525 2690 631 zu machen, dass es an der Burg aufgeführt wird: es ist wohl nicht
897 625 2711 726 unwahrscheinlich, dass dieser Umstand die Annahme beschleunigt hat.
895 722 2636 823 Und doch halte ich mich nicht für einen Streber - und doch habe
895 801 2652 925 ich Empfindung, dass in letzter Linie ein event. Erfolg doch nur
895 884 2609 1015 dem Umstand zu danken sein wird, dass ich ein nicht mialungenes
891 1003 2602 1100 Stück geschrieben habe. Seien Sie nicht weniger eitel als ich
895 1085 2422 1186 oder, sollt ich nicht sagen - seien Sie nicht eitler -? -
918 1188 2654 1283 - Ich schreibe Ihnen gleich wieder, wie ich von Schick den Brief
882 1279 2677 1369 habe. Seien Sie vielmals herzlich gegrüsst und überzeugt, dass Sie
888 1367 2625 1475 von der "guten Freundschaft" nach der Sie sich sehnen - bei mir
886 1436 1944 1558 finden sollen, was ich zu geben vermag.
1376 1551 1770 1660 Ihr ergebener
1727 1630 2005 1754 Arth.Sch.
