3174 3624
1171 346 1584 493 Votreur, jusqu'à ceux, mais elle l'a
1105 529 1283 628 -23-
1425 647 1544 773 14
472 647 816 783 (17.11.94)
467 775 2238 901 windet und dreht, einfach hinaus. Ale Secundant empfehle ich dann
467 875 2186 975 für das Zuell mit Schramm den neu zu schaffenden Studenten mit
470 970 2208 1069 den 30 Mensuren. (Er könnte der Neffe dieses köstlichen Wasser-
472 1086 861 1183 mann sein.) -
491 1148 2300 1264 - Als zufällige Beispiele für die früher erwähnten kleinen Absicht
474 1271 1269 1344 lichkeiten der Ausführung -
474 1337 2208 1444 Seite 1. Köchin: Halt Juden. Die Juden haben alles Geld. "Sind
477 1425 1662 1546 halt Juden" - sagt dasselbe; wirkt stärker.
486 1527 1672 1612 (Das Entrée Bichlers behagt mir nicht sehr)
479 1612 2324 1726 Seite 60. Jacob: Jetzt kannst du das auch auffassen, dass die Juden
474 1688 2305 1838 Hunde sind.- Hier ist die Absicht deutlich - bis zur Verstimmung!
500 1783 2286 1906 "Auch der Jude mit dem wunden Ehrgefühl" will mir nicht gefallen -
481 1850 2298 2001 geben Sie Ihrem Jacob etwas mehr innere Freiheit. Der Grundgedanke
481 1971 2298 2089 leidet nicht darunter, und die Person wird uns sympathischer. Glau-
481 2037 2352 2184 ben Sie nicht? Und hier seh ich es wieder: die Figur des Kraftjuden
488 2155 2319 2305 fehltmir gerade zu in Ihrem Stück. Es ist ja nicht wahr, dass in dem
493 2227 2265 2397 Ghetto, das Sie meinen, alle Juden gedrückt oder innerlich schäbig
488 2329 2305 2454 herumlaufen. Es gibt andere - und gerade die werden von den anti-
493 2414 2276 2570 semiten am tiefsten gehasst. Etwas in der Art müsste auch in dem
493 2506 2400 2656 Stück gesagt werden. Ihr Stück ist kühn, - ich möchte es auch trotzig
515 2573 2367 2746 haben. Und vor allem lassen Sie Ihren Helden nicht so ergeben ster-
498 2682 2276 2831 ben. Ich hab es schon anfangs gesagt - jetzt fällt es mir wieder
496 2779 1722 2936 ein - Sie sehn, wie ernst es mir damit ist! -
500 2855 2300 3021 Bühnenwirksamkeit - soweit das vorher zu sagen xxx ist - muss Ihr
498 2952 2326 3111 Stück haben - ob ein Theater den Muth haben wird, es aufzuführen—?-
500 3057 2336 3232 Doch davon kann später gesprochen werden. Ich freue mich das Stück
