3238 3624
1538 508 1676 606 -26-
897 611 1201 773 (30.11.94)
892 754 2676 880 risch-kitisches Auge ist hier massgebender als mein Gedächtnis.
894 845 2725 986 Umsomehr als die Erinnerung an Stunden des Schaffens täuschend ist
897 967 1440 1086 wie die an Träume.-
894 1049 2739 1173 Nun das Stück. Auf meine Bemerkung betreffe neuer und insbesondere
899 1114 2706 1278 jüdisch-sympathische Figuren gingen Sie nicht ein. Und jemehr ich
904 1227 2678 1363 überlege, umso wesentlicher scheint mir das. Ich glaube auch, dass
913 1309 2739 1438 die Frau den Helden um nichts weniger ins Ghetto zurückdrängt, wenn
908 1414 2791 1538 sie auch ihr etwas vom Opfer geben.- An der Einführung B.'s hat mich
915 1475 2763 1630 das Gespräch mit den Dienstboten gestört, das mir zu absichtlich und
918 1594 2695 1728 selbst theoretisch unangenehm scheint. Ich bin sehr begierig zu
918 1676 2763 1805 wissen, wie Sie sich gegenüber meinen Ideen über den Schluss verhal-
920 1777 2770 1910 ten. - Dass mir persönlich der Begleitbrief zusagt, brauche ich nicht
922 1850 2749 2002 zu versichern. Wie sich - "jene" - dazu verhalten werden, weiss ich
927 1939 2730 2091 nicht. Ich denke, sie werden das Stück sehr rasch lesen - aber mit
929 2013 2749 2184 der stillen Hoffnung,ein schlechtes zu finden. Sie wollen aber vor
934 2126 2753 2266 allem erreichen, dass sie aufmerksam werden - das dürfte gelingen.-
934 2236 2676 2372 Mit Sch. sprach ich; er ist geneigt. Die Privatadresse ist III.
936 2292 2781 2449 Reisnerstrasse 25. Er ist in der Kanzlei seines Vaters beschäftigt-
953 2404 2746 2571 (deren Adresse neulich erst gewechselt hat und mir augenblicklich
951 2475 2817 2646 entfallen ist) - vielleicht ist aber die Privatadresse vorzuziehen? -
953 2578 2828 2744 Sch. gegenüber sprach ich zur grösseren Vorsicht von einem in Berlin
958 2662 2758 2840 ansässigen Autor. Ich hoffe Ihnen nun das abgeschriebene Manuser.
958 2793 1971 2952 bald senden zu können; nicht wahr? -
962 2854 2842 3004 Ich kann diesen Brief nicht schliessen, ohne Ihnen für Ihr köstliches
962 2931 2779 3123 Feuilleton die Hand zu drücken. Sie haben übrigens in den letzten
962 3037 2791 3245 Jahren kaum eines veröffentlicht, wo ich dieses Bedürfnis nicht ge-
