3141 3544
1277 533 1366 647 :
1448 675 1575 771 -33-
675 836 920 942 (7.1.95)
675 965 2532 1084 wurde mir eindringlicher und es sind eine ganze Reihe von Scenen da-
670 1076 2465 1198 rin, die nicht nur in menschlicher Hinsicht ergreifen, die auch auf
667 1143 2537 1292 der Bühne packen müssen. Einige Figuren habe ich jetzt erst so recht
670 1240 2515 1342 lieb gewonnen. Wie prächtig diese alten Samuels! Schwer zu besetzen
667 1344 2562 1431 wird es sein - Menschen! Henschen! - Noch immer scheint mir Jacob der
662 1411 2525 1557 blässeste zu sein. Durch seine Haut schimmert zu stark, was ja schon
645 1518 2639 1612 kräftig genug in den Vorgängen des Dramas sich ausdrückt, - die Idee des
694 1600 2242 1719 Stücks. Der Grundfehler aller modernen Helden beinahe? -
660 1699 2557 1810 Es ist wahrhaftig ein Stück, an dem man sich freuen kann, ein Rtück des
662 1818 2582 1900 Lebens, das rings um uns ist,das Stück eines ganz lebendigen, mit Geber-
662 1895 2582 2001 den, die heftig und doch zielbewusst, absichtsvoll und doh mannigfaltig
657 2009 823 2076 sind.
660 2078 2569 2182 Was Sie überhaupt für ein Meister der Plastik sind. Ihr letztes Feuil-
652 2155 2512 2259 leton war unvergleichlich. Wie man diese Leute sieht, hört - es gibt
657 2254 2557 2393 keinen, der diese Scharfe in den Linien träfe, der so Figuren umreissen
660 2361 908 2460 könnte.-
657 2445 2480 2549 Leben Sie wohl, mein lieber Freund! Die treuesten Wünsche begleiten
655 2542 1285 2664 Ihr Stück nach Berlin.
1257 2624 1354 2750 Ihr
1366 2661 1865 2840 Arthur Schnitzler.
2158 3296 2242 3445 de bon
