3121 3624
1447 521 1560 625 -6-
1896 568 2280 717 Wien, 11.5.93.
798 753 1366 869 Verehrtester Freund,
800 824 2585 947 innigen Dank für Ihre freundliche Theilnahme; meine Angehörigen
800 923 2512 1020 danken Ihnen gleichfalle aufs wärmste! Man muss ja auch allen
800 997 2652 1125 mit den gleichen Worten danken, aber geradeso wie bei den Ausdrücken
805 1091 2592 1226 Ihres Mitgefühls manche Saitenin mir mitvibrierten, darf ich wohl
810 1193 2649 1364 auch hoffen, dass sie aus den Worten meines Dankes mehr herauslesen,
810 1300 1821 1420 als das kühle p.r.,das für alle ist!
807 1359 2711 1494 Haben Sie Ihr Versprechen schon ganz vergessen? Ihr heutiges Feuille-
850 1454 2618 1596 ton hat mir wieder gezeigt, einen wie schönen Dienst Sie mir eben
807 1586 1856 1693 jetzt mit den alten Stücken erwiesen!
1331 1660 1837 1769 Herzlich der Ihre
1802 1733 2323 1866 Arthur Schnitzler.
