<?xml version="1.0" encoding="UTF-8" standalone="yes"?>
<PcGts xmlns="http://schema.primaresearch.org/PAGE/gts/pagecontent/2013-07-15" xmlns:xsi="http://www.w3.org/2001/XMLSchema-instance" xsi:schemaLocation="http://schema.primaresearch.org/PAGE/gts/pagecontent/2013-07-15 http://schema.primaresearch.org/PAGE/gts/pagecontent/2013-07-15/pagecontent.xsd">
    <Metadata>
        <Creator>prov=READ-COOP:name=TrHtr:version=2.1.0:model_id=51170:date=25_07_2023_03:46</Creator>
        <Created>2023-05-01T21:54:56.415+02:00</Created>
        <LastChange>2023-07-25T03:46:10.422+02:00</LastChange>
        <TranskribusMetadata docId="1416431" pageId="54945936" pageNr="24" tsid="130582418" status="IN_PROGRESS" userId="64420" imgUrl="https://files.transkribus.eu/Get?id=VWHHBNHQYXMXNDIULDCAIFVD&amp;fileType=view" xmlUrl="https://files.transkribus.eu/Get?id=XLEPBJKCXMJNJQTZIRSGUYAF" imageId="44450021"/>
    </Metadata>
    <Page imageFilename="1416431_0024.jpg" imageWidth="3174" imageHeight="3624">
        <ReadingOrder>
            <OrderedGroup id="ro_1711831931332" caption="Regions reading order">
                <RegionRefIndexed index="0" regionRef="tr_2"/>
                <RegionRefIndexed index="1" regionRef="tr_1"/>
            </OrderedGroup>
        </ReadingOrder>
        <TextRegion id="tr_2" custom="readingOrder {index:0;}">
            <Coords points="537,520 2355,520 2355,1445 537,1445"/>
            <TextLine id="tr_2_tl_1" custom="readingOrder {index:0;}">
                <Coords points="1246,626 1258,626 1265,617 1279,619 1293,603 1316,610 1340,596 1349,605 1371,605 1368,513 1349,509 1345,513 1335,504 1316,502 1295,523 1281,513 1267,516 1241,509"/>
                <Baseline points="1256,570 1301,576 1346,576 1376,573"/>
                <TextEquiv>
                    <Unicode>-21-</Unicode>
                </TextEquiv>
            </TextLine>
            <TextLine id="tr_2_tl_2" custom="readingOrder {index:1;}">
                <Coords points="1432,777 1521,761 1573,782 1601,768 1689,782 1752,758 1799,777 1856,756 1856,655 1714,664 1689,643 1634,633 1583,671 1533,645 1432,631"/>
                <Baseline points="1444,710 1489,710 1534,713 1579,713 1623,713 1668,713 1713,713 1758,713 1803,713 1847,713 1862,713"/>
                <TextEquiv>
                    <Unicode>Wien, 17. Nov. 94.</Unicode>
                </TextEquiv>
            </TextLine>
            <TextLine id="tr_2_tl_3" custom="readingOrder {index:2;}">
                <Coords points="1378,874 1392,871 1401,874 1411,869 1434,881 1458,864 1472,864 1472,775 1458,772 1453,777 1429,775 1422,780 1394,763 1378,763"/>
                <Baseline points="1391,826 1435,826 1477,826"/>
                <TextEquiv>
                    <Unicode>14</Unicode>
                </TextEquiv>
            </TextLine>
            <TextLine id="tr_2_tl_4" custom="readingOrder {index:3;}">
                <Coords points="532,878 641,890 666,871 690,888 789,864 827,883 942,881 942,803 860,772 796,780 768,801 749,784 678,791 626,768 532,777"/>
                <Baseline points="546,847 591,844 635,844 680,844 725,844 770,844 814,844 859,844 904,844 949,850"/>
                <TextEquiv>
                    <Unicode>Lieber Freund!</Unicode>
                </TextEquiv>
            </TextLine>
            <TextLine id="tr_2_tl_5" custom="readingOrder {index:4;}">
                <Coords points="528,1001 2188,996 2282,980 2282,871 528,897"/>
                <Baseline points="540,979 543,982 588,982 632,979 677,979 722,979 767,982 811,982 856,982 901,982 946,982 991,982 1035,982 1080,982 1125,982 1170,982 1214,982 1259,982 1304,982 1349,982 1394,982 1438,982 1483,982 1528,982 1573,982 1617,982 1662,982 1707,982 1752,982 1797,979 1841,979 1886,979 1931,979 1976,979 2020,979 2065,979 2110,979 2155,979 2200,976 2244,976 2289,976"/>
                <TextEquiv>
                    <Unicode>Mit Ihrem Stück haben Sie dem Theater ein neues Milieu entdeckt</Unicode>
                </TextEquiv>
            </TextLine>
            <TextLine id="tr_2_tl_6" custom="readingOrder {index:5;}">
                <Coords points="532,1083 2343,1097 2263,984 532,1001"/>
                <Baseline points="546,1074 558,1071 603,1071 647,1071 692,1071 737,1074 782,1074 826,1071 871,1071 916,1071 961,1071 1006,1071 1050,1071 1095,1071 1140,1071 1185,1071 1229,1071 1274,1071 1319,1071 1364,1074 1409,1071 1453,1071 1498,1071 1543,1071 1588,1071 1632,1071 1677,1071 1722,1071 1767,1071 1812,1068 1856,1068 1901,1071 1946,1068 1991,1068 2035,1068 2080,1068 2125,1068 2170,1068 2214,1068 2259,1065 2304,1065 2349,1065"/>
                <TextEquiv>
                    <Unicode>und haben eine Reihe von Gestalten geschaffen,die Athem des Lebens</Unicode>
                </TextEquiv>
            </TextLine>
            <TextLine id="tr_2_tl_7" custom="readingOrder {index:6;}">
                <Coords points="530,1187 2353,1194 2353,1093 2190,1074 530,1086"/>
                <Baseline points="543,1161 564,1161 608,1161 653,1164 698,1164 743,1164 788,1164 832,1164 877,1164 922,1161 967,1161 1011,1161 1056,1161 1101,1161 1146,1161 1191,1161 1235,1161 1280,1161 1325,1161 1370,1161 1414,1161 1459,1161 1504,1161 1549,1161 1594,1161 1638,1161 1683,1161 1728,1161 1773,1161 1817,1161 1862,1158 1907,1158 1952,1158 1997,1158 2041,1158 2086,1158 2131,1158 2176,1158 2220,1158 2265,1155 2310,1155 2355,1155"/>
                <TextEquiv>
                    <Unicode>haben. Und neue Gestalten - manche an die man sich bis jetzt nicht</Unicode>
                </TextEquiv>
            </TextLine>
            <TextLine id="tr_2_tl_8" custom="readingOrder {index:7;}">
                <Coords points="528,1265 2346,1281 2346,1203 2150,1163 528,1185"/>
                <Baseline points="540,1253 561,1253 605,1253 650,1253 695,1253 740,1253 785,1250 829,1250 874,1253 919,1253 964,1253 1008,1253 1053,1253 1098,1253 1143,1253 1188,1253 1232,1253 1277,1250 1322,1253 1367,1253 1411,1253 1456,1250 1501,1250 1546,1253 1591,1250 1635,1250 1680,1250 1725,1250 1770,1250 1814,1250 1859,1250 1904,1247 1949,1247 1994,1247 2038,1250 2083,1250 2128,1247 2173,1247 2217,1247 2262,1247 2307,1244 2352,1244"/>
                <TextEquiv>
                    <Unicode>herangetraut hat. Die besten Figuren sind die, die aus sich heraus-</Unicode>
                </TextEquiv>
            </TextLine>
            <TextLine id="tr_2_tl_9" custom="readingOrder {index:8;}">
                <Coords points="525,1366 2336,1349 2336,1298 2202,1265 525,1279"/>
                <Baseline points="537,1346 549,1346 594,1343 638,1346 683,1346 728,1346 773,1346 817,1346 862,1346 907,1343 952,1346 997,1343 1041,1343 1086,1343 1131,1346 1176,1346 1220,1343 1265,1343 1310,1343 1355,1343 1400,1343 1444,1343 1489,1343 1534,1343 1579,1343 1623,1343 1668,1343 1713,1343 1758,1343 1803,1343 1847,1340 1892,1340 1937,1340 1982,1340 2026,1343 2071,1340 2116,1340 2161,1340 2206,1340 2250,1340 2295,1340 2340,1337"/>
                <TextEquiv>
                    <Unicode>reden,ganz naiv; - da haben Sie mit ein paar Strichen glänzend ge-</Unicode>
                </TextEquiv>
            </TextLine>
            <TextLine id="tr_2_tl_10" custom="readingOrder {index:9;}">
                <Coords points="525,1444 2270,1462 2270,1366 2204,1356 525,1366"/>
                <Baseline points="537,1435 576,1435 620,1435 665,1435 710,1435 755,1435 800,1435 844,1435 889,1435 934,1435 979,1432 1023,1435 1068,1435 1113,1435 1158,1435 1203,1435 1247,1435 1292,1435 1337,1435 1382,1432 1426,1432 1471,1432 1516,1432 1561,1432 1606,1432 1650,1432 1695,1432 1740,1432 1785,1432 1829,1429 1874,1429 1919,1429 1964,1429 2009,1432 2053,1429 2098,1429 2143,1429 2188,1426 2232,1426 2277,1429"/>
                <TextEquiv>
                    <Unicode>zeichnet; Charlotte z.B.- Wassermann ist ausgezeichnt; der ist</Unicode>
                </TextEquiv>
            </TextLine>
        </TextRegion>
        <TextRegion id="tr_1" custom="readingOrder {index:1;}">
            <Coords points="534,1469 2420,1469 2420,3183 534,3183"/>
            <TextLine id="tr_1_tl_1" custom="readingOrder {index:0;}">
                <Coords points="528,1545 2148,1550 2367,1535 2367,1453 528,1460"/>
                <Baseline points="540,1528 582,1528 626,1525 671,1528 716,1525 761,1528 805,1528 850,1528 895,1528 940,1525 985,1525 1029,1528 1074,1525 1119,1525 1164,1528 1208,1525 1253,1525 1298,1525 1343,1525 1388,1525 1432,1525 1477,1525 1522,1522 1567,1522 1611,1522 1656,1522 1701,1522 1746,1522 1791,1522 1835,1522 1880,1522 1925,1522 1970,1522 2014,1522 2059,1522 2104,1522 2149,1519 2194,1519 2238,1522 2283,1519 2328,1519 2373,1519"/>
                <TextEquiv>
                    <Unicode>wohl berufen, Ihnen häufig nachgedichtet zu werden. Dieser aber ver-</Unicode>
                </TextEquiv>
            </TextLine>
            <TextLine id="tr_1_tl_2" custom="readingOrder {index:1;}">
                <Coords points="525,1653 2280,1639 2367,1632 2367,1552 525,1559"/>
                <Baseline points="537,1620 582,1620 626,1620 671,1620 716,1620 761,1620 805,1620 850,1620 895,1617 940,1617 985,1617 1029,1617 1074,1617 1119,1617 1164,1617 1208,1617 1253,1617 1298,1617 1343,1617 1388,1617 1432,1617 1477,1614 1522,1614 1567,1614 1611,1614 1656,1614 1701,1614 1746,1614 1791,1614 1835,1614 1880,1614 1925,1614 1970,1614 2014,1614 2059,1614 2104,1614 2149,1614 2194,1611 2238,1611 2283,1611 2328,1611 2373,1611"/>
                <TextEquiv>
                    <Unicode>fällt gegen Schluss in den Fehler Ihrer Hauptperson; - er erläutert</Unicode>
                </TextEquiv>
            </TextLine>
            <TextLine id="tr_1_tl_3" custom="readingOrder {index:2;}">
                <Coords points="530,1722 2249,1733 2270,1644 530,1648"/>
                <Baseline points="543,1707 573,1710 617,1710 662,1710 707,1710 752,1710 797,1710 841,1710 886,1710 931,1707 976,1710 1020,1710 1065,1707 1110,1707 1155,1707 1200,1707 1244,1707 1289,1707 1334,1707 1379,1707 1423,1707 1468,1704 1513,1704 1558,1704 1603,1704 1647,1704 1692,1704 1737,1707 1782,1704 1826,1704 1871,1704 1916,1704 1961,1704 2006,1704 2050,1701 2095,1701 2140,1701 2185,1701 2229,1701 2274,1701"/>
                <TextEquiv>
                    <Unicode>sich. Sie unterschätzen Ihre Charakterisirungskunst - man kennt</Unicode>
                </TextEquiv>
            </TextLine>
            <TextLine id="tr_1_tl_4" custom="readingOrder {index:3;}">
                <Coords points="525,1818 2190,1818 2242,1809 2242,1733 525,1743"/>
                <Baseline points="537,1800 546,1800 591,1800 635,1800 680,1800 725,1800 770,1800 814,1800 859,1800 904,1800 949,1800 994,1800 1038,1800 1083,1800 1128,1800 1173,1803 1217,1797 1262,1800 1307,1800 1352,1800 1397,1800 1441,1797 1486,1797 1531,1797 1576,1797 1620,1797 1665,1797 1710,1794 1755,1797 1800,1794 1844,1794 1889,1794 1934,1794 1979,1794 2023,1794 2068,1794 2113,1794 2158,1794 2203,1794 2247,1794"/>
                <TextEquiv>
                    <Unicode>Herrn Wassermann lähgt, bevor er anfängt von sich zu erzählen.</Unicode>
                </TextEquiv>
            </TextLine>
            <TextLine id="tr_1_tl_5" custom="readingOrder {index:4;}">
                <Coords points="528,1912 2218,1903 2258,1802 528,1830"/>
                <Baseline points="540,1892 564,1892 608,1892 653,1892 698,1892 743,1892 788,1892 832,1892 877,1892 922,1892 967,1892 1011,1889 1056,1889 1101,1889 1146,1889 1191,1889 1235,1889 1280,1889 1325,1889 1370,1889 1414,1886 1459,1886 1504,1889 1549,1889 1594,1886 1638,1886 1683,1886 1728,1886 1773,1886 1817,1886 1862,1886 1907,1886 1952,1886 1997,1886 2041,1886 2086,1883 2131,1883 2176,1883 2220,1886 2265,1886"/>
                <TextEquiv>
                    <Unicode>Ueber das Stück als ganzes ist etwas ähnliches zu sagen. Es hat</Unicode>
                </TextEquiv>
            </TextLine>
            <TextLine id="tr_1_tl_6" custom="readingOrder {index:5;}">
                <Coords points="528,1995 2284,1990 2287,1891 530,1933"/>
                <Baseline points="540,1982 546,1985 591,1982 635,1985 680,1985 725,1985 770,1985 814,1982 859,1979 904,1982 949,1982 994,1982 1038,1979 1083,1979 1128,1979 1173,1979 1217,1979 1262,1979 1307,1979 1352,1979 1397,1979 1441,1979 1486,1979 1531,1979 1576,1976 1620,1976 1665,1976 1710,1976 1755,1976 1800,1976 1844,1976 1889,1976 1934,1976 1979,1976 2023,1976 2068,1973 2113,1976 2158,1976 2203,1976 2247,1976 2292,1979"/>
                <TextEquiv>
                    <Unicode>so viel echtes Leben und ist in seiner Entwicklung so natürlich,</Unicode>
                </TextEquiv>
            </TextLine>
            <TextLine id="tr_1_tl_7" custom="readingOrder {index:6;}">
                <Coords points="525,2091 2346,2105 2362,1999 525,2018"/>
                <Baseline points="537,2071 576,2071 620,2071 665,2071 710,2071 755,2071 800,2071 844,2068 889,2071 934,2071 979,2071 1023,2068 1068,2068 1113,2068 1158,2068 1203,2068 1247,2068 1292,2068 1337,2068 1382,2068 1426,2068 1471,2068 1516,2065 1561,2068 1606,2065 1650,2065 1695,2065 1740,2065 1785,2065 1829,2065 1874,2065 1919,2065 1964,2065 2009,2065 2053,2065 2098,2065 2143,2065 2188,2065 2232,2065 2277,2062 2322,2062 2367,2059"/>
                <TextEquiv>
                    <Unicode>dass Sie auf kleine Absichtlichkeiten der Ausführung wohl verzich-</Unicode>
                </TextEquiv>
            </TextLine>
            <TextLine id="tr_1_tl_8" custom="readingOrder {index:7;}">
                <Coords points="523,2183 2277,2174 2277,2084 2141,2072 525,2101"/>
                <Baseline points="537,2164 582,2164 626,2164 671,2161 716,2161 761,2161 805,2161 850,2161 895,2161 940,2161 985,2158 1029,2158 1074,2158 1119,2158 1164,2161 1208,2161 1253,2158 1298,2161 1343,2161 1388,2158 1432,2158 1477,2158 1522,2158 1567,2158 1611,2158 1656,2158 1701,2158 1746,2155 1791,2155 1835,2155 1880,2155 1925,2155 1970,2155 2014,2155 2059,2155 2104,2155 2149,2155 2194,2155 2238,2155 2283,2155"/>
                <TextEquiv>
                    <Unicode>ten dürften, welche die grosse Absicht des Stoffes verwirren. Am</Unicode>
                </TextEquiv>
            </TextLine>
            <TextLine id="tr_1_tl_9" custom="readingOrder {index:8;}">
                <Coords points="525,2266 2273,2263 2291,2169 525,2200"/>
                <Baseline points="537,2253 552,2253 597,2253 641,2253 686,2253 731,2253 776,2250 820,2250 865,2250 910,2250 955,2250 1000,2250 1044,2247 1089,2250 1134,2250 1179,2247 1223,2247 1268,2247 1313,2247 1358,2247 1403,2250 1447,2250 1492,2250 1537,2250 1582,2247 1626,2247 1671,2247 1716,2247 1761,2247 1806,2244 1850,2247 1895,2244 1940,2244 1985,2244 2029,2244 2074,2244 2119,2244 2164,2244 2209,2244 2253,2244 2298,2247"/>
                <TextEquiv>
                    <Unicode>meisten hab ich in diesem Sinne gegen den Schlussatz des Stückes</Unicode>
                </TextEquiv>
            </TextLine>
            <TextLine id="tr_1_tl_10" custom="readingOrder {index:9;}">
                <Coords points="528,2357 2202,2353 2268,2346 2268,2258 528,2296"/>
                <Baseline points="540,2343 570,2343 614,2343 659,2343 704,2343 749,2343 794,2340 838,2340 883,2340 928,2340 973,2340 1017,2340 1062,2340 1107,2337 1152,2337 1197,2337 1241,2337 1286,2337 1331,2337 1376,2337 1420,2337 1465,2337 1510,2337 1555,2337 1600,2337 1644,2334 1689,2337 1734,2334 1779,2337 1823,2337 1868,2334 1913,2334 1958,2334 2003,2334 2047,2334 2092,2334 2137,2334 2182,2334 2226,2334 2271,2331"/>
                <TextEquiv>
                    <Unicode>einzuwenden, den eigentlichen Schlussatz, den der sterbende Jacob</Unicode>
                </TextEquiv>
            </TextLine>
            <TextLine id="tr_1_tl_11" custom="readingOrder {index:10;}">
                <Coords points="528,2463 2108,2452 2249,2437 2249,2350 528,2390"/>
                <Baseline points="540,2435 555,2435 600,2435 644,2435 689,2435 734,2432 779,2432 823,2432 868,2429 913,2429 958,2429 1003,2429 1047,2429 1092,2429 1137,2429 1182,2429 1226,2429 1271,2426 1316,2429 1361,2429 1406,2426 1450,2426 1495,2426 1540,2426 1585,2429 1629,2429 1674,2429 1719,2426 1764,2426 1809,2426 1853,2426 1898,2426 1943,2426 1988,2423 2032,2423 2077,2423 2122,2423 2167,2423 2212,2423 2256,2417"/>
                <TextEquiv>
                    <Unicode>Samuel zu sprechen hat. Lassen Sie ihn lieber wortlos sterben -</Unicode>
                </TextEquiv>
            </TextLine>
            <TextLine id="tr_1_tl_12" custom="readingOrder {index:11;}">
                <Coords points="525,2543 2101,2541 2266,2525 2266,2435 525,2470"/>
                <Baseline points="537,2525 570,2525 614,2525 659,2525 704,2525 749,2525 794,2522 838,2522 883,2522 928,2522 973,2522 1017,2522 1062,2522 1107,2522 1152,2522 1197,2519 1241,2519 1286,2519 1331,2522 1376,2519 1420,2519 1465,2519 1510,2519 1555,2519 1600,2519 1644,2519 1689,2519 1734,2519 1779,2516 1823,2519 1868,2516 1913,2516 1958,2519 2003,2516 2047,2516 2092,2516 2137,2516 2182,2516 2226,2516 2271,2516"/>
                <TextEquiv>
                    <Unicode>dieser Tod sagt mehr, besseres, ich glaube selbst, was ganz andres</Unicode>
                </TextEquiv>
            </TextLine>
            <TextLine id="tr_1_tl_13" custom="readingOrder {index:12;}">
                <Coords points="520,2631 2266,2621 2266,2548 2082,2532 520,2548"/>
                <Baseline points="534,2617 570,2615 614,2617 659,2615 704,2615 749,2615 794,2615 838,2612 883,2612 928,2612 973,2612 1017,2612 1062,2612 1107,2612 1152,2609 1197,2612 1241,2609 1286,2609 1331,2609 1376,2609 1420,2609 1465,2609 1510,2609 1555,2609 1600,2609 1644,2609 1689,2609 1734,2609 1779,2609 1823,2606 1868,2609 1913,2609 1958,2609 2003,2609 2047,2606 2092,2606 2137,2606 2182,2606 2226,2606 2271,2606"/>
                <TextEquiv>
                    <Unicode>als der sterbende selbst. Der Sterbende sagt: "Juden,Brüder, man</Unicode>
                </TextEquiv>
            </TextLine>
            <TextLine id="tr_1_tl_14" custom="readingOrder {index:13;}">
                <Coords points="520,2725 2105,2720 2273,2701 2273,2619 520,2649"/>
                <Baseline points="534,2707 576,2707 620,2707 665,2704 710,2707 755,2704 800,2704 844,2704 889,2704 934,2704 979,2704 1023,2704 1068,2704 1113,2704 1158,2701 1203,2701 1247,2701 1292,2701 1337,2701 1382,2701 1426,2701 1471,2701 1516,2701 1561,2701 1606,2701 1650,2701 1695,2701 1740,2698 1785,2698 1829,2698 1874,2698 1919,2698 1964,2698 2009,2698 2053,2698 2098,2698 2143,2698 2188,2698 2232,2695 2277,2692"/>
                <TextEquiv>
                    <Unicode>wird euch erst wieder leben lassen, wenn ihr zu sterben wisst.“</Unicode>
                </TextEquiv>
            </TextLine>
            <TextLine id="tr_1_tl_15" custom="readingOrder {index:14;}">
                <Coords points="525,2819 2218,2821 2324,2812 2324,2722 525,2751"/>
                <Baseline points="537,2800 540,2800 585,2800 629,2800 674,2797 719,2797 764,2797 808,2797 853,2797 898,2797 943,2797 988,2797 1032,2797 1077,2797 1122,2797 1167,2797 1211,2797 1256,2794 1301,2794 1346,2794 1391,2794 1435,2794 1480,2794 1525,2794 1570,2791 1614,2794 1659,2791 1704,2791 1749,2791 1794,2791 1838,2791 1883,2791 1928,2791 1973,2791 2017,2791 2062,2791 2107,2791 2152,2791 2197,2791 2241,2791 2286,2791 2331,2791"/>
                <TextEquiv>
                    <Unicode>Sein Tod aber spricht: Dieser arme Teufel und edle Mensch muss xxx</Unicode>
                </TextEquiv>
            </TextLine>
            <TextLine id="tr_1_tl_16" custom="readingOrder {index:15;}">
                <Coords points="525,2937 2341,2918 2414,2833 525,2842"/>
                <Baseline points="537,2892 540,2892 585,2892 629,2892 674,2892 719,2892 764,2889 808,2889 853,2889 898,2886 943,2886 988,2886 1032,2886 1077,2886 1122,2886 1167,2886 1211,2886 1256,2883 1301,2883 1346,2883 1391,2883 1435,2883 1480,2886 1525,2886 1570,2883 1614,2883 1659,2883 1704,2883 1749,2883 1794,2883 1838,2883 1883,2883 1928,2883 1973,2883 2017,2883 2062,2883 2107,2883 2152,2883 2197,2883 2241,2883 2286,2883 2331,2883 2376,2883 2420,2880"/>
                <TextEquiv>
                    <Unicode>sich von einem erbärmlichen Haderlumpen einfach deshalb niederschies-</Unicode>
                </TextEquiv>
            </TextLine>
            <TextLine id="tr_1_tl_17" custom="readingOrder {index:16;}">
                <Coords points="539,3005 2291,2993 2291,2894 539,2923"/>
                <Baseline points="552,2985 594,2985 638,2985 683,2985 728,2982 773,2982 817,2982 862,2982 907,2979 952,2979 997,2979 1041,2979 1086,2976 1131,2979 1176,2979 1220,2979 1265,2976 1310,2976 1355,2979 1400,2976 1444,2976 1489,2976 1534,2979 1579,2976 1623,2976 1668,2976 1713,2976 1758,2976 1803,2976 1847,2976 1892,2976 1937,2976 1982,2976 2026,2976 2071,2976 2116,2976 2161,2976 2206,2976 2250,2979 2295,2982"/>
                <TextEquiv>
                    <Unicode>sen lassen - weil er als Juda geboren ist! - Es gab eine Zeit,</Unicode>
                </TextEquiv>
            </TextLine>
            <TextLine id="tr_1_tl_18" custom="readingOrder {index:17;}">
                <Coords points="520,3123 885,3076 2343,3111 2343,2998 520,3003"/>
                <Baseline points="534,3080 558,3077 603,3077 647,3077 692,3077 737,3074 782,3074 826,3074 871,3071 916,3071 961,3071 1006,3071 1050,3071 1095,3071 1140,3068 1185,3068 1229,3068 1274,3068 1319,3068 1364,3068 1409,3068 1453,3068 1498,3071 1543,3068 1588,3068 1632,3068 1677,3068 1722,3068 1767,3068 1812,3071 1856,3071 1901,3071 1946,3068 1991,3068 2035,3068 2080,3068 2125,3068 2170,3068 2214,3068 2259,3068 2304,3071 2349,3071"/>
                <TextEquiv>
                    <Unicode>wo die Juden zu tausenden auf den Scheiterhaufen verbrannt wurden.</Unicode>
                </TextEquiv>
            </TextLine>
            <TextLine id="tr_1_tl_19" custom="readingOrder {index:18;}">
                <Coords points="520,3184 2334,3191 2334,3125 1908,3076 1667,3135 1491,3076 520,3123"/>
                <Baseline points="534,3170 549,3173 594,3170 638,3170 683,3170 728,3170 773,3170 817,3167 862,3167 907,3167 952,3167 997,3167 1041,3167 1086,3167 1131,3164 1176,3164 1220,3164 1265,3161 1310,3164 1355,3161 1400,3161 1444,3164 1489,3164 1534,3164 1579,3164 1623,3161 1668,3164 1713,3164 1758,3164 1803,3164 1847,3164 1892,3164 1937,3164 1982,3167 2026,3164 2071,3164 2116,3164 2161,3164 2206,3164 2250,3164 2295,3161 2340,3161"/>
                <TextEquiv>
                    <Unicode>Sie haben zu sterben gewusst. Und man hat sie nicht leben lassen</Unicode>
                </TextEquiv>
            </TextLine>
        </TextRegion>
    </Page>
</PcGts>
