3141 3544
1368 678 1503 798 -32-
1729 808 2220 931 Wien, 7. Jänner 95.
647 967 1246 1099 Mein lieber Freund! -
1311 943 1438 1089 G.H.
666 1063 2544 1231 Heute ist das Ghetto abgesandt worden. Ans Deutsche Theater. Das ist
671 1159 2520 1332 auch deshalb vortheilhafter, weil Lossingtheater u. Berliner Theater
673 1253 2552 1414 jetzt denselben Director haben - Blumenthal.- Das Stück ist sehr gut
683 1347 2496 1510 geschrieben, die Schrift auf der Rechnung, die ich Ihrem Wunsche ge-
676 1436 2576 1621 mäss (den Sie nur nicht gar so streng hätten ausdrücken müssen!) bei-
678 1530 2576 1705 lege, ist die des Abschreibers; - sie wird sie über diesen Punkt beru-
683 1607 2554 1801 higen. Der Begleitbrief ist vor den Anfang hingeklebt worden (natür-
695 1708 2513 1888 lich auch in Abschrift.) Ich habe das Stück sehr sorgfältig in der
683 1797 2492 1975 Abschrift durchgelesen, Ihrer Angabe nach unterstrichen und kleine
702 1876 2573 2063 correcturen angebracht, welche durch kleine Versehen des Abschreibers
700 1977 2557 2162 nothwendig wurden. Das Geheimnis ist vollkommen gewahrt; auch Herrn
717 2051 2561 2205 Schick hab ich Ihren Namen nicht genannt, und somit bin ich, wenn Sie
709 2143 2643 2292 nicht selbst noch jemanden eingeweiht haben, der einzige lebende Mensch
721 2237 2590 2439 ausser Ihnen, der den Verfasser weiss. Es war nicht durchführbar, dass
729 2333 2595 2477 die Abschrift bei mir gemacht wurde; da ich zu den Zeiten, in welchen
736 2419 2605 2566 der Abschreiber arbeiten konnte, nicht anwesend hätte sein können; er
736 2520 2552 2662 hat in seiner Wohnung geschrieben, mitgegeben hab ich ihm das Mscr.
741 2597 2602 2751 Abends nach 6; einmal um 13, sorgfältig verschlossen. Sie können ver-
746 2696 2342 2857 sichert sein, dass kein Unberufener Einsicht genommen hat.-
746 2797 2104 2956 Morgen geht der Brief II ans Deutsche Theater ab.
750 2886 2600 3038 Und nun, viel Glück! - Ich habe gute Hoffnung. Es ist Ihnen gelungen
760 2963 2552 3114 ein "literarisches" Stück zu schreiben, das zugleich gutes Theater
765 3064 2564 3203 ist. Sie wissen, wie mein erster Sindruck war. Diesmal hat mir das
770 3105 2650 3304 Schauspiel noch viel besser gefallen; die Lebendigkeit der Gestalten
