3121 3624
1545 492 1648 593 —7—
1963 621 2224 744 13.6.93.
826 747 1237 877 Lieber Freund,
826 840 2686 948 Sie diesen Sommer in Wien zu sehen, wäre mir eine grosse Freude. Ich
838 934 2588 1032 selbst dürfte mich kaum von hier entfernen; - abgesehen von der
831 1053 2707 1141 Zeit Mitte August bis September, wo ich mich in den Dienst des Vater-
831 1116 2616 1228 landes stellen, d.h. einrücken muss. Wahrscheinlich Bruck.- Sonst
833 1197 2637 1312 kann ich kaum von hier weg; ohne gerade viel zu thun zu haben, bin
831 1298 2658 1393 ich gebunden. Jedenfalls haben Sie die Güte, mir näheres über Ihre
831 1403 2558 1494 Ankunft mitzutheilen, wie üher Ihre Pläne überhaupt.- Ich weiss
840 1480 2560 1580 auch nicht, ob das Ereignis, welches Sie in Ihrem letzten Briefe
833 1582 2646 1664 avisieren, bereits eingetroffen ist. Jedenfalls - viel Glück dazu!
838 1683 2609 1764 Was mich anbelangt, so hab ich mich "derfangen", so gut es ging, u.
838 1757 2667 1876 versuche da und dort wieder ins Arbeiten zu kommen. Klinik, Praxis,
833 1839 2583 1958 und das medizinische Journal, das ich leite, nehmen mir viel Zeit
831 1935 2586 2058 weg, lassen mir aber innerlich eine gewisse Freiheit. Die Praxis
833 2044 2684 2142 nimmt nämlich auch Zeit weg,ohne dass man Patenten hat, das ist das
840 2121 2656 2236 arge, und wenn statt 1 oder 2 Leuten 16-20 in die Ordination kämen,
840 2238 2518 2324 so gäbe das kaum mehr zu tun, und hätte doch seine Vortheile.-
840 2310 2658 2399 Ich schreibe jetzt meistens spät Abends, so um die Mitternacht he-
838 2397 2642 2509 rum, im Kaffeehaus. Dort, beim Rathaus, dem Park vis-à-vis.- Es soll
840 2492 2672 2602 etwas zärtliches und lustiges werden, - der geheime Trieb ist aber
847 2574 2674 2679 offenbar der; - ich will wieder schreiben lernen. - Zum "Flüchtling
840 2672 2674 2765 in Berlin muss ich Ihnen noch gratulieren. Ueberhaupt wächst meine
847 2742 2679 2878 Hochachtung für Menschen, die aufgeführt werden, immer mehr, seit ich
840 2871 2604 2962 sehe, wie weit der Weg vom Angenommenwerden zum Aufgeführtwerden
840 2936 2698 3050 ist.- In Prag bin ich über die Moral des Intendanten Dr. Schlesinger
838 3043 2677 3197 gestolpert, der über das Märchen "empört" war, - und von Berlin aus
