3149 3607
1403 498 1526 614 -60-
730 670 879 763 (28.I)
1661 670 2126 789 Wien, 22.12.1900.
1461 675 1573 789 41
733 756 1140 837 Lieber Freund,
733 779 2463 970 ich habe Ihnen den Lieutenant Gustl auf Ihren Wunsch vor etwa 6
735 912 2536 1047 Wochen für die Weihnachtsbeilage geschickt; habe damals und noch
744 1042 2591 1114 später ausdrücklich betont, dass eine Theilung der Hovelle aus künst-
735 1128 2605 1238 lerischen Gründen unthunlich, dass ich aber gern zu Kürzungen bereit
763 1214 2505 1333 sei. Ich selbst machte Sie auf die Länge der Hovelle aufmerksam
735 1298 2561 1412 und Sie, lieber Doctor hatten Gelegenheit, 6 Wochen lang Gelegeneheit,
733 1400 2463 1496 über die Möglichkeit der Unterbringung in der Weihnachtsbeilage
730 1493 2496 1596 klar und schlüssig zu werden. Und heute, am 22. Dez., zwei Tage vor
730 1577 2468 1666 Weihnachten, nachdem ich genöthigt war,Anträge anderer Zeitungen
730 1680 2473 1773 zurückzuweisen, kommen Sie mit der Mittheilung, dass die Novelle
730 1768 2571 1870 für die Weihnachtsbeilage zu lang sei, stellen mir in Aussicht, meine
723 1863 2573 1959 Novelle in Fortsetzungen erscheinen zu lassen und Sie sprechen nun
730 1945 2524 2040 von Raumrücksichten, auf die ich Sie längst aufmerksam gemacht, was
730 2031 2466 2124 Sie mit den Worten zurückwiesen, das sei Ihre Sorge! Mein lieber
721 2119 2466 2231 Freund, das kann nicht Ihr Ernst sein. Ich glaube sogar annehmen
728 2201 2554 2315 zu dürfen, dass nicht Sie es sind, der sich mir gegenüber diesen ver-
723 2287 2489 2408 blüffenden Mangel an Rücksicht zu Schulden kommen lässt. Denn es
723 2389 2408 2454 ist ganz selbstverständlich, dass in dem vorliegenden Fall die
723 2452 2536 2571 Neue Freie Presse verpflichtet wäre, um die Vereinbarung gegen mich
719 2564 2538 2664 zu erfüllen, die sie auf eigene lnitiative,auf eigenen Wunsch, trotz
728 2654 2552 2771 der von mir selbst vorgebrachten Bedenken, eingegangen ist, die Raum-
719 2766 2461 2845 schwierigkeiten durch Einfügen eines oder mehrerer Blätter mehr
721 2854 2540 2954 zu besiegen. Soweit ich in Betracht komme, gestatte ich aus den von
728 2945 2587 3036 Innen gekannten und stillschweigend gewürdigten künstlerischen Grün-
730 3024 2571 3154 den den Abdruck der Hovelle "Lieutenant Gustl" in Fortsetzung,unter
