3174 3624
1432 464 1565 574 -10-
754 617 1036 718 (21.6.93)
761 711 2463 849 die Liebesecene, die von Herrn Franker und Frl. Ernst gar nicht
759 813 2465 919 übel gegeben wurde. Unangenehm war der Oberprinz - Herr Lenor,
768 914 2573 1027 der seine Rolle mit einer schnödrigen Liebenswürdigkeit gab, welche
763 970 2560 1123 mir im Ohr und im Herzen wehthat.- Ich hatte damals den lebhaften
770 1081 2584 1213 Wunsch, das Stück wo ahder zu sehen, und mit mir wunderten sich ei-
770 1180 2557 1292 nige Vernünftige, dass das Lustspiel nicht am Volkstheater gegeben
772 1265 2454 1394 wurde - resp. dass Sie's nicht dem V.Th. eingereicht hatten.-
770 1355 2533 1468 Ihre Geschichten von Barnay, vom Flüchtling u.s.w. haben mich in-
777 1441 2479 1567 teressiert und gerührt. Jawohl gerührt - denn ich finde solche
774 1538 2535 1659 Abenteuer des Ehrgeizes und des Talents aus der Ehrlichkeit rüh-
781 1641 2582 1745 render als hungrige Mägen und manches verliebte Jdyll.- Vom Volks-
777 1729 1806 1864 theater aber müssen Sie mir erzählen.
788 1799 2593 1923 - Der Brief da trifft Sie, lieber Freund, wohl noch in Paris. Nehmen
783 1907 2519 2033 Sie noch meine Glückwünschezum Grotherl entgegen und bestellen
781 1997 2519 2112 Sie dieselben auch ihrer Frau Gemahlin, die sich vielleicht noch
808 2109 1292 2220 meiner erinnert. -
1081 2184 1929 2294 Also auf baldiges Wiedersehen.
1249 2281 1880 2391 Ihr herzlich ergebener
1844 2348 2362 2479 Arthur Schnitzler.
