3174 3624
1274 479 1425 600 -15-
1569 625 2176 730 Wien, IX. Frankgasse 1.
1573 728 1843 859 10.12.93.
616 800 1250 964 Mein verehrter Freund,
625 953 2355 1061 herzlichen Dank! Zum gratulieren liegt eigentlich wenig Anlass
632 1034 2423 1160 vor, dann ich bin durchgefallen. Aber das thut nichts, denn in mei-
625 1122 2360 1256 ner masslosen Arroganz verachte ich das Urtheil des Schütz, und
632 1202 2409 1344 selbst das Verschwinden des Stücks vom Repertoire nach zwei Vor-
638 1301 2427 1443 stellungen kann mich von der Ueberzeugung nicht abbringen, dass es
641 1393 2128 1531 besser ist, wie manche, die man - dreimal gespielt hat.-
647 1488 2358 1627 Dass es Ihnen endlich wieder gut geht, freut mich herzlich; ich
638 1558 2382 1699 habe mich bei meinem Freund Paul erkundigt, wie es mit Ihrem Be-
647 1654 2414 1800 finden steht - und habe Sie eigentlich schon seit einigen Wochen
643 1753 2389 1895 für ganz gesund gehalten. Werden Sie zu völliger Erholung einen
647 1874 1092 1985 Urlaub nehmen? -
652 1922 2387 2077 Die Feuilletons von Bahr besorge ich Ihnen ehestens; in 2 Tagen
652 2054 1081 2171 haben Sie sie.-
650 2113 2457 2239 Wie geht es den Ihren? Bitte empfehlen Sie mich Ihrer w. Frau Ge-
650 2221 1994 2340 mahlin und lassen Sie recht bald von sich hören.
1065 2299 1897 2427 Mit vielen herzlichen Grüssen
1277 2396 1816 2508 Ihr treu ergebener
1776 2454 2277 2587 Arthur Schnitzler.
