3210 3493
1909 189 2023 322 P.S.
1822 375 1945 518 -38.
1093 492 1407 666 130.2.91
2345 547 2594 688 18.2.95.
1856 552 1972 698 24
998 637 2941 807 Lieber Freund! Das Telegramm haben Sie ja! Ich bekam von Schick einen
1059 763 2909 891 kurzen Brief: "Gestern ist das Stück Dr.Schnabels per unfrank. Post
1022 850 2829 1013 bei mir eingetroffen: wegen Ueberhäufung konnte es von Blumenthal
1030 962 2897 1085 gar nicht gelesen werden. Was soll nun geschehn?“ - Ich habe mir bei
2372 1047 2488 1107 G.C.F.P
1013 1032 2868 1192 Schick sofort den Brief Bl.'s erbeten, den Sie dann gleich erhalten,
845 1034 962 1216 P.
1022 1143 2895 1279 aber zu weiteren Entschliessungen brauchen wir ihn ja nicht. Keines-
1020 1228 2888 1381 falls haben Sie einen Grund verstimmt zu sein - Höchstens über einen
1013 1328 2815 1480 menschlichen Irrthum; - es ist Ihnen schon wieder einmal passirt
1015 1417 2905 1555 einen Theaterdirector für ein literarisches Individuum zu halten. Wa-
1010 1485 2854 1645 rum sag ich: literarisches - verlässliches, nein,- anständiges. - Die
998 1594 2805 1735 Idse der Pseudonymität war offenbar nicht einmal so gut - aus ich
1005 1693 2892 1841 geglaubt habe;- und Sie wissen, sehr viel hab ich mir davon nicht ver-
1008 1771 2856 1933 sprochen. Ich finde, Sie überschätzen die Neue Presse und Sie unter-
1003 1868 2856 2018 schätzen sich. Ich begreife es wirklich nicht, dass man aus einem Na-
979 1955 2863 2062 men, aus einer Stellung, die man sich doch durch nichts anderes erwor-
993 2042 2820 2197 ben hat als durch den Werth seiner Leistungen, nicht wenigstens den
991 2139 2885 2292 Vortheil ziehen sollte, sich in einer diesem Namen und dieser Stellung
984 2224 2781 2326 entsprechenden Weise von jedermann empfangen zu lassen. Ihnen, der
979 2318 2900 2466 nicht nur eine absolut erste Stellung als Meister des deutschen Feuil-
971 2403 2876 2548 letons im höchsten Sinne (mit dem Heimath-Feuilleton war ich übrigens
969 2488 2851 2655 nicht ganz einverstanden) einnimmt, sondern der auch mit einer Anzahl
971 2582 2873 2713 von Stücken erfolgreich aufgetreten, der mit zweien sogar im ständigen
964 2674 2900 2808 Repertoire der ersten deutschen Bühne steht - Ihnen wird kein vernünf-
957 2783 2902 2934 tiger Mensch nachsagen, dass Sie eine eventuelle Aufführung eines neuen
959 2863 2791 3026 Stückes Ihrer - Stellung als Correspondent der H.Fr.Pr. verdanken.
964 2958 2854 3147 Es ist ja geradezu komisch, Ja wenn die###seudonymität nichts anderes
