<?xml version="1.0" encoding="UTF-8" standalone="yes"?>
<PcGts xmlns="http://schema.primaresearch.org/PAGE/gts/pagecontent/2013-07-15" xmlns:xsi="http://www.w3.org/2001/XMLSchema-instance" xsi:schemaLocation="http://schema.primaresearch.org/PAGE/gts/pagecontent/2013-07-15 http://schema.primaresearch.org/PAGE/gts/pagecontent/2013-07-15/pagecontent.xsd">
    <Metadata>
        <Creator>prov=READ-COOP:name=TrHtr:version=2.1.0:model_id=51170:date=25_07_2023_03:46</Creator>
        <Created>2023-05-01T21:55:00.029+02:00</Created>
        <LastChange>2023-07-25T03:46:16.476+02:00</LastChange>
        <TranskribusMetadata docId="1416431" pageId="54946018" pageNr="46" tsid="130582459" status="IN_PROGRESS" userId="64420" imgUrl="https://files.transkribus.eu/Get?id=XMEXPAQMXFBJRWBKYWASPQHI&amp;fileType=view" xmlUrl="https://files.transkribus.eu/Get?id=VCADBTPCECMQQTKFSAXZOFGC" imageId="44450103"/>
    </Metadata>
    <Page imageFilename="1416431_0046.jpg" imageWidth="3210" imageHeight="3493">
        <ReadingOrder>
            <OrderedGroup id="ro_1711831948767" caption="Regions reading order">
                <RegionRefIndexed index="0" regionRef="tr_1"/>
                <RegionRefIndexed index="1" regionRef="tr_2"/>
            </OrderedGroup>
        </ReadingOrder>
        <TextRegion id="tr_1" custom="readingOrder {index:0;}">
            <Coords points="829,158 2671,158 2671,1463 829,1463"/>
            <TextLine id="tr_1_tl_1" custom="readingOrder {index:0;}">
                <Coords points="1497,270 1567,256 1613,279 1631,267 1714,276 1762,304 1783,290 1912,290 1898,60 1654,62 1564,164 1491,161"/>
                <Baseline points="1507,208 1552,214 1597,214 1642,214 1686,217 1731,220 1776,223 1821,229 1865,232 1910,232 1916,232"/>
                <TextEquiv>
                    <Unicode>Mikkelinen.</Unicode>
                </TextEquiv>
            </TextLine>
            <TextLine id="tr_1_tl_2" custom="readingOrder {index:1;}">
                <Coords points="1484,500 1511,493 1546,514 1562,509 1571,516 1578,511 1587,516 1608,493 1624,495 1617,382 1580,392 1571,403 1534,419 1479,415"/>
                <Baseline points="1495,474 1540,474 1585,480 1630,480"/>
                <TextEquiv>
                    <Unicode>-43-</Unicode>
                </TextEquiv>
            </TextLine>
            <TextLine id="tr_1_tl_3" custom="readingOrder {index:2;}">
                <Coords points="2142,684 2175,675 2191,682 2221,677 2248,689 2271,680 2313,696 2352,684 2350,592 2327,590 2308,571 2295,578 2265,569 2244,574 2216,562 2193,571 2163,551 2140,560"/>
                <Baseline points="2155,623 2200,626 2245,623 2289,626 2334,629 2358,629"/>
                <TextEquiv>
                    <Unicode>9.3.95.</Unicode>
                </TextEquiv>
            </TextLine>
            <TextLine id="tr_1_tl_4" custom="readingOrder {index:3;}">
                <Coords points="1145,682 1161,687 1168,677 1180,680 1196,668 1216,666 1260,693 1281,693 1276,569 1230,564 1205,576 1186,567 1140,574"/>
                <Baseline points="1155,650 1200,653 1244,656 1283,653"/>
                <TextEquiv>
                    <Unicode>P:A:</Unicode>
                </TextEquiv>
            </TextLine>
            <TextLine id="tr_1_tl_5" custom="readingOrder {index:4;}">
                <Coords points="1663,693 1677,691 1684,700 1709,698 1721,691 1728,698 1742,700 1751,700 1760,693 1776,696 1778,629 1758,627 1749,631 1742,622 1735,627 1709,622 1689,631 1682,622 1666,622"/>
                <Baseline points="1677,689 1689,686 1734,683 1779,683"/>
                <TextEquiv>
                    <Unicode>26</Unicode>
                </TextEquiv>
            </TextLine>
            <TextLine id="tr_1_tl_6" custom="readingOrder {index:5;}">
                <Coords points="832,742 974,758 1044,786 1099,756 1203,751 1373,774 1373,710 1295,684 1249,693 1207,668 1168,684 1101,666 1055,687 1030,668 963,677 940,661 829,657"/>
                <Baseline points="844,734 889,737 934,737 979,737 1024,740 1068,740 1113,740 1158,740 1203,743 1247,743 1292,743 1337,746 1379,749"/>
                <TextEquiv>
                    <Unicode>Mein lieber Freund.</Unicode>
                </TextEquiv>
            </TextLine>
            <TextLine id="tr_1_tl_7" custom="readingOrder {index:6;}">
                <Coords points="836,882 2594,917 2592,825 834,783"/>
                <Baseline points="850,871 895,871 940,874 985,874 1029,874 1074,877 1119,877 1164,877 1209,880 1253,880 1298,883 1343,883 1388,883 1433,883 1477,886 1522,886 1567,886 1612,886 1656,886 1701,889 1746,886 1791,889 1836,886 1880,889 1925,889 1970,892 2015,892 2059,892 2104,892 2149,892 2194,895 2239,898 2283,898 2328,898 2373,898 2418,898 2463,898 2507,898 2552,898 2597,901"/>
                <TextEquiv>
                    <Unicode>Der Tritt ist gegeben. Sagen Sie mir für alle Fälle, was ich nach</Unicode>
                </TextEquiv>
            </TextLine>
            <TextLine id="tr_1_tl_8" custom="readingOrder {index:7;}">
                <Coords points="834,1000 2612,1030 2610,919 832,926"/>
                <Baseline points="847,964 892,964 937,964 982,964 1027,964 1071,967 1116,967 1161,970 1206,970 1250,970 1295,973 1340,970 1385,973 1430,973 1474,973 1519,976 1564,976 1609,979 1653,979 1698,979 1743,979 1788,979 1833,979 1877,979 1922,979 1967,979 2012,982 2056,985 2101,985 2146,985 2191,985 2236,985 2280,985 2325,985 2370,988 2415,988 2460,988 2504,991 2549,991 2594,988 2618,988"/>
                <TextEquiv>
                    <Unicode>einem "Nein" zu thun habe, um jeden überflüssigen Aufschub zu ver-</Unicode>
                </TextEquiv>
            </TextLine>
            <TextLine id="tr_1_tl_9" custom="readingOrder {index:8;}">
                <Coords points="822,1064 2617,1106 2617,1032 2539,1011 822,1021"/>
                <Baseline points="835,1056 880,1056 925,1056 970,1059 1015,1062 1059,1062 1104,1062 1149,1062 1194,1062 1238,1065 1283,1065 1328,1065 1373,1068 1418,1068 1462,1068 1507,1068 1552,1071 1597,1068 1642,1071 1686,1071 1731,1071 1776,1071 1821,1071 1865,1074 1910,1074 1955,1074 2000,1077 2045,1077 2089,1077 2134,1077 2179,1077 2224,1077 2268,1077 2313,1080 2358,1080 2403,1080 2448,1083 2492,1083 2537,1086 2582,1083 2621,1086"/>
                <TextEquiv>
                    <Unicode>meiden. In ein paar Tagen schreib ich Ihnen dann ausführlich. Ich</Unicode>
                </TextEquiv>
            </TextLine>
            <TextLine id="tr_1_tl_10" custom="readingOrder {index:9;}">
                <Coords points="816,1161 2594,1198 2594,1108 2513,1103 816,1099"/>
                <Baseline points="829,1155 874,1155 919,1155 964,1155 1009,1155 1053,1155 1098,1158 1143,1158 1188,1158 1232,1161 1277,1161 1322,1161 1367,1164 1412,1164 1456,1164 1501,1164 1546,1167 1591,1167 1636,1167 1680,1167 1725,1167 1770,1167 1815,1167 1859,1170 1904,1170 1949,1170 1994,1170 2039,1173 2083,1173 2128,1173 2173,1173 2218,1173 2262,1173 2307,1173 2352,1173 2397,1176 2442,1176 2486,1176 2531,1179 2576,1182 2600,1182"/>
                <TextEquiv>
                    <Unicode>halt' es für sehr möglich, dass Sie und ich am selben in der Burg</Unicode>
                </TextEquiv>
            </TextLine>
            <TextLine id="tr_1_tl_11" custom="readingOrder {index:10;}">
                <Coords points="816,1272 2668,1292 2668,1214 2437,1191 816,1168"/>
                <Baseline points="829,1244 874,1247 919,1247 964,1247 1009,1247 1053,1247 1098,1250 1143,1250 1188,1253 1232,1253 1277,1253 1322,1253 1367,1253 1412,1256 1456,1256 1501,1256 1546,1256 1591,1256 1636,1259 1680,1259 1725,1259 1770,1259 1815,1259 1859,1259 1904,1259 1949,1259 1994,1262 2039,1262 2083,1262 2128,1265 2173,1262 2218,1262 2262,1265 2307,1265 2352,1265 2397,1265 2442,1268 2486,1268 2531,1268 2576,1268 2621,1271 2666,1271 2671,1274"/>
                <TextEquiv>
                    <Unicode>drankommen. Denn es scheint, die nächste Novität sind die Verbotenen</Unicode>
                </TextEquiv>
            </TextLine>
            <TextLine id="tr_1_tl_12" custom="readingOrder {index:11;}">
                <Coords points="822,1345 2555,1368 2553,1288 820,1288"/>
                <Baseline points="835,1337 880,1340 925,1340 970,1340 1015,1340 1059,1340 1104,1340 1149,1343 1194,1343 1238,1343 1283,1346 1328,1346 1373,1346 1418,1346 1462,1346 1507,1346 1552,1346 1597,1349 1642,1349 1686,1349 1731,1349 1776,1349 1821,1352 1865,1352 1910,1352 1955,1352 2000,1355 2045,1355 2089,1355 2134,1355 2179,1355 2224,1355 2268,1355 2313,1358 2358,1358 2403,1358 2448,1358 2492,1361 2537,1364 2561,1364"/>
                <TextEquiv>
                    <Unicode>Früchte von Cervantes - und gerade wir zwei blieben noch übrig,</Unicode>
                </TextEquiv>
            </TextLine>
            <TextLine id="tr_1_tl_13" custom="readingOrder {index:12;}">
                <Coords points="825,1444 2541,1472 2541,1410 2331,1375 2129,1415 1408,1355 825,1375"/>
                <Baseline points="838,1427 883,1427 928,1430 973,1430 1018,1430 1062,1430 1107,1433 1152,1433 1197,1433 1241,1433 1286,1436 1331,1436 1376,1436 1421,1436 1465,1436 1510,1436 1555,1438 1600,1438 1644,1438 1689,1438 1734,1438 1779,1441 1824,1441 1868,1441 1913,1444 1958,1444 2003,1444 2048,1444 2092,1444 2137,1444 2182,1444 2227,1444 2271,1447 2316,1447 2361,1447 2406,1450 2451,1450 2495,1450 2540,1453 2546,1453"/>
                <TextEquiv>
                    <Unicode>Burckhard zu sprechen vermeide ich seit Wochen - mir kommt vor,</Unicode>
                </TextEquiv>
            </TextLine>
        </TextRegion>
        <TextRegion id="tr_2" custom="readingOrder {index:1;}">
            <Coords points="809,1472 2654,1472 2654,2359 809,2359"/>
            <TextLine id="tr_2_tl_1" custom="readingOrder {index:0;}">
                <Coords points="816,1555 2587,1580 2587,1481 816,1470"/>
                <Baseline points="829,1525 874,1522 919,1522 964,1522 1009,1522 1053,1522 1098,1522 1143,1522 1188,1522 1232,1522 1277,1522 1322,1522 1367,1525 1412,1525 1456,1525 1501,1525 1546,1528 1591,1528 1636,1528 1680,1528 1725,1528 1770,1528 1815,1531 1859,1531 1904,1534 1949,1531 1994,1534 2039,1534 2083,1534 2128,1537 2173,1537 2218,1537 2262,1537 2307,1537 2352,1537 2397,1537 2442,1537 2486,1537 2531,1540 2576,1543 2591,1543"/>
                <TextEquiv>
                    <Unicode>jeder freundliche Gruss müsste ihm wie eine Frage vorkommen: "Na</Unicode>
                </TextEquiv>
            </TextLine>
            <TextLine id="tr_2_tl_2" custom="readingOrder {index:1;}">
                <Coords points="813,1629 986,1636 1064,1610 1168,1617 1212,1645 1249,1626 1389,1631 1433,1626 1433,1569 1322,1576 1256,1541 1233,1564 1189,1553 1108,1583 813,1576"/>
                <Baseline points="826,1612 856,1609 901,1609 946,1609 991,1609 1035,1612 1080,1609 1125,1609 1170,1612 1215,1612 1259,1612 1304,1612 1349,1615 1394,1612 1438,1609"/>
                <TextEquiv>
                    <Unicode>also was ist mit mir?"</Unicode>
                </TextEquiv>
            </TextLine>
            <TextLine id="tr_2_tl_3" custom="readingOrder {index:2;}">
                <Coords points="811,1721 2652,1730 2652,1675 2373,1645 811,1645"/>
                <Baseline points="823,1698 868,1698 913,1698 958,1698 1003,1698 1047,1698 1092,1701 1137,1701 1182,1701 1227,1701 1271,1704 1316,1704 1361,1704 1406,1704 1450,1704 1495,1707 1540,1707 1585,1707 1630,1707 1674,1707 1719,1710 1764,1710 1809,1710 1853,1713 1898,1713 1943,1713 1988,1713 2033,1713 2077,1713 2122,1713 2167,1713 2212,1716 2257,1716 2301,1719 2346,1716 2391,1719 2436,1719 2480,1719 2525,1719 2570,1719 2615,1719 2654,1722"/>
                <TextEquiv>
                    <Unicode>gearbeitet hab ich die letzten Wochen ja Monate rein nichts. Innere</Unicode>
                </TextEquiv>
            </TextLine>
            <TextLine id="tr_2_tl_4" custom="readingOrder {index:3;}">
                <Coords points="811,1797 2559,1845 2516,1749 809,1721"/>
                <Baseline points="823,1785 868,1791 913,1788 958,1791 1003,1791 1047,1788 1092,1791 1137,1791 1182,1791 1227,1791 1271,1794 1316,1794 1361,1794 1406,1797 1450,1797 1495,1797 1540,1797 1585,1797 1630,1797 1674,1797 1719,1797 1764,1800 1809,1800 1853,1800 1898,1803 1943,1803 1988,1803 2033,1803 2077,1803 2122,1806 2167,1806 2212,1806 2257,1806 2301,1809 2346,1809 2391,1809 2436,1809 2480,1809 2525,1812 2564,1809"/>
                <TextEquiv>
                    <Unicode>Verdriesslichkeiten - an sich nicht mehr bedeutend als Zahnweh</Unicode>
                </TextEquiv>
            </TextLine>
            <TextLine id="tr_2_tl_5" custom="readingOrder {index:4;}">
                <Coords points="809,1905 2622,1912 2536,1843 806,1815"/>
                <Baseline points="821,1880 865,1880 910,1880 955,1880 1000,1880 1044,1880 1089,1880 1134,1880 1179,1880 1224,1883 1268,1883 1313,1883 1358,1883 1403,1883 1447,1883 1492,1883 1537,1883 1582,1886 1627,1886 1671,1886 1716,1886 1761,1889 1806,1889 1850,1892 1895,1892 1940,1892 1985,1892 2030,1892 2074,1895 2119,1895 2164,1895 2209,1895 2254,1895 2298,1895 2343,1898 2388,1898 2433,1898 2477,1901 2522,1898 2567,1898 2612,1901 2627,1901"/>
                <TextEquiv>
                    <Unicode>aber können Sie mit Zahnweh arbeiten? Aber ich hoffe auf den Früh-</Unicode>
                </TextEquiv>
            </TextLine>
            <TextLine id="tr_2_tl_6" custom="readingOrder {index:5;}">
                <Coords points="806,1981 933,2009 1030,1981 1230,2011 1288,1981 1560,2004 1610,1988 1608,1910 1368,1940 1198,1910 1136,1937 970,1914 922,1933 859,1905 804,1931"/>
                <Baseline points="818,1973 862,1970 907,1970 952,1970 997,1970 1041,1970 1086,1973 1131,1973 1176,1973 1221,1973 1265,1973 1310,1976 1355,1976 1400,1976 1444,1976 1489,1976 1534,1976 1579,1979 1615,1979"/>
                <TextEquiv>
                    <Unicode>ling und mancherlei anderes.</Unicode>
                </TextEquiv>
            </TextLine>
            <TextLine id="tr_2_tl_7" custom="readingOrder {index:6;}">
                <Coords points="799,2076 2596,2119 2573,2030 2168,2000 799,2023"/>
                <Baseline points="812,2059 856,2059 901,2062 946,2062 991,2062 1035,2062 1080,2062 1125,2062 1170,2065 1215,2068 1259,2068 1304,2065 1349,2065 1394,2065 1438,2065 1483,2065 1528,2065 1573,2068 1618,2068 1662,2068 1707,2068 1752,2071 1797,2071 1842,2071 1886,2071 1931,2071 1976,2077 2021,2077 2065,2077 2110,2077 2155,2077 2200,2074 2245,2074 2289,2077 2334,2080 2379,2080 2424,2080 2468,2080 2513,2080 2558,2080 2597,2083"/>
                <TextEquiv>
                    <Unicode>Leben Sie wohl, seien Sie vielmals herzlich gegrüsst und schreiben</Unicode>
                </TextEquiv>
            </TextLine>
            <TextLine id="tr_2_tl_8" custom="readingOrder {index:7;}">
                <Coords points="797,2179 827,2170 845,2182 862,2168 878,2175 926,2163 970,2189 977,2182 991,2191 1016,2170 1048,2172 1048,2110 995,2106 986,2113 970,2103 958,2115 935,2096 917,2110 896,2096 885,2108 839,2106 827,2094 797,2101"/>
                <Baseline points="809,2149 853,2152 898,2152 943,2152 988,2152 1032,2152 1053,2152"/>
                <TextEquiv>
                    <Unicode>Sie bald</Unicode>
                </TextEquiv>
            </TextLine>
            <TextLine id="tr_2_tl_9" custom="readingOrder {index:8;}">
                <Coords points="1431,2260 1461,2255 1495,2269 1520,2262 1541,2274 1553,2265 1576,2274 1601,2269 1599,2189 1569,2184 1560,2193 1541,2193 1534,2186 1520,2195 1465,2166 1428,2177"/>
                <Baseline points="1441,2248 1486,2245 1531,2248 1576,2248 1603,2251"/>
                <TextEquiv>
                    <Unicode>Ihrem</Unicode>
                </TextEquiv>
            </TextLine>
            <TextLine id="tr_2_tl_10" custom="readingOrder {index:9;}">
                <Coords points="1668,2366 1712,2357 1739,2371 1767,2361 1788,2368 1808,2354 1848,2361 1871,2352 1933,2375 1951,2394 2000,2394 2000,2297 1949,2290 1924,2269 1875,2258 1778,2292 1744,2271 1707,2269 1668,2290"/>
                <Baseline points="1680,2346 1725,2340 1770,2343 1815,2343 1859,2343 1904,2346 1949,2346 1994,2349 2006,2349"/>
                <TextEquiv>
                    <Unicode>Arth. Sohn.</Unicode>
                </TextEquiv>
            </TextLine>
        </TextRegion>
    </Page>
</PcGts>
