<?xml version="1.0" encoding="UTF-8" standalone="yes"?>
<PcGts xmlns="http://schema.primaresearch.org/PAGE/gts/pagecontent/2013-07-15" xmlns:xsi="http://www.w3.org/2001/XMLSchema-instance" xsi:schemaLocation="http://schema.primaresearch.org/PAGE/gts/pagecontent/2013-07-15 http://schema.primaresearch.org/PAGE/gts/pagecontent/2013-07-15/pagecontent.xsd">
    <Metadata>
        <Creator>prov=READ-COOP:name=TrHtr:version=2.1.0:model_id=51170:date=25_07_2023_03:46</Creator>
        <Created>2023-05-01T21:54:56.098+02:00</Created>
        <LastChange>2023-07-25T03:46:09.911+02:00</LastChange>
        <TranskribusMetadata docId="1416431" pageId="54945927" pageNr="22" tsid="130582413" status="IN_PROGRESS" userId="64420" imgUrl="https://files.transkribus.eu/Get?id=VQSHUKWLBDWOAEHMYZSBWEZU&amp;fileType=view" xmlUrl="https://files.transkribus.eu/Get?id=NAIKYRTQLTYNOGZHIXAKQKCH" imageId="44450012"/>
    </Metadata>
    <Page imageFilename="1416431_0022.jpg" imageWidth="3174" imageHeight="3624">
        <ReadingOrder>
            <OrderedGroup id="ro_1711831929533" caption="Regions reading order">
                <RegionRefIndexed index="0" regionRef="tr_1"/>
                <RegionRefIndexed index="1" regionRef="tr_2"/>
            </OrderedGroup>
        </ReadingOrder>
        <TextRegion id="tr_1" custom="readingOrder {index:0;}">
            <Coords points="591,385 2486,385 2486,2102 591,2102"/>
            <TextLine id="tr_1_tl_1" custom="readingOrder {index:0;}">
                <Coords points="1717,463 1743,468 1757,456 1769,466 1793,447 1802,456 1856,447 1887,475 1898,463 1922,468 1955,494 2000,482 2004,336 1941,351 1917,343 1866,372 1847,358 1826,362 1807,343 1755,353 1722,339"/>
                <Baseline points="1731,444 1737,444 1782,441 1826,444 1871,441 1916,438 1961,435 2006,438"/>
                <TextEquiv>
                    <Unicode>V. F.</Unicode>
                </TextEquiv>
            </TextLine>
            <TextLine id="tr_1_tl_2" custom="readingOrder {index:1;}">
                <Coords points="1313,602 1334,607 1343,600 1350,605 1367,593 1376,600 1386,595 1390,602 1404,593 1412,595 1433,576 1447,579 1449,482 1402,482 1386,475 1379,480 1346,452 1317,447"/>
                <Baseline points="1328,540 1373,540 1417,537 1453,540"/>
                <TextEquiv>
                    <Unicode>-19-</Unicode>
                </TextEquiv>
            </TextLine>
            <TextLine id="tr_1_tl_3" custom="readingOrder {index:2;}">
                <Coords points="579,718 663,725 696,703 758,694 901,703 901,590 882,598 854,586 837,598 816,583 786,609 748,612 732,595 715,607 640,600 612,623 579,623"/>
                <Baseline points="591,686 635,686 680,683 725,683 770,683 814,683 859,686 904,689 907,689"/>
                <TextEquiv>
                    <Unicode>(10.11.94).</Unicode>
                </TextEquiv>
            </TextLine>
            <TextLine id="tr_1_tl_4" custom="readingOrder {index:3;}">
                <Coords points="595,835 2477,819 2477,710 2400,680 1416,748 598,722"/>
                <Baseline points="608,817 644,820 689,817 734,817 779,817 823,817 868,817 913,817 958,817 1003,814 1047,814 1092,814 1137,814 1182,814 1226,814 1271,814 1316,814 1361,814 1406,814 1450,814 1495,814 1540,814 1585,811 1629,811 1674,808 1719,808 1764,805 1809,808 1853,805 1898,805 1943,805 1988,805 2032,803 2077,803 2122,805 2167,803 2212,805 2256,805 2301,803 2346,803 2391,800 2435,800 2480,803"/>
                <TextEquiv>
                    <Unicode>ein oder oder zwei oder dreimal abgelehnte Stück haben. Ob es nicht,</Unicode>
                </TextEquiv>
            </TextLine>
            <TextLine id="tr_1_tl_5" custom="readingOrder {index:4;}">
                <Coords points="600,922 2065,896 2120,948 2308,948 2352,847 602,833"/>
                <Baseline points="614,907 656,910 701,910 746,910 791,907 835,910 880,910 925,910 970,907 1014,907 1059,907 1104,907 1149,907 1194,907 1238,907 1283,907 1328,910 1373,907 1417,907 1462,904 1507,904 1552,901 1597,901 1641,901 1686,898 1731,898 1776,898 1820,898 1865,898 1910,898 1955,895 2000,895 2044,895 2089,895 2134,892 2179,895 2223,892 2268,892 2313,892 2358,892"/>
                <TextEquiv>
                    <Unicode>wenn auch etwas mühseliger, doch praktischer ist, das Stück immer</Unicode>
                </TextEquiv>
            </TextLine>
            <TextLine id="tr_1_tl_6" custom="readingOrder {index:5;}">
                <Coords points="605,1016 2454,1000 2454,925 2080,955 1811,896 605,920"/>
                <Baseline points="617,1003 623,1000 668,1003 713,1000 758,1000 803,1000 847,1000 892,1000 937,1000 982,997 1026,997 1071,997 1116,997 1161,997 1206,997 1250,997 1295,997 1340,997 1385,994 1429,994 1474,994 1519,994 1564,994 1609,994 1653,991 1698,991 1743,988 1788,988 1832,988 1877,988 1922,988 1967,985 2012,985 2056,988 2101,985 2146,985 2191,985 2235,985 2280,982 2325,982 2370,982 2415,979 2459,982"/>
                <TextEquiv>
                    <Unicode>wieder an den Notar zurückbefördern zu lassen? Noch eins. Ich kann</Unicode>
                </TextEquiv>
            </TextLine>
            <TextLine id="tr_1_tl_7" custom="readingOrder {index:6;}">
                <Coords points="600,1103 1974,1077 2456,1139 2482,1023 600,1037"/>
                <Baseline points="614,1092 650,1092 695,1092 740,1089 785,1089 829,1089 874,1089 919,1089 964,1089 1008,1089 1053,1089 1098,1086 1143,1089 1188,1086 1232,1086 1277,1086 1322,1086 1367,1086 1411,1083 1456,1083 1501,1083 1546,1083 1591,1083 1635,1080 1680,1080 1725,1080 1770,1077 1814,1077 1859,1077 1904,1077 1949,1077 1994,1074 2038,1074 2083,1074 2128,1074 2173,1071 2217,1074 2262,1071 2307,1071 2352,1071 2397,1071 2441,1071 2486,1071"/>
                <TextEquiv>
                    <Unicode>mir denken, dass die betr. Direction sich wirklich binnen vier Wochen</Unicode>
                </TextEquiv>
            </TextLine>
            <TextLine id="tr_1_tl_8" custom="readingOrder {index:7;}">
                <Coords points="600,1195 2444,1204 2444,1132 2360,1113 600,1103"/>
                <Baseline points="614,1185 659,1185 704,1185 749,1182 794,1182 838,1182 883,1182 928,1182 973,1182 1017,1179 1062,1179 1107,1179 1152,1182 1197,1179 1241,1179 1286,1179 1331,1179 1376,1176 1420,1176 1465,1176 1510,1176 1555,1176 1600,1176 1644,1173 1689,1173 1734,1173 1779,1170 1823,1170 1868,1170 1913,1170 1958,1167 2003,1170 2047,1167 2092,1167 2137,1167 2182,1164 2226,1164 2271,1164 2316,1164 2361,1164 2406,1164 2450,1167"/>
                <TextEquiv>
                    <Unicode>entscheidet - obwohl man da nur an die Anständigkeit der Direction,</Unicode>
                </TextEquiv>
            </TextLine>
            <TextLine id="tr_1_tl_9" custom="readingOrder {index:8;}">
                <Coords points="600,1294 2004,1261 2444,1313 2421,1209 600,1209"/>
                <Baseline points="614,1277 659,1277 704,1274 749,1274 794,1274 838,1274 883,1274 928,1271 973,1271 1017,1271 1062,1271 1107,1271 1152,1271 1197,1271 1241,1268 1286,1268 1331,1268 1376,1268 1420,1268 1465,1268 1510,1268 1555,1268 1600,1265 1644,1265 1689,1265 1734,1262 1779,1262 1823,1259 1868,1259 1913,1259 1958,1259 2003,1259 2047,1256 2092,1256 2137,1256 2182,1256 2226,1253 2271,1256 2316,1253 2361,1253 2406,1253 2450,1253"/>
                <TextEquiv>
                    <Unicode>also eine sehr imaginäre Grösse appellieren kann – aber dass irgend</Unicode>
                </TextEquiv>
            </TextLine>
            <TextLine id="tr_1_tl_10" custom="readingOrder {index:9;}">
                <Coords points="600,1379 2425,1355 2397,1299 1597,1329 1475,1270 602,1303"/>
                <Baseline points="614,1367 641,1370 686,1367 731,1364 776,1364 820,1364 865,1364 910,1364 955,1364 1000,1364 1044,1364 1089,1364 1134,1364 1179,1361 1223,1361 1268,1361 1313,1358 1358,1358 1403,1358 1447,1358 1492,1355 1537,1355 1582,1355 1626,1355 1671,1352 1716,1352 1761,1352 1806,1352 1850,1352 1895,1352 1940,1349 1985,1349 2029,1346 2074,1349 2119,1346 2164,1346 2209,1346 2253,1343 2298,1343 2343,1343 2388,1343 2432,1340"/>
                <TextEquiv>
                    <Unicode>eine Direction die Verpflichtung übernimmt, ein eingereichtes Stück</Unicode>
                </TextEquiv>
            </TextLine>
            <TextLine id="tr_1_tl_11" custom="readingOrder {index:10;}">
                <Coords points="607,1470 2416,1449 2416,1395 2324,1383 607,1386"/>
                <Baseline points="620,1456 632,1456 677,1459 722,1456 767,1456 811,1456 856,1456 901,1456 946,1456 991,1456 1035,1453 1080,1453 1125,1453 1170,1450 1214,1453 1259,1450 1304,1447 1349,1447 1394,1447 1438,1447 1483,1447 1528,1447 1573,1447 1617,1444 1662,1444 1707,1441 1752,1441 1797,1444 1841,1441 1886,1441 1931,1441 1976,1441 2020,1438 2065,1438 2110,1435 2155,1435 2200,1435 2244,1435 2289,1435 2334,1435 2379,1432 2423,1435"/>
                <TextEquiv>
                    <Unicode>innerhalb der nächsten 2 Monate aufzuführen, kann ich mir kaum vor-</Unicode>
                </TextEquiv>
            </TextLine>
            <TextLine id="tr_1_tl_12" custom="readingOrder {index:11;}">
                <Coords points="602,1567 1204,1546 1515,1623 1840,1550 2444,1553 2385,1468 605,1510"/>
                <Baseline points="617,1552 659,1552 704,1549 749,1549 794,1549 838,1549 883,1546 928,1546 973,1546 1017,1543 1062,1543 1107,1543 1152,1543 1197,1543 1241,1543 1286,1543 1331,1540 1376,1540 1420,1537 1465,1537 1510,1537 1555,1537 1600,1537 1644,1537 1689,1534 1734,1534 1779,1534 1823,1534 1868,1534 1913,1531 1958,1531 2003,1531 2047,1531 2092,1528 2137,1528 2182,1528 2226,1528 2271,1528 2316,1525 2361,1528 2406,1528 2450,1522"/>
                <TextEquiv>
                    <Unicode>stellen. Man gibt ihr sogar durch diese Clausel eine gar zu billige</Unicode>
                </TextEquiv>
            </TextLine>
            <TextLine id="tr_1_tl_13" custom="readingOrder {index:12;}">
                <Coords points="607,1651 753,1670 790,1649 868,1649 910,1666 946,1647 983,1661 1026,1637 1132,1656 1162,1649 1162,1593 1073,1600 1047,1579 826,1595 786,1576 680,1607 607,1604"/>
                <Baseline points="620,1641 629,1641 674,1638 719,1638 764,1638 808,1638 853,1638 898,1635 943,1635 988,1632 1032,1632 1077,1632 1122,1632 1167,1632"/>
                <TextEquiv>
                    <Unicode>Ausrede in die Hand.</Unicode>
                </TextEquiv>
            </TextLine>
            <TextLine id="tr_1_tl_14" custom="readingOrder {index:13;}">
                <Coords points="616,1741 1651,1750 2357,1715 2357,1675 1579,1644 616,1701"/>
                <Baseline points="629,1728 662,1728 707,1728 752,1728 797,1728 841,1728 886,1725 931,1725 976,1725 1020,1725 1065,1722 1110,1722 1155,1722 1200,1722 1244,1722 1289,1719 1334,1719 1379,1719 1423,1719 1468,1716 1513,1716 1558,1716 1603,1716 1647,1716 1692,1713 1737,1713 1782,1713 1826,1713 1871,1710 1916,1710 1961,1710 2006,1710 2050,1710 2095,1707 2140,1707 2185,1704 2229,1707 2274,1704 2319,1704 2364,1704"/>
                <TextEquiv>
                    <Unicode>- Ob die Pseudonym-Idee an sich Erfolg verspricht, ist schwer zu</Unicode>
                </TextEquiv>
            </TextLine>
            <TextLine id="tr_1_tl_15" custom="readingOrder {index:14;}">
                <Coords points="609,1837 2376,1821 2414,1741 609,1778"/>
                <Baseline points="623,1823 629,1820 674,1820 719,1817 764,1817 808,1817 853,1817 898,1817 943,1817 988,1814 1032,1814 1077,1814 1122,1814 1167,1812 1211,1812 1256,1809 1301,1809 1346,1809 1391,1809 1435,1809 1480,1806 1525,1806 1570,1806 1614,1806 1659,1806 1704,1806 1749,1803 1794,1803 1838,1803 1883,1800 1928,1800 1973,1800 2017,1800 2062,1800 2107,1800 2152,1797 2197,1797 2241,1797 2286,1794 2331,1797 2376,1794 2420,1794"/>
                <TextEquiv>
                    <Unicode>entscheiden. Sie müssen eben annehmen, dass das Werk selbst auf die</Unicode>
                </TextEquiv>
            </TextLine>
            <TextLine id="tr_1_tl_16" custom="readingOrder {index:15;}">
                <Coords points="609,1934 2155,1922 2378,1906 2381,1851 609,1856"/>
                <Baseline points="623,1910 638,1910 683,1910 728,1910 773,1910 817,1907 862,1907 907,1907 952,1904 997,1904 1041,1904 1086,1904 1131,1904 1176,1901 1220,1901 1265,1901 1310,1901 1355,1901 1400,1898 1444,1898 1489,1895 1534,1895 1579,1895 1623,1895 1668,1895 1713,1895 1758,1892 1803,1892 1847,1892 1892,1889 1937,1889 1982,1889 2026,1889 2071,1889 2116,1889 2161,1886 2206,1886 2250,1886 2295,1883 2340,1883 2385,1883"/>
                <TextEquiv>
                    <Unicode>Directoren so mächtig wirkt, dass u. s. w. u.s.w. Es steht in diesem</Unicode>
                </TextEquiv>
            </TextLine>
            <TextLine id="tr_1_tl_17" custom="readingOrder {index:16;}">
                <Coords points="607,2016 2343,2009 2376,1938 607,1962"/>
                <Baseline points="620,2000 632,2003 677,2000 722,2000 767,2000 811,2000 856,1997 901,1997 946,1997 991,1997 1035,1994 1080,1994 1125,1994 1170,1994 1214,1991 1259,1991 1304,1988 1349,1988 1394,1988 1438,1988 1483,1988 1528,1985 1573,1985 1617,1985 1662,1985 1707,1985 1752,1982 1797,1982 1841,1982 1886,1982 1931,1979 1976,1979 2020,1979 2065,1979 2110,1979 2155,1979 2200,1979 2244,1976 2289,1976 2334,1979 2379,1979"/>
                <TextEquiv>
                    <Unicode>Briefe schon so viel über die Directoren, dass es kaum nothwendig</Unicode>
                </TextEquiv>
            </TextLine>
            <TextLine id="tr_1_tl_18" custom="readingOrder {index:17;}">
                <Coords points="607,2094 2355,2080 2296,2000 609,2028"/>
                <Baseline points="620,2092 659,2092 704,2092 749,2092 794,2089 838,2089 883,2089 928,2086 973,2086 1017,2086 1062,2086 1107,2083 1152,2083 1197,2080 1241,2080 1286,2080 1331,2080 1376,2080 1420,2077 1465,2077 1510,2077 1555,2077 1600,2074 1644,2074 1689,2074 1734,2074 1779,2074 1823,2071 1868,2071 1913,2071 1958,2071 2003,2071 2047,2068 2092,2068 2137,2068 2182,2068 2226,2065 2271,2065 2316,2065 2361,2062"/>
                <TextEquiv>
                    <Unicode>ist, ihnen das letzte und traurigste Epitheton zu ersparen: dass</Unicode>
                </TextEquiv>
            </TextLine>
        </TextRegion>
        <TextRegion id="tr_2" custom="readingOrder {index:1;}">
            <Coords points="620,2105 2501,2105 2501,3111 620,3111"/>
            <TextLine id="tr_2_tl_1" custom="readingOrder {index:0;}">
                <Coords points="607,2200 2496,2185 2496,2115 609,2155"/>
                <Baseline points="620,2185 665,2185 710,2182 755,2182 800,2182 844,2179 889,2179 934,2176 979,2176 1023,2176 1068,2176 1113,2173 1158,2173 1203,2173 1247,2173 1292,2170 1337,2170 1382,2170 1426,2170 1471,2167 1516,2167 1561,2167 1606,2167 1650,2164 1695,2164 1740,2164 1785,2164 1829,2164 1874,2161 1919,2161 1964,2161 2009,2158 2053,2158 2098,2158 2143,2158 2188,2158 2232,2158 2277,2158 2322,2155 2367,2155 2412,2155 2456,2158 2501,2161"/>
                <TextEquiv>
                    <Unicode>sie von der Güte eines echten Stücks doch wohl nicht viel verstehen,</Unicode>
                </TextEquiv>
            </TextLine>
            <TextLine id="tr_2_tl_2" custom="readingOrder {index:1;}">
                <Coords points="638,2298 2249,2284 2402,2270 2404,2211 640,2230"/>
                <Baseline points="650,2271 662,2274 707,2274 752,2271 797,2271 841,2271 886,2268 931,2268 976,2268 1020,2265 1065,2265 1110,2265 1155,2262 1200,2262 1244,2262 1289,2262 1334,2259 1379,2259 1423,2259 1468,2259 1513,2256 1558,2256 1603,2256 1647,2256 1692,2256 1737,2253 1782,2253 1826,2253 1871,2253 1916,2253 1961,2250 2006,2250 2050,2250 2095,2250 2140,2247 2185,2247 2229,2247 2274,2247 2319,2244 2364,2247 2409,2244"/>
                <TextEquiv>
                    <Unicode>Blumenthal fürfte einen gewissen Blick fürs theatralische haben.</Unicode>
                </TextEquiv>
            </TextLine>
            <TextLine id="tr_2_tl_3" custom="readingOrder {index:2;}">
                <Coords points="607,2392 2381,2371 2432,2367 2432,2291 607,2317"/>
                <Baseline points="620,2367 647,2367 692,2367 737,2364 782,2364 826,2361 871,2361 916,2361 961,2361 1006,2358 1050,2358 1095,2355 1140,2355 1185,2355 1229,2355 1274,2352 1319,2352 1364,2352 1409,2352 1453,2352 1498,2349 1543,2349 1588,2349 1632,2346 1677,2346 1722,2346 1767,2346 1812,2346 1856,2346 1901,2343 1946,2343 1991,2343 2035,2340 2080,2343 2125,2343 2170,2340 2214,2340 2259,2340 2304,2337 2349,2337 2394,2337 2438,2340"/>
                <TextEquiv>
                    <Unicode>Brahm ist ein Herr mit Principien und kalten Fanatismen; für einen</Unicode>
                </TextEquiv>
            </TextLine>
            <TextLine id="tr_2_tl_4" custom="readingOrder {index:3;}">
                <Coords points="607,2477 2343,2456 2364,2376 607,2392"/>
                <Baseline points="620,2456 623,2456 668,2459 713,2456 758,2456 803,2453 847,2453 892,2450 937,2450 982,2450 1026,2450 1071,2447 1116,2447 1161,2447 1206,2447 1250,2444 1295,2444 1340,2444 1385,2444 1429,2444 1474,2441 1519,2441 1564,2441 1609,2441 1653,2438 1698,2438 1743,2438 1788,2438 1832,2438 1877,2435 1922,2435 1967,2435 2012,2435 2056,2432 2101,2432 2146,2432 2191,2429 2235,2429 2280,2429 2325,2429 2370,2426"/>
                <TextEquiv>
                    <Unicode>tiefen Versteher halt ich ihn nicht. Lautenburg ist einfach ein</Unicode>
                </TextEquiv>
            </TextLine>
            <TextLine id="tr_2_tl_5" custom="readingOrder {index:4;}">
                <Coords points="614,2557 2280,2555 2458,2538 2461,2475 616,2489"/>
                <Baseline points="626,2549 629,2549 674,2549 719,2546 764,2546 808,2546 853,2546 898,2543 943,2543 988,2540 1032,2540 1077,2540 1122,2540 1167,2540 1211,2537 1256,2537 1301,2537 1346,2534 1391,2534 1435,2534 1480,2534 1525,2534 1570,2531 1614,2531 1659,2531 1704,2531 1749,2528 1794,2528 1838,2528 1883,2528 1928,2525 1973,2525 2017,2525 2062,2522 2107,2522 2152,2522 2197,2522 2241,2522 2286,2522 2331,2522 2376,2519 2420,2519 2465,2519"/>
                <TextEquiv>
                    <Unicode>Dummkopf. Die "Freie Bühne" glaub ich, existirt gar nicht mehr. Wenn</Unicode>
                </TextEquiv>
            </TextLine>
            <TextLine id="tr_2_tl_6" custom="readingOrder {index:5;}">
                <Coords points="616,2658 2432,2647 2435,2552 616,2590"/>
                <Baseline points="629,2641 647,2641 692,2641 737,2641 782,2638 826,2638 871,2638 916,2635 961,2632 1006,2632 1050,2632 1095,2629 1140,2629 1185,2629 1229,2629 1274,2626 1319,2626 1364,2626 1409,2623 1453,2623 1498,2620 1543,2620 1588,2623 1632,2623 1677,2623 1722,2620 1767,2620 1812,2617 1856,2617 1901,2617 1946,2617 1991,2617 2035,2617 2080,2617 2125,2617 2170,2615 2214,2615 2259,2615 2304,2615 2349,2612 2394,2612 2438,2606"/>
                <TextEquiv>
                    <Unicode>es ein gerades und natürliches Verhältnis zwischen dem Werth eines</Unicode>
                </TextEquiv>
            </TextLine>
            <TextLine id="tr_2_tl_7" custom="readingOrder {index:6;}">
                <Coords points="640,2748 2454,2734 2454,2637 642,2672"/>
                <Baseline points="656,2731 668,2731 713,2728 758,2731 803,2731 847,2728 892,2728 937,2728 982,2725 1026,2725 1071,2725 1116,2725 1161,2725 1206,2722 1250,2722 1295,2719 1340,2719 1385,2719 1429,2719 1474,2719 1519,2716 1564,2719 1609,2716 1653,2716 1698,2716 1743,2716 1788,2713 1832,2713 1877,2713 1922,2713 1967,2710 2012,2710 2056,2710 2101,2710 2146,2710 2191,2707 2235,2707 2280,2707 2325,2707 2370,2704 2415,2704 2459,2704"/>
                <TextEquiv>
                    <Unicode>Stückes und der Annahme desselben gäbe, brauchte das alles freilich</Unicode>
                </TextEquiv>
            </TextLine>
            <TextLine id="tr_2_tl_8" custom="readingOrder {index:7;}">
                <Coords points="605,2854 2409,2816 2392,2729 607,2743"/>
                <Baseline points="620,2826 623,2826 668,2823 713,2823 758,2823 803,2820 847,2820 892,2820 937,2818 982,2818 1026,2818 1071,2815 1116,2815 1161,2815 1206,2812 1250,2815 1295,2815 1340,2812 1385,2812 1429,2809 1474,2809 1519,2809 1564,2809 1609,2809 1653,2809 1698,2806 1743,2806 1788,2806 1832,2806 1877,2806 1922,2803 1967,2806 2012,2803 2056,2803 2101,2803 2146,2803 2191,2803 2235,2800 2280,2800 2325,2797 2370,2797 2415,2794"/>
                <TextEquiv>
                    <Unicode>nicht besprochen zu werden. Und alles, was ich da gesagt habe, wis-</Unicode>
                </TextEquiv>
            </TextLine>
            <TextLine id="tr_2_tl_9" custom="readingOrder {index:8;}">
                <Coords points="614,2943 2416,2934 2437,2797 2291,2856 614,2839"/>
                <Baseline points="626,2916 647,2916 692,2916 737,2916 782,2916 826,2916 871,2913 916,2913 961,2910 1006,2910 1050,2910 1095,2907 1140,2907 1185,2907 1229,2904 1274,2904 1319,2904 1364,2904 1409,2901 1453,2901 1498,2901 1543,2901 1588,2898 1632,2901 1677,2898 1722,2898 1767,2895 1812,2895 1856,2895 1901,2895 1946,2895 1991,2895 2035,2895 2080,2895 2125,2892 2170,2892 2214,2892 2259,2892 2304,2895 2349,2892 2394,2889 2438,2886"/>
                <TextEquiv>
                    <Unicode>sen Sie, lieber Freund, so gut wie ich - aber man kommt so ins plau-</Unicode>
                </TextEquiv>
            </TextLine>
            <TextLine id="tr_2_tl_10" custom="readingOrder {index:9;}">
                <Coords points="609,3014 2383,3014 2414,2922 609,2957"/>
                <Baseline points="623,3009 626,3009 671,3009 716,3009 761,3009 805,3006 850,3006 895,3003 940,3003 985,3000 1029,3000 1074,3000 1119,3000 1164,2997 1208,2997 1253,2994 1298,2994 1343,2994 1388,2994 1432,2994 1477,2994 1522,2994 1567,2991 1611,2991 1656,2991 1701,2991 1746,2991 1791,2988 1835,2988 1880,2988 1925,2988 1970,2988 2014,2985 2059,2985 2104,2985 2149,2988 2194,2985 2238,2985 2283,2985 2328,2985 2373,2982 2417,2979"/>
                <TextEquiv>
                    <Unicode>dern. Dass Herr Albert Schnabel genau so auf mich zählen kann wie</Unicode>
                </TextEquiv>
            </TextLine>
            <TextLine id="tr_2_tl_11" custom="readingOrder {index:10;}">
                <Coords points="607,3112 2265,3124 2444,3105 2447,3011 607,3046"/>
                <Baseline points="620,3101 659,3101 704,3101 749,3101 794,3098 838,3098 883,3095 928,3095 973,3095 1017,3092 1062,3092 1107,3092 1152,3089 1197,3089 1241,3089 1286,3086 1331,3086 1376,3086 1420,3089 1465,3086 1510,3086 1555,3086 1600,3083 1644,3083 1689,3083 1734,3083 1779,3083 1823,3083 1868,3083 1913,3083 1958,3080 2003,3080 2047,3080 2092,3080 2137,3080 2182,3077 2226,3080 2271,3077 2316,3077 2361,3077 2406,3080 2450,3083"/>
                <TextEquiv>
                    <Unicode>Dr.Theodor Herzl, brauche ich wohl nicht noch einmal zu versichern.</Unicode>
                </TextEquiv>
            </TextLine>
        </TextRegion>
    </Page>
</PcGts>
