2829 3623
1307 529 1453 627 -24-
623 641 929 790 (17.11.94)
1549 636 1657 778 14
625 787 2465 895 (welches Sie doch aufrichtig ein "Trauerspiel" nennen sollten), sehr
625 867 2454 961 bald wieder zu lesen, und wenn Sie finden sollten, dass von den paar
632 952 2419 1108 Bemerkungen, die ich mir erlaubt habe, einige der Ueberlegung werth
625 1039 2426 1181 sind, so werde ich das vielleicht in der n채chsten Abschrift zu er-
625 1156 2456 1291 kennen imstande sein. Mein herzliches Vergn체gen, nach langen Jahren
629 1275 2467 1392 wieder einmal ein "Originalmanuscript" von Ihnen durchlesen zu d체r-
620 1360 1687 1479 fen, kann ich Ihnen nicht verschweigen.
632 1469 1742 1568 Seien Sie vielmals gegr체sst und bedankt.
1121 1545 1531 1668 Stets der Ihre
1501 1632 2005 1755 Arthur Schnitzler.
