3238 3624
1492 496 1632 605 —28—
1771 568 2202 730 Wien 15.12.94.
781 732 1189 848 Lieber Freund,
783 806 2512 992 die Adresse ist: Friedrich Schick, Wien III.Reisnerstrasse 35.-
790 929 2637 1061 Ich hoffe auch durch Soh. einen schreibmaschinkundigen Abschreiber
790 1034 2651 1140 zu bekommen, und dass alles so rasch als möglich besorgt wird, können
793 1101 2654 1226 Sie versichert sein. Avisieren Sie mich bitte 2 Tage vor Eintreffen
795 1228 2028 1337 des Mscr., so dass der Schreiber bereit ist,
795 1279 2575 1421 Die Glosse habe ich erhalten und habe eine grosse Freude gehabt,
800 1379 2579 1499 sie wiederzulesen. Oder wiederguhören; denn ich habe Ihre Stimme
795 1472 2552 1620 noch im Ohr gehabt. Nun, haben Sie nichts mehr damit versucht? -
804 1560 2656 1699 Ein vornehmes Theater hat doch eigentlich absolut keinen Grund, die-
809 1645 2635 1798 ses Stück nicht aufzuführen! Riskirt wird gar nichts, der literari-
816 1736 2658 1879 sche Erfolg ist sicher und ich muss sagen, dass auch die Bühnenwirk-
818 1824 2635 1954 samkeiten, wo gute Schauspieler sind, kaum in Frage steht. Haben Sie
816 1912 2593 2046 schon beim Deutschen Theater in Berlin versucht? Hübsch wär' es,
818 2023 2600 2160 wenn - beide am selben Abend gegeben würden - ob man da wohl den
848 2123 1812 2250 Verfasser des anonymen erriethe? -
823 2185 2524 2348 Seien Sie herzlich gegrüsst und verfügen Sie stets über mich.
1961 2313 2046 2385 P.S.
1286 2292 1930 2415 Ihr allezeit ergebener
1884 2364 2417 2484 Arthur Schnitzler.
