3210 3493
1661 217 1756 321 1, 1
1964 222 2082 305 1
1600 414 1758 511 -40-
973 523 1471 638 (18.2.95)
1683 538 1796 647 24
1378 656 1493 710 G.H.P.
975 636 2713 796 zwei ersteren kann ich die Hustie nehmen.- Ich stehe also weder
971 758 2713 842 mit der einen noch mit der andern Direction so, dass ich mit der
975 837 2765 977 Aussicht auf irgend welchen Erfolg die Vertretung eines psendony-
973 914 2765 1025 men Autors übernehmen könnte. Doch ist es selbstverständlich, dass
973 1011 2670 1111 ich, Arthur Schnitzler jederzeit für meinen in Paris weilenden
975 1115 2767 1210 Freund Dr.Theodor Herzl interveniren kann. Wollen Sie also meinen
975 1183 2706 1292 kurzen und klaren Rath? Lassen Sie Ihr Stück ohne weiteren Auf-
980 1301 2758 1389 schub unter Ihrem wahren Namen (etwa durch Schick, der das Maorpt.
984 1369 2663 1480 jetzt in Händen hat) an das Dtsch. Volkstheater senden. Haben
980 1475 2688 1570 Sie aber eine Vorliebe fürs Raimundtheater, so xx senden Sie es
986 1586 2692 1654 dorthin. Persönlich kann ich leichter mit Müller-Gutenbrunn in
980 1643 2717 1769 Angelegenheit Ihres Stücks verkehren als mit Bukovies, der aller
1002 1756 2738 1842 Wahrscheinlichkeit nach (wegen der Burg) sich verpflichtet füh-
975 1853 2715 1930 len wird, mir nicht angenehm sein zu wollen.- Sehr gut kenne ich
982 1941 2735 2032 auch den Regisseur des Rndtih., Herrn Langkammer, der, wie mir vor-
982 2025 2735 2124 kommt auch mancherlei dreinzureden hat und nebstbei ein sehr ge-
986 2120 2717 2208 scheidter Theatermensch ist. Verfügen Sie über mich, mein lieber
980 2208 2695 2299 Freund, ganz nach Belieben; - und gerathen Sie um Himmelswillen
989 2285 2733 2405 nicht in eine kleinmütige Stimmung - weil Sie wieder einmal die
1011 2403 2767 2491 Erfahrung gemacht haben, dass in den Theaterkanzleien ebenso sel-
984 2482 2806 2572 ten grosse Geister als liebenswürdige Menschen sitzen - wenigstens
984 2568 2681 2697 gegen "Unbekannte". Aber Sie sind wirklich wie ein Mensch, der
991 2672 2806 2763 durch eigene Kraft ein Vermögen erworben und plötzlich die Marotte
980 2738 2790 2882 hat, von den paar Kreuzern zu leben, mit denen er begann. Sie haben
993 2846 2369 2957 ein Recht dazu, auf einmal Coupons abzuschneiden! -
993 2914 2758 3034 - Mein Stück ist jetzt auch an Deutschen Theater in Berlin ange-
982 3023 2787 3158 nommen: ich habe mich nicht gescheut, Herrn Brahm die Mittheilung
