3174 3624
1289 468 1407 604 -13-
706 613 1697 754 (Couvert: Herrn Doctor Theodor Herz)
982 660 1933 786 Baden bei Wien,Helenenstrasse 71.)
1635 786 2479 913 9 Salzburg, den 19. September
2161 860 2334 934 (1893)
708 911 1335 1065 Mein verehrter Freund,
717 1040 2518 1197 ich will Sie noch, bevor ich die Freude habe,Sie in Baden zu spre-
713 1165 2424 1289 chen, von hier aus aufs allerherzlichste grüssen. Sie errathen
722 1255 2445 1384 bereits, dass ich hier mit Paul Goldmann zusammengetroffen bin,
726 1351 2544 1483 und zweifeln auch gewiss nicht daran, dass es vom Augenblick meiner
722 1441 2438 1566 Ankunft an bis heute morgen,- Tag der Abreise - ununterbrochen
724 1531 2493 1663 geregnet hat. So konnten wir kaum aus der Stadt heraus, und haben
731 1624 2468 1748 in Kaffechäusern und in den Strassen die letzten 2 oder 3 Jahre
731 1716 2498 1847 durchgeplaudert. Es war sehr schön. Gestern hab ich auch, die In-
740 1803 2546 1940 timität benützend, über Pauls Schulter weg, Ihren Brief an ihn gele-
731 1870 2498 2036 sen - und kann nun nicht weiterschreiben weil man“) neben mir un-
733 1990 2122 2103 unterbrochen das Intermezzo pfeift und dreinradet.
1278 2083 1967 2196 Auf baldiges Wiedersehen
1504 2161 1854 2290 Herzlich Ihr
1829 2256 2348 2366 Arthur Schnitzler.
743 2359 1393 2491 *) Man - Paul Goldmann.
1626 2410 1718 2486 ===
1633 2470 1880 2553 9 1
1421 2468 1582 2571 aupfehil
1644 2525 1762 2578 à
745 2477 1165 2599 Lieber Freund!
752 2525 2558 2698 Ich danke Ihnen für Ihren so sehr schönen Brief, auf den ich heute
743 2652 2523 2791 nicht antworte, weil ich heut zu dumm bin. Dies soll nur eine Em-
761 2740 2507 2878 pfangsbestätigung und ein Gruss sein. Arthur Schnitzler hat das
759 2823 2537 2968 Versprechen, Ihnen keinen geistreichen Brief zu schreiben,in nie-
759 2943 2613 3047 drigster Weise gebrochen. Ich kann also erst recht nicht schreiben,
754 3017 2595 3143 weil ich nicht abstechen mag. Glückliche Heimreise also! Geben Sie
756 3118 1988 3256 mir einen coup de téléphone bei der Ankunft.
1176 3196 1524 3316 Herzliehst I
1561 3206 1970 3312 Paul Goldmann.
