3927 3777
457 1152 1296 1284 ist keinerlei Zahlung erfolgt.
709 1252 1331 1350 Und Herr. Rokk Richter?
706 1317 1772 1406 Für Italien sind (wie Sie ja nach Ihrer
471 1383 1695 1471 Liste konstatieren können) die meisten meiner
485 1401 1749 1508 Sachen noch freu. Aber wir können uns nicht da-
482 1473 1753 1560 rauf einlassen Bewerbern immer wieder Listen zu
480 1513 1757 1602 senden. Ich glaube, man sollte in solchen Fällen
485 1553 1758 1646 die betreffenden Leute (wie also in diesem Fall
482 1606 1746 1685 Frau Margherita Prohaska Franca fragen, auf wel-
482 1655 1730 1739 ches meiner Werke sie vor allem reflektiert,2.
492 1693 1704 1783 ob sie schon früher etwas übersetzt hat 3.ob
494 1735 1714 1821 sie mit Zeitungsredaktionen oder Verlegern in
490 1800 1364 1881 geschäftlicher Verbindung steht.
730 1869 1280 1946 Mit herzlichem Gruss
732 1921 1245 2009 Ihr sehr ergebener
511 2522 1114 2648 Herrn Dr.Konrad Maril,
548 2595 981 2669 Fischer, Verlag.
513 2648 716 2721 Berlin.
2080 928 2492 1023 F. Tischer
2940 1016 3264 1114 15.12.1928.
2285 1156 2972 1271 Lieber Herr Doktor Maril.
2613 1275 3700 1369 Beiliegend die Karte von Frau Dr. Stein-
2296 1334 3567 1413 berg wieder zurück; wollen Sie freundlichst die
2287 1376 3592 1461 Sache übernehmen. Garantiesumme vom Verleger, die
2294 1433 3590 1510 üblichen Perzente und ein nicht zu fernliegender
2296 1483 3590 1559 Termin wären selbstverständlich die Bedingungen.
2669 1545 3706 1630 Gleiches gilt für Frau Oberstleutenant
2287 1608 3595 1685 Maria Schierung, Dänemark. Von "Traumnovella" war
2291 1653 3247 1751 meines Wissens noch nicht die Rede.
2678 1735 3711 1797 Auf die Frage von Schmitz und Olbertz,
2303 1776 3651 1855 Düsseldorf: Ich habe niemals ein Buch geschrieben.
2303 1827 3522 1902 dass den Titel "xxx Der Herr und sein Knecht
2312 1841 3627 1944 noch eines, das den Titel "Balthasar" führt. (Eine
2315 1912 3718 1996 Novelle von Tolstoi heisst "Herr und Knecht",so weit
2315 1956 3578 2037 ich mich entsinne Vielleicht ist „Geronimo und
2315 1988 3625 2080 sein Bruder „der seinerzeit in einer kleinen für
2315 2030 3704 2119 die Kriegsblinden bestimmten Ausgabe erschienen ist,
2310 2100 3257 2200 oder der „Tapfere Cassian“ gemeint.
2690 2161 3676 2252 Eine Gratisausgabe in dänischer Spra-
2303 2222 3688 2312 che vom "Geronimo", honorarfrei, habe ich dieser Tage
2320 2273 3613 2350 zu Gunsten der dänischen Blindenfürsorge einer
2324 2322 3581 2387 dänischen Dame,Frau Schuh.Paalsgard,gestattet.
2320 2352 3613 2434 Natürlich bleiben sämtliche Rechte auch für eine
2326 2403 3406 2483 andere dänische Ausgabe mir vorbehalten.
2692 2454 3700 2555 Finden Sie die Pariser Tantièmen für
2324 2529 3333 2644 den "Einsamen Weg" sehr einleuchtend?
2692 2592 3739 2681 Die Exemplare von "Casanovas Heimfahrt
2334 2664 3613 2749 (illustriert), um die vor zirka 14 Tage bat, sind
2329 2707 3686 2783 noch nicht angelangt. Ich wiederhole mein Ersuchen
2327 2753 3636 2830 und bitte zugleich mir 3 Exemplare "Einsamer Weg
2334 2793 3650 2870 und 2 Exemplare „Gang zum Weiher“ und 6 Exemplare
2327 2844 3632 2932 „Geist im Wort“ freundlichst zusenden zu lassen;
2329 2876 3735 2972 auch 2 Exemplare "Medardus" und 2 Exemplare "Schwes-
