3868 3496
2071 568 2464 665 St Tischer
3136 647 3407 727 9.2.1928.
2277 813 2995 924 Lieber Herr Doktor Maril.
2603 942 3590 1054 Professor Robert veranstaltet in Mai
2276 996 3508 1079 ein zehntägiges Gastapiel In Paris im Théatre
2276 1063 3472 1124 Gymnase,und möchte dort (ausser "Elga") auch
2292 1101 3555 1173 "Liebelei" mit der Dorsch Edthofer und Götz wo-
2274 1146 3530 1209 möglich unter den billigsten Bedingungen" zur
2276 1186 3689 1260 Aufführung bringen. Ich möchte Sie mit dem Abschluss
2276 1236 3691 1319 betrauen und bitte Sie absolut auf 10tiger Tantieme
2268 1274 3635 1350 zu bestehen und womöglich eine Garantiesumme von
2258 1323 3662 1381 Mk. 1000.- zu erwirken. Bitte geben Sie zugleich zur
2270 1377 3628 1433 Erwägung,da "Liebelei" kaum den Abend füllt, beson-
2270 1406 3691 1484 ders für Paris als abendfüllendes Stück zu kurs sein
2270 1464 3669 1515 dürfte, dass Robert eventuell einen Einakter von mir
2279 1495 3610 1576 "literatur" oder "Comtesse Misi" dazu spielt. Auch
2268 1527 2823 1620 in diesem Falle 10%.
2610 1609 3599 1697 Die Dorsch hat im Laufe des vergan-
2279 1650 3660 1737 genen Jahres in Holland als Christine mit grösstem
2265 1726 3628 1784 Erfolg pastiert. Ich kann in meinen Aufzeichnungen
2265 1764 3642 1826 nicht finden, ob Tantiemen bezahlt worden sind. Wol-
2265 1808 3704 1891 len Sie so gut sein nachsehen zu lassen? Es gasstierte
2265 1854 3628 1916 ferner im Laufe der letzten Monate in Holland eine
2267 1898 3613 1967 Theatergesellschaft mit "Professor Bernhardi" (in
2258 1941 3678 2014 holländischer Sprache). Haben Sie dafür eine Abrech-
2265 1992 2652 2061 nung erhalten?
2641 2053 3429 2156 Haben die Wlesbadner Volksbück
3626 2064 3751 2167 roni-
2256 2093 2762 2200 mo“ schon bezahlt?
2632 2178 3691 2292 Die Kerrekturen von “Therese“ habe ich
2258 2225 3653 2319 (bis S. 224) erhalten. Gern hätte Ich zu Vergleichs-
2267 2305 3640 2373 zwecken meine letzten Korrekturen (in dem schon um-
2261 2343 3711 2418 brochenen Exemplar nicht die frühesten in den Fahnen /
2259 2390 3693 2480 die ich ja schon kontrolliert hatte) zur Ansicht erhal-
2259 2433 3011 2525 ten. Wäre das noch möglich?
