3927 3544
975 535 1122 616 B.
727 634 868 710 le reste des
885 627 1137 740 G.C.F.P
463 666 582 757 G.F.P.
497 727 902 823 G.C.F.P.S.
493 791 732 855 P.S.
476 800 1913 900 früheren Bände der Gesamtausgabe?, deren Erscheinen ja
476 881 1879 966 schon vor mehr als einem Jahre als ziemlich dringend
476 930 956 1020 bezeichnet wurde.
1146 960 1229 1011 G.C.P.
608 998 1962 1065 10. Ist der Verkauf der "Therese" noch weiter
482 1062 1913 1118 zufriedenstellend? Besonders fein fand ich die Worte
478 1096 1862 1163 von V.Z. in der letzten Nummer der Neuen Rundschau;
476 1139 1884 1207 ein wenig bedauert habe ich es auch um seinetwillen,
473 1184 1931 1258 dass dieses Referat, gegenüber den sonstigen Gepflogen-
478 1237 1890 1301 heiten der Neuen Rundschau bei immerhin hervorragen-
333 1210 420 1295 P.S
473 1278 1847 1344 deren Erscheinungen des Fishder-Verlags und trotz
305 1280 420 1352 G.F.P.
473 1314 1869 1382 meiner seinerzeitigen bescheidenen Indeutung nur in
303 1325 441 1423 12.
473 1378 1890 1425 den „Anmerkungen“ seinen Platz fand, Ich weiss wohl,
467 1414 1890 1482 dass das für den Verkaur vollkommen belanglos ist, im
476 1455 1909 1512 merhin darf ein Zufall, der sich gerade bei meinen Bü-
484 1480 1995 1557 chern so gerne wiederholt,- wir hatten ja schon Gelegen-
473 1555 1911 1626 heit davon zu reden - ein ganz klein wenig befremden.
693 1615 1826 1704 Nach all diesen Punkten und Fragezeichen,
614 1662 1952 1745 wohl alle ihre freundliche Lösung und Beantwortung
478 1681 1930 1785 fingen werden, lassen Sie uns, lieber Herr Doktor Maril
488 1771 1815 1852 wenigstens in geschäftlichem Sinn - ein günstiges
508 1803 1924 1871 Jahr gemeinsamer freundschaftlicher Arbeit erhoffen,
521 1847 1849 1930 bestellen Sie bitte Herrn Fischer und seiner ver-
520 1894 1881 1965 ehrten Gattin, denen ich in dieser Zeit für so viel
529 1939 1860 2011 liebe herzliche Worte zu danken hatte, meine aller-
523 1986 1756 2058 besten Grüsse und s eien Sie selbst in alter Sy
561 2031 1210 2122 athie vielmals gegrüsst.
787 2078 1229 2157 Ihr sehr ergeben
661 2332 1052 2413 Dr. Konrad Ma.
614 2391 1113 2474 wieder, Verlag, Berl:
3117 604 3405 713 13.9.1928.
2103 587 2600 759 S. Fischer
2438 815 2515 866 G.C.F.P
3569 796 3684 881 G.H.F.P.P
2242 851 2903 956 Lieber Herr Doktor Maril
3421 913 3500 981 G.F.P.
2590 941 2933 1000 G.C.H.F.P.
2598 960 3658 1054 1. Italien. Rökk Richter. Wir wissen, dass
2244 1022 3601 1111 Herr R. sich berechtigt glaubte seine Uebersetzung
2255 1067 3584 1154 der "Grossen Szene" zur Aufführung bringen zu las¬
2246 1120 3650 1194 sen, Ein Kontrakt von der Societa muss bestehen. Die
2251 1154 3613 1244 Tantiemen müssen gezahlt werden. In dieser Richtung
2261 1209 3613 1288 wäre wohl die Sache zu erledigen. Ueber die Persön-
2240 1254 3579 1350 lichkeit des Herrn Rö sind die Akten geschlossen.
2607 1299 3618 1410 2. Es stimmt dass "The international
2289 1338 2506 1402 G.C.F.P.
2182 1370 2291 1440 G.C.F.P
3260 1376 3639 1461 "kürzlich von
2268 1380 3221 1472 terary Ageney“ (T.I.L.A.) Eräulein Els.
3445 1419 3539 1476 den
2268 1434 3388 1508 Esolney für Italien erwarben hat. Ich lege
2257 1476 3541 1559 Brief der Agentur bei, um deren Rücksendung ich
2261 1517 3486 1598 suche. Ich übergebe Ihnen gern die Angelegenheit
2268 1568 3398 1649 "Therese" zu weiterer Behandlung,schlage ver¬
2280 1608 3343 1681 Ladenpreis mit sofort zahlbarer Garantie
2263 1649 3398 1741 Lire (wie mir Zsolnay sagt verlangt er 270
2276 1700 3276 1788 "Fräulein Else")befristeter Termin.
3262 1687 3379 1785 P.S.
2344 1743 3622 1862 3. Ich lege zu gleicher Zeit eine An-
2338 1826 2457 1879 G.C.F.P.
2453 1818 3654 1894 "Theresse“ von Prof.Brecke, Czeeholsowekei, bei
2283 1818 2459 1913 frage.
2293 1860 3669 1954 (irrtümlich an Zsolnay gelangt) und überlasse gern
2282 1922 3648 2011 auch diese Angelegenheit Ihnen zum Abschluss. Ich
2283 1952 3582 2041 denke, auch hier wären 7% garantiert mit 5000 o.K.
2285 2022 2780 2105 etc. das nichtige.
2628 2052 3549 2165 4. Dänemark, Frau Oberstleutnant
2297 2091 3573 2204 Schiering schreibt mir, dass sie vier Novellen über die
2287 2184 3558 2255 setzt und Ihnen die Verrechnung eingesandt habe
2297 2225 3439 2299 dass sie weitere Novellen übersetzen möchte.
3142 2276 3428 2347 G.H.F.P.
2287 2280 3084 2366 ich nichts einzuwenden habe.
2636 2332 3494 2436 5. Teplitz, Reigen. Hatte selbstveit
2302 2396 3509 2479 lich niemals eine Erlaubnis gegeben, erinnere
2299 2443 3599 2536 vielmehr vor etwa einem Jahr gerade dort auf eine
2300 2491 3609 2575 Anfrage ablehnend geantwortet zu haben. Die Leute
2536 2543 3530 2647 eben was sie wollen. Wenn möglich verst
