3869 3561
2023 611 2550 774 S. Fischer
2727 702 3073 789 Roßin
2956 789 3265 855 5.10.1929.
2654 817 3010 919 Marffi
2364 982 3048 1073 Lieber Herr Doktor Maril.
2708 1069 3519 1155 Es war immer - also seit mehr
2366 1143 3506 1206 als dreissig Jahren-so,- dass ich über die
2376 1155 3616 1252 Uraufführung meiner Stücke persönlich verhand-
2366 1231 3613 1290 le, abschliesse; wollte ich solche Verhandlun-
2376 1278 3600 1354 gen Ihnen oder irgend einer anderen Mittels-
2381 1330 3600 1399 person oder Verlag übergeben,so bedeutete das
2372 1362 3512 1425 nichts anderes als Zeitverlust,verdoppelte
2377 1376 3679 1473 oder verdreifachte Korrespondens, Anlass zu Weit-
2377 1456 3687 1519 läufigkeiten, Verwirrungen, Missverständnissen und
2377 1516 3704 1567 direktorialen Ausreden. Die Bedingungen,unter de-
2377 1549 3653 1623 nen Aufführungsverträge geschlossen werden, sind
2387 1603 3603 1656 ja durch Gewohnheit und Tarifverträge festge-
2377 1639 3679 1705 legt, dazu braucht es keiner Vermittlung, über al-
2387 1692 3554 1743 les andere kann natürlich nur der Autor (im
2377 1697 3605 1814 Verein mit der Direktion resp. Regisseur) be-
2381 1774 2618 1858 stimmen.
2750 1835 3689 1928 Dass das Deutsche Theater für mein
2377 1913 3624 1961 neues Stück wie Sie mir schreiben, "starkes In-
2387 1941 3631 2012 teresse" zeigt, ist mir begreiflicherweise nicht
2384 1992 3611 2051 unbekannt gewesen und "dess esgelingen müsste"
2387 2043 3649 2099 die Grauflührung dort heraussubringen“,beswifle
2387 2086 3649 2140 ich so wenig als Sie. Und wir beide wiesen, dass
2384 2125 3603 2181 ein solches Interesse an sich noch gar nichts
2391 2165 3707 2224 bedeutet,dess es sich immer wieder an jedes neue
2389 2221 3633 2274 Stück eines bekannten Autors heftet, sobald da-
2391 2257 3654 2316 von in der Zeitung zu lesen steht, dass aber die
2382 2297 3639 2356 Aufführung am allerwenigsten von irgendwelchen
2384 2338 3685 2399 verlegerischen Bemühungen abzuhängen pflegt,son-
2382 2387 3687 2453 dern nur von den Erfolgehancen,die die Direktion
2391 2443 3690 2501 dem Stück zuschreibt. Für das "Spiel der Sommer-
2137 2447 2274 2547 also
2391 2491 3649 2555 lüfte“ interessiert sich neben anderen/ auch das
2392 2536 3620 2590 Deutsche Theaterhat sich schon dafür interes-
2391 2580 3657 2659 siert ehe es vollendet war,-seit einigen Tagen
