3891 3513
524 752 1778 847 Fühlung steht und ob er schon andere Werke ins
524 832 1298 905 Französische übersetzt hat.
811 893 1272 976 Herzlichen Gruss
820 960 1192 1034 Ihr ergebener
545 1867 1145 1958 Herrn Dr.Konrad Maril,
555 1931 1009 2008 Fischer, Verlag.
543 1959 759 2055 Berlin.
2288 472 2459 614 15/1
3022 612 3311 708 9,6,1928.
2072 644 2544 753 J. Tisher
2732 686 3054 849 Allerle
2271 847 2833 971 Lieber Doktor Maril.
2655 967 3557 1063 1. Herr Rökk Richter benimmt sich
2279 1006 3638 1122 konsequent. Auch mir hat er nicht geantwortet. Ich
2285 1056 3633 1176 bitte nun sich unverzüglich in dieser Sache an die
2290 1108 3628 1220 in Betracht kom ende italienische Gesellschaft zu
2292 1202 2500 1281 wenden.
2662 1232 3593 1322 2. An Lugt bitte ich zu schreiben,
2295 1284 3572 1406 dass Sie die 2ige Tantième als einen Vorschuss
2300 1319 3633 1434 auf die von uns verlangten 5 (oder 7]& betrachten
2311 1375 3604 1486 und innerhalb der nächsten drei Wochen Ergänzung
2307 1420 3363 1524 verlangen, dann wollen wir weiter sehen.
2683 1496 3644 1599 3. 30 Gulden Pauschale für "There-
2306 1557 3659 1665 se „Holland, wäre natürlich zu wenig. Ich erwarte
2314 1589 3617 1698 nun Entscheidung, resp. einen Vorschlag von Alice
2312 1634 3638 1761 v. Nahuys (die auch "Graesler", “Casanova“, Traumno-
2323 1674 3598 1778 velle“ übersetzt hat und an die Sie wohl, meiner
2316 1709 3637 1851 Bitte entsprechend, ein Exemplar geschickt haben?)
2688 1789 3591 1909 4. Czechoslowakei ist also noch
3047 1851 3530 1949 xxx
2318 1890 2492 1973 frei.
2699 1924 3652 2027 5. Ich dachte Linden hätte ein all-
2323 2003 3555 2111 gemeines Optionsrecht; umso besser wenn nicht.
2707 2081 3158 2187 6..7. erledigt.
2716 2163 3642 2250 8. Die Briefe von Herrn Merwin und
2335 2213 3734 2306 Fräuleid Fosenzweig folgen hier zurück; ich glaube,
2346 2271 3717 2358 wir sollten (zuerst von Herrn Dr. Mervin) für "The-
2492 2306 3583 2399 7 ige Tantième, garantiert bei Abschluss
2351 2347 3278 2460 mit mindestens 800 Mark verlangen.
3151 2420 3635 2497 Koller fragen Sie
2730 2436 3042 2520 9. Herr Dr.R
2347 2480 3696 2617 vielleicht gütigst, ob er mit Pariser Verlegern in
