3875 3433
3186 619 3572 715 Fischer, Bl.2
424 691 1865 821 einfach, sagen wir verschwiegen werden. Ich glaube Sie
2464 695 3640 790 Für die Einsendung des Briefes von Schuster
432 759 1869 873 sollten mindestens von den einzelnen Theatern verlan-
2245 779 3598 847 & Simon danke ich bestens,ich erinnerte mich gar
437 812 1869 919 gen, dass die Abendeinnahmen und die Abonnements, resp.
2258 831 3545 891 nicht, dass ich das kleine Buch an diesen Verlag
437 851 1766 956 die Einnahmen durch Vereinsvorstellungen separat
2255 862 3568 954 eingesendet hatte oder durch Sie hatte einsenden
439 878 1852 994 verrechnet werden. Schon in Vorkriegszeiten sind auf
2253 919 2475 985 lassen.
441 932 1847 1044 diesem Gebiete die frechsten Schwindeleien vorgekom
443 978 1823 1091 men. Unter den heutigen Verhältnissen darf man wohl
2475 979 3658 1058 Nächstens hoffe ich auch von Ihnen zu hören,
452 1025 1799 1132 der Hälfte aller Direktionen mit fug und Recht das
2258 1038 3590 1141 ob resp. wie die "Reigen",-Angelegenheit vorwärts-
456 1051 1917 1178 lebhafteste Misstrauen entgegenbringen. Ich weiss auch
2251 1093 2536 1176 schreitet.
458 1117 1786 1218 von Fällen (erkundigen Sie sich auch gelegentlich
454 1152 1810 1268 bei Fulda), dass Theater-ersten Ranges sich bei den
2499 1152 3030 1257 Herzlichst grüssend
454 1178 1924 1310 ersten Kontrollversuchen unerhört beleidigt gebärdeten
2499 1226 2593 1295 Ihr
461 1244 1863 1354 und dass man ihnen dann auf die unverschämtesten Be-
470 1294 1762 1406 trugssachen gekommen ist. Bei dieser Gelegenheit
472 1325 1856 1444 will ich gleich erwähnen, dass demnächst Frau Dorsch,
470 1365 1900 1494 wie ich höre, mit der „Liebelei“ eine Gastspieltournée
470 1431 1854 1527 durchdeutsche Städte unternehmen will. Wie ist dann
476 1474 1720 1582 der Vorgang? Machen Sie einen Vertrag mit Frau
480 1507 1832 1623 Dorsch oder mit dem Arrangeur des Gastspiels? Oder
465 1566 1797 1674 mit jedem einzelnen Theater? Und ist eine halbwegs
476 1608 1821 1702 verlässliche Kontrolle im Ausland möglich? Hat Ihr
478 1650 1883 1757 holländischer Vertreter z.B. die Möglichkeit und den
480 1681 1911 1808 guten Willen die Einnahmen bei einem Dorsch-Gastspiel
483 1736 1803 1843 und dergleichen zu kontrollieren? Und wie ist das
1419 1755 1883 1850 "Spiel im Morgen-
478 1812 1409 1907 mit den Funkstunde? Ich finde z.B.
491 1815 1887 1942 grauen" mit 151 Zeilen verrechnet. "Spiel im Morgen-
491 1861 1898 1983 grauen hat aber etwa 150 Seiten. Ebensowenig stimmt
489 1918 1878 2012 es, dass das "Tagebuch der Redegonda" nur 325 Zeilen
500 1962 1793 2064 umfasst. Es scheint ja, dass diese Leute entweder
502 1999 1849 2117 ganz wil ikürlich streichen oder sich verzählen. In
503 2047 1823 2154 jedem Fall scheinen mir früher (ich denke an eine
2264 2047 2905 2150 Herrn Dr. Konrad Maril,
503 2087 1907 2199 von ihnen verrechnete "Leutnant Gustl -Vorlesung vor
2267 2124 2734 2199 S.Fischer,Verlag.
505 2124 1983 2249 zirka 1-1½ Jahren) für solche Sendungen höhere Honorare
498 2205 1152 2304 gezahlt worden zu sein.
772 2249 1942 2356 Mein Telegramm bezüglich der Londoner deut-
505 2308 1874 2424 schen Schulausgaben, „Weissagung“. „Gerenimo“, haben
509 2396 1058 2492 Sie wohl erhalten.
777 2414 1904 2536 Die Adresse von Lee Schalit ist:Wien XIX,
503 2512 1042 2631 Bellevuestrasse 19.
