3890 3560
394 862 1606 973 worin sich ja leider nichts geändert zu haben
394 912 1662 1016 scheint. Nach wie vor halte ich Verbilligung xa
396 984 1709 1061 in einzelnen Fällen für den verhältnismässig aus-
399 1020 1729 1109 sichtsreichsten Weg zu einer Besserung. Ich schlug
396 1069 1702 1150 damals "Casanovas Heimfahrt" als eines der Bücher
401 1111 1655 1186 vor, mit denen man einen solchen Versuch machen
394 1152 1673 1237 könnte. Vielleicht liesse sich auch die "Therese
396 1200 1647 1275 in Betracht ziehen. Ob es richtig war in Ihrer
394 1236 1702 1335 letzten den neuesten Büchern beigelegten Verlags-
399 1282 1664 1364 anzeige kein einziges meiner Bücher zu erwähnen,
406 1321 1755 1407 mage ich nicht zu entscheiden. So gering mich selbst
399 1366 1775 1452 den Wert solcher Anzeigen auch in praktischer Bezie-
404 1416 1760 1501 hung anschlagen möchte;- ein direkten Vorteil für
399 1460 1712 1536 mich oder den Verlag vermag ich in dem absoluten
399 1501 1712 1590 Fehlen meines Namens bei solcher Gelegenheit doch
408 1565 1210 1659 eigentlich nicht zu entdecken.
733 1631 1505 1736 Mit den herzlichsten Grüssen
984 1688 1088 1748 Ihr
406 2159 1075 2262 Herrn S. Fischer, Verlag,
415 2230 620 2305 Berlin.
1942 626 2437 812 Fischer
3064 780 3381 879 25.10.1930.
2595 958 2790 1011 Belsayd
2224 972 2838 1068 Lieber Freund.
3273 1032 3369 1087 l3d
2543 1040 2929 1099 nommen sein mets
2281 1054 2358 1107 G.F.P.
2528 1087 2819 1141 ###s xxxe?
2372 1095 2452 1148 G.F.P.
2464 1081 3577 1181 Dem Manuscript des Herrn Prof.Schinnerar.
2274 1143 3563 1217 "The history of the "Reigan", ist ein Brief nach-
2259 1198 3553 1273 gefolgt, in dem es neiest: We wurde mir ein be¬
2250 1249 3554 1311 sonderes Vergnügen bereiten gerade für den "Rei¬
2257 1285 3553 1368 gen" die deutsche Einleitung zu liefern"... "Doch
2257 1326 3522 1407 pressiert die Sache vielleicht zu sehr, als dass
2257 1340 3599 1443 man durch Hin und Herschreiben viel Zeit verliert.
2259 1414 3554 1493 Also, ich gebe Ihnen ganz freie Hand. Nur wenn er
2257 1434 3604 1539 drüben (Europa) übersetzt oder umgearbeitet werden
2254 1506 3573 1587 sollte, müsste natürlich angegeben werden, dass sie
2257 1539 3594 1626 auf einer Arbeit von mir beruht und in der betref-
2254 1592 3599 1702 fenden Zeitschrift erscheinen wird, resp. erschie-
2254 1637 3085 1722 nen ist (The germanic Review).
2466 1693 3520 1817 Es handelt sich also darum, wann Sie die
2255 1760 3469 1847 Einleitung haben müssten : natürlich wäre es
2259 1810 3532 1880 vorteilhaftesten, wenn Schinnerer die Einleitung
2274 1859 3522 1928 (oder das Nachwort) neu und ganz direkt für das
2264 1883 3551 1978 bei Ihnen erscheinende Buch schreiben würde. Um
2262 1930 3604 2017 aber keineswegs etwas zu verzögern,sende ich Ihnen
2257 1991 3525 2056 hier zugleich das Manuscript Schinnerers so wie
2266 2034 3501 2111 der Aufsatz in der Germanic Review dieser Tage
2266 2079 3508 2152 erscheinen wird oder schon erschienen ist. Ich
2267 2104 3606 2192 nehme an, dass eventuell jemand in Ihrem Verlag die
2260 2166 3583 2245 Uebersetzung,resp. Bearbeitung,soweit eine solche
2260 2211 3587 2288 notwendig, übernehmen könnte. Da Sie das Buch doch
2274 2259 3568 2322 erst im Jänner herausbringen wollten, wäre gewiss
2262 2293 3559 2374 Zeit genug für Schinnerer die Einleitung mit Be-
2266 2326 3563 2411 nützung des schon vorhandenen rein ehronikalisch
3527 2356 3606 2427 Sie
3059 2379 3489 2446 schreiben, Lassen
2257 2396 3585 2507 xxx Ihre Rechnung wissen, ich würde an Schin-
2250 2466 2757 2572 nerer dann kabeln.
2478 2507 3589 2617 Sohwer zu entscheiden, ob aus rein prakti-
2254 2588 3582 2715 sehen Gründen für die billige Ausgabe eines mei-
