3891 3513
402 827 1655 914 Fühlung steht und ob er schon andere Werke ins
411 892 1168 970 Französische übersetzt hat.
1199 896 1613 984 2 aoem. 13: A
696 963 1139 1042 Herzlichen Gruss
699 1022 1063 1098 Ihr ergebener
424 1932 1018 2024 Herrn Dr.Konred Maril,
461 1986 907 2073 Fischer,Verlag.
431 2035 636 2116 Berlin.
2105 570 2514 723 S. Fischer
2906 728 3198 809 23.6.1928.
2747 800 2972 907 Aus
2237 926 2639 1045 Lieber Freund.
2814 1017 2911 1091 G.H.F.P
2587 1038 3668 1141 Auf Ihren Brief vom 11.6 zum Falle Harzu
2250 1123 3664 1206 Ich bin ganz Ihrer Meinung, dass, xxx da Herz das Or-
2251 1161 3659 1244 heberrecht nur bis zur 100. Auflage besitzt, mir ohne-
2257 1213 3612 1278 weiters eine Neuanflage veranstalten könnten. Wenn
2271 1255 3578 1325 Die sich dazu entschliessen könnten, so würde ich
2255 1296 3607 1366 einrach in diesem Sinne an Harz schreiben, etwa so:
2251 1346 3585 1422 Am unserer Korrespondenz geht zur Evidenz hervor
2251 1395 3614 1449 dass Sie im Laufe der letzten 2,3 Jahre so gut wie
2250 1435 3628 1500 kein Exemplar des „Reigen“ verkauft haben. Ihr Ver-
2251 1482 3636 1545 lagsrecht ist bekanntlich mit der 100. Auflage abge-
2251 1520 3666 1588 laufen. Da Sie Ihren Restbestand nicht zu einem mög-
2259 1568 3637 1640 lichen Preise hergeben wollen, aber ihr Verlagsrecht
2264 1615 3585 1689 und -Pflicht, aus welchen Gründen immer nicht aus-
2259 1653 3567 1723 üben, so werde ich (werden wir, S.F. und ich) ohne
2264 1705 3573 1770 jede weitere Rücksicht auf Sie eine neue Ausgabe
2260 1750 3589 1817 des "Reigens" veranstalten, wovon ich Sie der Ord-
2260 1793 3053 1884 nung wegen in Kenntnis setze.
2605 1833 3668 1943 Dass Herrn Harz gerade in die Verbrei-
2259 1884 3673 1997 tung verboten sein sollte, hatte ich für ausgeschlos-
2259 1968 3646 2040 sen. Ich bin nach wie vor der Meinung, dass sein Be-
2260 2008 3645 2076 stand zum grossen Teil oder ganz verpfandet ist und
2260 2062 3601 2120 er die Kaufsumme benötigen würde einfach um
2268 2100 3646 2165 die Exemplare auszulösen. Aber selbst wenn ein sol-
2268 2147 3625 2215 ches Verbot bestände (was doch unbedingt in Erfah-
2264 2190 3630 2257 rung zu bringen sein muss) ginge uns das nicht des
2260 2233 3675 2293 allergeringste an. Ich möchte doch sehen, ob es heute
2264 2277 3645 2338 noch nach all dem, was ungehindert gedruckt und ver-
2268 2320 3670 2385 trieben wird, ein Staatsanwalt wagen würde den "Rei-
2269 2363 3655 2433 gen" zu beschlagnahmen. Und wenn doch, nur umso bes-
2264 2388 3711 2486 ser. Dass eine solche Beschlagnahme auf dem kürzesten
2268 2466 3683 2511 Nege wieder aufgehoben werden müsste, ist zweifellos.
2331 2496 3630 2570 handelt sich hier wirklich um eine prinzipielle
2268 2538 3675 2635 Frage. Ich kann in meinem Gesamtwerk auf den "Reigen
