3898 3559
1508 621 1694 733 P.S.
1948 589 2399 753 S. Fischer
2690 601 2820 803 de
2834 768 3111 831 5.10.1929.
334 784 1610 877 hin mit jener Sachlichkeit behandeln,in der jin
340 855 1605 933 der guten alten) alles Notwendige zum gegensei-
2071 834 2163 930 Von
337 918 1199 1009 tigen Verständnis enthalten ist.
2214 945 2911 1011 Lieber Herr Doktor Maril,
629 976 1166 1078 Mit herzlichem Gruss
636 1047 989 1125 Ihr ergebener
2568 1065 3354 1129 Es war immer - also seit mehr
2221 1110 3360 1184 als dreissig Jahren-so,- dass ich über die
2214 1141 3473 1240 Uraufführung meiner Stücke persönlich verhand-
2228 1215 3466 1268 le, abschliesse; wollte ich solche Verhandlun-
2232 1258 3441 1324 gen Ihnen oder irgend einer anderen Mittels-
2224 1303 3438 1372 person oder Verlag übergeben,so bedeutete das
2224 1351 3362 1405 nichts anderes als Zeitverlust,verdoppelte
2229 1390 3524 1450 oder verdreifachte Korrespondenz, Anlass zu Weit-
2228 1435 3525 1504 läufigkeiten, Verwirrungen, Missverständnissen und
2229 1476 3545 1541 direktorialen Ausreden. Die Bedingungen, unter de-
2224 1522 3504 1580 nen Aufführungsverträge geschlæssen werden,sind
2229 1572 3454 1625 ja durch Gewohnheit und Tarifverträge festge-
2224 1585 3527 1691 legt, dazu braucht es keiner Vermittlung, über al-
2229 1666 3405 1714 les andere kann natürlich nur der Autor (im
2228 1704 3443 1775 Verein mit der Direktion resp. Regisseur) be-
2229 1750 2452 1825 stimmen.
2602 1810 3537 1909 Dass das Deutsche Theater für mein
2228 1874 3474 1932 neues Stück, wie Sie mir schreiben, "starken In-
358 1873 954 1991 Herrn Dr. Konrad Maril,
2236 1917 3482 1991 teresse" zeigt, ist mir begreiflicherweise nicht
391 1955 832 2043 Fischer.Verlag.
2239 1967 3468 2019 unbekannt gewesen und "dass esgelingen müsste,
362 1998 575 2076 Berlin.
2229 2013 3512 2077 die Grauftührung dort herauszubringen“, bezwifle
2232 2064 3512 2130 ich so wenig als Sie. Und wir beide wissen, dass
2239 2102 3459 2166 ein solches Interesse an sich noch gar nichts
2229 2138 3557 2209 bedeutet,dass es sich immer wieder an jedes neue
2239 2186 3478 2247 Stück eines bekannten Autors heftet, sobald da-
2246 2229 3516 2297 von in der Zeitung zu lesen steht, dass aber die
2236 2277 3489 2335 Aufführung am allerwenigsten von irgendwelchen
2236 2327 3534 2383 verlegerischen Bemühungen abzuhängen pflegt,son-
2232 2378 3540 2436 dern nur von den Erfolgohancen, die die Direktion
2242 2422 3555 2487 dem Stück zuschreibt. Für das "Spiel der Sommer-
2236 2467 3522 2528 lüfte“ interessiert sich neben anderen) auch das
1982 2470 2105 2543 Calso
2242 2521 3492 2574 Deutsche Theaterhat sich schon dafür interes-
2254 2564 3501 2640 siert ehe es vollendet war,-seit einigen Tagen
