3900 3578
513 1023 1806 1110 Zeitung ist die Hovelle bald beendet, im Juli er-
513 1075 1754 1154 scheint sie im Neuen Wiener Tagblatt. Schuster
519 1115 1801 1208 4 Simon dürfte das Buch zugleich mit Ihnen, also
513 1169 1787 1251 ungefähr im Oktober bringen. Vor dem Erecheinen
513 1206 1811 1286 in Buchform werde ich natürlich auch selbst noch
515 1249 1818 1335 einmal aus Ihren Druckbogen eine sorgfältige Kor-
520 1310 987 1406 rektur vornehmen.
785 1368 1289 1467 Mit besten Grüssen
842 1432 1216 1521 Ihr ergebener
527 1563 1794 1690 Sollten Sie vielleicht Wiesbadner Kritiken, ins-
536 1630 1848 1712 besondere auswärtige Korrespondenzen erhalten ha-
534 1677 1820 1794 ben, so wäre ich für gelegentliche Zusendung ver-
545 1756 745 1848 bunden.
567 2107 1168 2218 Herrn Dr. Konrad Maril,
543 2182 1021 2272 S.Fischer,Verlag,
546 2231 748 2333 Perlin.
2434 694 3130 891 tipp to
2253 960 3449 1068 Bald fünfunddreissig Jahre einer ungetrübten
2210 1035 3482 1180 geschäftlich-literarischen und menschlichen Ver-
2206 1115 3510 1234 bindung, innerhalb deren es gelegentlich Meinungs-
2208 1195 3607 1347 verschiedenheiten, selten Missverständnisse und nie-
2203 1296 3586 1418 mald einen ernstlichen Zwist gab;-- fünfunddreissig
2213 1390 3478 1500 Jahre,-die Hälfte Ihres bisher gelebten Leben's
2213 1455 3536 1592 und ungefähr des meinen auch - braucht es da noch
3087 1526 3269 1580 N'a
2218 1543 3537 1665 vieler Worte zwischen uns? Tausend innige Wünsche
2217 1641 3503 1777 für Sie, für die Ihren und für Ihr Werk und dazu
2220 1738 3470 1879 einen sehr herzlichen Händedruck, der bedeutet:
2225 1830 3468 1961 bleiben wir einander, was wireinander so lange
2222 1947 2861 2058 gewesen sind - Freunde.
