3873 3576
2073 718 2529 812 F. Tischer
3122 771 3402 864 26.1.1931.
2280 961 2929 1075 Lieber Herr Dr. Hermann.
2679 1044 3633 1154 Ich sende Ihnen also die Körrektur-
2303 1111 3647 1221 bogen des „Reigen“ zurück, ohne sie selbst durchsu-
2310 1171 3624 1261 sehen. Wahrscheinlich würde ich mich doch gedrun-
2315 1223 3550 1309 gen fühlen da und dort Korrekturen vorzunehmen
2315 1245 3700 1340 und das möchte ich gerade in diesem Falle vermeiden.
2315 1309 3564 1394 Ein paar,kleine Druckfehler habe ich übrigens
2318 1342 3633 1435 bei flüchtigem Hineinschauen bemerkt. Als Auflage
2313 1409 3152 1499 werden wir wohl 101.-? angeben.
2693 1449 3559 1554 Die Halbjahrverrechnung, 2. Hälfte
2322 1521 3585 1597 1930 habe ich ohne erhebliche Freude empfangen.
2325 1570 3562 1651 Dass der rumänische Verlag für einen Roman fon
2322 1613 3657 1689 mir keine grössere Pauschalsumme zahlen kann resp.
2325 1653 3638 1730 will als 100 Mark, nehme ich zur Kenntnis; lassen
2317 1694 3319 1796 wir uns also weiter würdig bestehlen.
2719 1756 3638 1868 Hat sich die Rundfunkangelegenheit
2339 1828 3274 1923 "Weihnachtseinkäufe"Rom aufgeklärt?
2777 1889 3322 1998 Mit herzlichen Gruss
2786 1970 3141 2054 Ihr ergebener
2377 2018 3612 2144 Ich bitte an Herrn Andreas Beisser,Kopenhagen,
2384 2077 3645 2218 Ringkjöbing, ein Exemplar "Therese" zu senden.
2329 2174 3072 2267 Herrn Dr. Gotifried Hermann,
2339 2237 2817 2317 S.Fischer.Verlag.
2339 2293 2543 2363 Berlin.
