3927 3544
415 765 1773 895 halb mit mir keinen Prozess führen, dass Sie
428 847 1753 941 aber, um zu Ihrem Geld zu kommen, die Exemplare zum
419 902 1781 1008 herabgesetzt Preis von zwei Mark absetzen würden.
697 953 1826 1060 Mit anderen Worten: Sie sind entschlossen,
430 1023 1707 1114 so bald ich von meinem kontraktlich verbrieften
432 1056 1735 1173 Recht Gebrauch mache mein Buch, das Sie nun durch
437 1116 1792 1206 fünfeinviertel Jahre überhaupt nicht mehr vertrie-
448 1155 1793 1246 ben haben, von der 101 Auflage an in einem anderen
450 1210 1744 1288 Verlage erscheinen lasse, in einen kaufmännischen
445 1252 1770 1336 Wettbewerb einzutreten, für den den richtigen Aus-
441 1305 1517 1394 druck zu finden ich Ihnen anheimstelle.
708 1362 1808 1451 Ein letztes Mal möchte ich trotzdem, wenn
450 1422 1777 1519 schon nicht an unsere bisherige persönliche, trotz
447 1462 1856 1557 aller geschäftlich in Misshelligkeiten, angenehme Ver-
456 1508 1878 1601 bindung, doch an Ihre geschäftlche Einsicht appellie-
452 1566 1764 1660 ren und Ihnen zur Erwägung geben, ob Sie nicht in
461 1610 1846 1676 jedem Falle besser fahren, wenn wir Ihnen heute für
461 1647 1850 1726 den sofortigen Verkauf der bei Ihnen noch legernden
456 1678 1786 1782 Bestände den Betrag xxx 2500 Mark, sofort zahlbar
459 1724 1768 1828 bei sofortiger Ablieferung offerieren, den Betrag
472 1786 1759 1868 Also, den Sie bei regulärem Verkauf der Bestände,
461 1819 1717 1909 wenn's gut geht, innerhalb der nächsten hundert
461 1857 1801 1958 Jahre allmählig erziehen könnten, als nach monate-
472 1903 1867 2002 ja nach jahrelanger unverantwortlicher Vernachlässi-
476 1943 1879 2044 gung der primirivsten und gesetzlich gewährleisteten
470 1995 1846 2083 Verlegerpflichten gegenüber meinem Werk eine Beein-
476 2031 1819 2137 trächtigung meiner Autorenrechte in dem Augenblick
489 2084 1872 2169 zu versuchen, da ich mir erlaube ganz im Sinne meines
476 2125 1806 2222 Vertrags endlich wieder von ihnen Gebrauch machen
472 2209 759 2275 zu wollen.
769 2247 1911 2337 Sollten Sie auf diesen meinen letzten Vor-
472 2304 1775 2392 schlag einzugehen nicht in der Lage sein, worüber
481 2337 1839 2452 ich bis spätestens 15. ktober endgültige Nachricht
479 2388 1834 2485 erwarte, so werde ich meine Autorenrechte ohne wei-
485 2417 1954 2536 tere Rücksicht auf Sie auszuüben, entsprechenden Falles
478 2514 1102 2586 auch zu wahren wissen.
778 2549 1559 2666 Mit vorzüglicher Hochachtung
785 2635 1158 2721 Ihr ergebener
478 2699 1078 2807 Herrn B. Hars. Verlag.
1947 600 2364 767 Fischer
3056 679 3360 787 1.10.1928.
3256 785 3345 864 G.C.F.P
2104 899 2502 1017 Lieber Freund.
2527 975 3528 1098 Ich lege hier 1. einen Auszug aus un-
2123 1052 3433 1171 serer Korrespondenz bei, so weit sie sich auf den
2134 1091 3437 1206 "Reigen" bezieht, d.h. Stellen aus meinen Briefen
2134 1133 3429 1252 an Sie und aus meinen an Harz,2. einen Brief des
2126 1168 3492 1299 Herrn Harz vom 26. September d.J. und 3. den Entwur¬
2136 1222 3470 1340 einer Antwort an Harz, aus dem Sie (wieder einmal)
2134 1276 3523 1402 meine Stellun zu der ganzen Angelegenheit ersehen.
2513 1356 3545 1460 Aus 1hrem letzten Brief vom 21.Septem-
2145 1391 3603 1512 ber, ebenso wie aus dem heute an mich gelangten Schrei-
2154 1435 3583 1552 ben Dr.Marils vom 25.d.M. entnehme ich, dass ich Ihrer
2125 1479 3590 1623 Meigung nach Harz daraufhin verklagen müsste, dass ihm
2150 1521 3490 1651 ein Verlagsrecht auf das Buch nicht mehr zustehen
2152 1554 3552 1695 kann, weil der Vertrieb und Verkauf seit Jahren voll-
2158 1669 2675 1757 kommen lahm liegt.
2394 1709 3526 1812 Die Erhebung einer solchen Klage er¬
2167 1742 3627 1868 scheint xxx mir (und mein Anwalt Dr. Hofimann ist ganz
2170 1782 3607 1914 derselben Meinung) nicht nur überflüssig, sondern auch
2170 1834 3576 1951 taktisch falsch. Ueber jeden Zweifel steht fest, dass
2178 1883 3523 2006 ich von der 101 Auflage an über den "Reigen" frei
2181 1929 3581 2044 verfügen kann, dass herr Harz einen Einspruch dagegen
2180 1960 3612 2092 zu erheben in keiner Weise - dem Kontrakt nach selbst
2148 2011 3614 2147 bei einwandfreierem bisherigen Vertriebe meines Werks
2181 2059 3618 2174 - berechtigt xx wäre (woran er übrigens aus begreif-
2180 2099 3570 2223 lichen Gründen auch gar nicht denkt), dass wir viel-
2191 2141 3594 2269 mehr durchaus Anlass hätten Herrn Harz wegen un-
2187 2191 3585 2306 lauteren Wettbewerbes zu klagen, wenn er das Buch um
2191 2231 3583 2348 einen allzu billigen Preis auf den Markt xxxkts zu
2192 2280 3581 2394 bringen suchte, nachdem er doch fünfeinviertel Jahre
2196 2302 3623 2449 kein Exemplar verkauft hat. Trotzdem, was ja schon ei-
2200 2370 3581 2500 ne kleine Art von Rückzug bedeutet, erscheint es mir
2211 2414 3642 2536 praktischer Herrn Harz nochmals durch das Anbot einer
2201 2458 3574 2577 Summe von 2500 Mark entgegenzukommen, worüber ja in
2198 2520 3541 2639 dem beiliegenden Entwurf Näheres nachzulesen ist.
