3890 3560
2151 680 2595 813 S. Fischer
3126 816 3428 911 28.5.1930.
2327 964 2907 1076 Lieber Dekter Maril.
2725 1047 3697 1180 Ich habe nichts dagegen, dass Sie ge-
2308 1143 3635 1253 gen die nötige Sicherstellung über die osechischa
2714 1187 3644 1282 "Professer Bernhardi" abschliessen,
2306 1234 3609 1331 wenn Sie nicht glauben, das über die ozechischen
2293 1228 2680 1298 Aufführung des
2304 1264 3646 1372 Previnzbühnen Ihr hiesiger Vertreter O.Eirich die
2304 1347 2939 1434 bessere Uebersicht hat.
2705 1374 3708 1486 Aus Rumänien haben Sie wohl bezüglich
2308 1422 3735 1557 der "Traumnevelle" nichts weiter gehört? Ich entnehme
2311 1491 3676 1603 indes aus einem reuilleten des "Adeverul", Bucarest,
2320 1523 3712 1642 dass eine rumäätsche Ausgabe von "Frau Beate und ihr
2315 1569 3688 1690 Sohn" erschienen ist. Bitte um Mitteilung, ob indes
2322 1617 3616 1731 eine reichsdeutsche Aufführung vom "Spiel der Se
2318 1708 2916 1800 merlüfte“ erfolgt ist,
2687 1731 3642 1846 Wie hoch beläuft sich die Summe, die
2320 1780 3733 1935 uns Barnowsky noch schuldet und wann dürfen wir auf
2320 1880 2831 1963 Bezahlung rechnen.
2675 1935 3230 2027 Mit herzlichem Gruss
2673 1995 3181 2073 Ihr sehr ergebener
2332 2142 2627 2235 1 Beilage.
2661 2157 2742 2252 me
2361 2233 2975 2341 Herrn Dr. Konrad Maril.
2370 2313 2849 2394 S.Fischer, Verlag.
2347 2371 2565 2455 Berlin.
