3880 3688
571 1048 1824 1197 pfehlen, dass Sie sich gelegentlich informieren,
571 1103 1902 1236 um welche Auflage es sich in diesem Falle handelt,
575 1166 1915 1275 wobei ich aufmerksam mache, dass Harz schon vor Jah-
595 1219 1829 1314 ren eine ganze Anzahl des "Reigen" ohne Angabe
578 1253 1893 1358 von Auflagenziffern vertrieben hat. Weitere Vermu-
576 1314 1703 1425 tungen möchte ich vorläufig nicht äussern.
2229 712 2671 870 S. Fischer
3448 839 3739 951 13.7.1931.
2519 1005 2914 1083 Lieber Freund,
2814 1131 3832 1236 Hier ist der Brief von Gisela Nadler
2524 1197 3765 1256 über eine polnische Gebersetzung von WTraum und
2529 1242 3782 1297 Schicksal", ich bitte die Angelegenheit nach ei-
2529 1297 3792 1354 genem ärmeßen zu behandeln. Aus Polen habe wir
2520 1334 3782 1387 ja meines Erinnerns kaum je einen Heller bekom-
2515 1380 3678 1466 men. Der Brief von Gisela Nadler sieht auch
2517 1415 3219 1490 nicht nach viel mehr aus.
2751 1488 3763 1571 Darf ich fragen, ob in der Rundfunkan-
2512 1519 3044 1617 gelgenheit "Medardus"
3076 1537 3782 1632 Amtwort erfolgt oder gar
2515 1583 3236 1661 Honorar gezahlt worden ist?
2756 1670 3746 1737 Und wie steht es mit dem saubern Ita-
2514 1702 3870 1812 liener Herrn Rökk Richter, der unsere italienischen
2539 1763 3243 1829 undfunkhonorare einsteckt.
2776 1824 3698 1909 Unter diesen Umständen wird es mir
2504 1870 3739 1953 nicht einmal unangenehm sein, wenn Sie die Güte
2510 1934 3751 2012 haben wollten mir das Honorar für die im Druck
2514 1983 3712 2065 befindlichen 20.000 Exemplare, d.e. Mk. 3000.-
2512 2024 3120 2103 an meine Bank zu überwe
3159 2029 3254 2103 een.
2792 2081 3809 2178 Mit Bedauern entnehme ich Ihrem Brief,
2500 2126 3746 2214 lieber Freund, dass Ihre verehrte Gattin nicht
2505 2198 3749 2270 ganz wohl gewesen ist. Ich wünsche von Herzen
2500 2246 3744 2327 dass sie sich in Contresina völlig erholt. Was
2495 2288 3622 2351 mich anbelangt,so dürfte ich vorläufig für
2497 2319 3856 2404 einige Zeit auf den Semmering gehen (Südbahnhotel)
2505 2380 3788 2468 Adresse bleibt bis auf Weiteres Wien; der August
2495 2410 3098 2483 ist noch etwas unklar.
2785 2492 3560 2595 Mit den herzlichsten Grüssen
2787 2546 2893 2614 Ihr
2488 2636 3114 2751 Herrn S.Fischer,Verlag,
2498 2712 2692 2771 Berlin.
