3880 3416
637 848 1721 974 Mit dem Umschlag zur "Therese" bin ich
370 940 777 1010 einverstanden.
640 981 1668 1070 Heute Abend reise ich ab. Am 19. April
370 1059 1816 1138 würden mich Briefe in Athen treffen, am 23. in Constan-
381 1113 1685 1165 tinopel am 28. in Gravosa,am 29.in Triest. (A.S.
381 1142 1741 1241 Passagier der Stella d'Italia, Cosulich, III. Fahrt).
655 1216 1189 1310 Herzlichst grüssend
655 1288 1064 1373 Ihr ergebener
1234 1319 1326 1382 G.F.P.
384 1405 1771 1495 Das für das Neue Wiener Tagblatt bestimmte Exemplar
390 1486 1696 1544 "Therese" bitte persönlich an Dr. Moritz Scheyer
381 1531 817 1598 zu adressieren.
458 1854 702 1948 Bei Lage.
471 2109 1082 2206 Herrn Dr. Konrad Maril,
388 2172 864 2262 S.Fischer,Verlag.
393 2229 592 2314 Berlin.
2751 548 3303 682 Rokke Rechte stel.
2054 505 2509 700 S. Tischer
3059 635 3308 711 5.5.1928.
2908 741 3297 877 spiel in M.
3061 855 3297 958 Au
2255 862 2964 983 Lieber Herr Doktor Maril.
3236 942 3368 1010 G.C.F.P.
2596 992 3635 1068 Darf ich Sie um freundliche Mitteilung
2266 1035 3443 1111 bitten, ob Sie Herrn Stefano Rökk Richter,
2275 1091 3465 1165 Rom, tatsächlich im Jahre 1927 oder früher die
2266 1140 3521 1201 Autorisation zur Uebersetzung meines Einakters
2280 1180 3519 1272 "Grosse Szene" aus (Komödie der Worte") erteilt
2271 1199 3633 1301 haben! Die Beantwortung dieser Frage ist mir darum
2280 1273 3608 1346 wichtig weil Herr Richter vor oca 2 oder 3 Jahren
2276 1317 3588 1387 persönlich bei mir war und ich die Verhandlungen
2275 1360 3606 1436 mit ihm ausdrücklich abgebrochen habe, da mir sei-
2271 1412 3532 1468 ne Bedingungen nicht konvenierten. Indess habe
2276 1448 3544 1519 ich eine Option an eine Dame in Italien bezüg-
2275 1499 3525 1589 lich des ganzen Zyklus "Komödie der Worte“ er-
2280 1551 2464 1618 teilt.
2572 1620 3456 1683 Sie schreiben mir, dass Sie "Das
2320 1659 3598 1742 piel im Morgangrauen“ an zwei polnische Verlage
2284 1721 3483 1786 gegen eine Tantieme von 5% und eine Garantie
2285 1744 3582 1831 von 160 Mark überlassen haben. Scheint Ihnen das
2275 1804 3258 1901 doch nicht ein dischen gar zu wenig?
2599 1860 3557 1955 Die als Restzahlung für 20 Auflagen
2284 1910 3617 1999 der "Therese" noch fälligen 10.000 Mark bitte ich
2285 1977 3584 2044 an die Bank für auswärtigen Handel freundlichst
2284 2018 3584 2085 überweisen zu lassen. Da nach Herrn Fischers
2284 2056 3615 2136 Vorschlag nur 20 Auflagen der "Therese" gedruckt,
2284 2116 3604 2183 aber im Sinn unserer früheren Abmachung 25 Aufla-
2289 2143 3627 2219 gen bei Erscheinen bezahlt werden sollten, (ich er-
2284 2197 3557 2267 klärte mich damals auf Herrn Fischers Ersuchen
2293 2246 3519 2303 telegraphisch einverstanden) wäre das Honorar
2285 2293 3638 2348 der letzten 5 Auflagen noch zur Verrechnung offen,
2294 2336 3640 2394 und es wäre mir lieb, wenn Sie mir den betreffenden
2284 2372 3602 2473 Betrag am besten als Scheck hieher senden woll-
2293 2437 2419 2516 ten.
2709 2473 3580 2587 steht es mit der Frage des Ergän-
