3880 3688
861 1064 1897 1182 Wichtiger als dies wäre mir die Heraus-
653 1138 1859 1246 gabe eines neuen Bandes der Theaterstücke, der
653 1161 1996 1291 nun wohl fällig wäre und ich würde gern recht bald
653 1254 1379 1362 Ihre Meinung darüber hören.
877 1270 2027 1403 Die letzte photographische Aufnahme ist die
664 1344 1999 1462 Ihnen bekannte von Walter Firmer, Berlin W. Kaiser-
674 1393 1951 1506 damm 10., der Ihnen gewiss gern ein Bild zur Ver-
665 1471 1220 1582 fügung stellen wird.
880 1545 1492 1637 Mit herzlichen Grüssen
910 1590 1405 1696 Ihr sehr ergebener
698 2242 1459 2341 Herrn Dr. Gottfried Hermann,
712 2304 1197 2398 S.Fischer, Verlag,
707 2368 920 2450 Berlin.
2289 781 2699 915 Fischer
3276 916 3557 1000 12.9.1931.
2502 1045 3198 1143 Lieber Herr Doktor Maril.
2833 1154 3794 1258 Ueber "Die Flucht in die Finsternis"
2460 1232 3723 1286 habe ich bisher über Amerika verfügt wo da Suoh
2457 1272 3766 1327 schon gedruckt ist, ferner stehe ich in Korrespon-
2455 1320 3824 1384 denz mit Pantheon, Budapest, die sich neulich an mich
2455 1377 3758 1422 gewandt haben. Mit England haben Sie wohl indess
2455 1410 3766 1464 abgeschlossen? Sonst habe ich noch nichts verfügt
2457 1452 3740 1512 und stelle Ihnen gern anheim im Einvernehmen mit
2451 1490 3498 1573 mir mit anderen Ländern abzuschliessen.
2819 1545 3701 1644 Dase an dem Schutzumschlag nicht
2446 1613 3678 1674 mehr zu ändern ist, habe ich vorausgesehen. Wie
2451 1665 3702 1743 schade, dass man mir die Skizze nicht zu rechter
2451 1708 2957 1790 Zeit geschickt hat.
2822 1758 3761 1849 Das Anerbieten der englischen Firma
2443 1835 3754 1885 hinsichtlich der Aufführung in einem kleinen Art-
2448 1883 3751 1946 Theatre sieht ja nichts weniger als aussichtsvoll
2193 1868 2308 1954 Pdg
2443 1911 3749 1989 aus. Dass durch eine solche Aufführung der engli-
2179 1937 2384 2067 Reigen
2446 1970 3754 2020 sche Zenser bewogen werden könnte das Stück frei-
2443 2017 3754 2065 zugeben halte ich für ziemlich ausgeschlossen. So
2436 2055 3827 2107 hat es wohl keinen Sinn eine Aufführung ohne finan-
2436 2100 3240 2166 zielle Garantie zu gestatten.
2810 2153 3805 2256 Die Anfrage dieses unwahrscheinlichen
2427 2192 3751 2283 Herrn Rothgiesser habe ich mit Vergnügen gelesen.
2431 2277 3749 2328 Haben le diesem Sonderling nicht geschrieben,mit
2439 2323 3772 2379 welchem Recht er es wagt Ihnen ein Gedicht von mir
2439 2358 3716 2412 zur Veröffentlichung anzubieten und für sich Ho-
2436 2394 3799 2467 norar zu verlangen? (Uebrigens ist das Gedicht seit
2434 2446 3751 2528 Jahrzehnten in einer ganzen Anzahl von Antologien
2434 2488 2741 2569 enthalten).
2741 2550 3349 2652 Mit herzlichen Grüssen
2751 2620 3110 2699 Ihr ergebener
2451 2722 3032 2834 Herrn Dr. Konrad Maril,
