3842 3512
227 783 1431 984 und Aufführung in Holland frei geworden ist.
504 873 1618 1005 "Professor Bernhardi" ist niemals veröf-
239 936 1531 1087 fentlicht in holländischer Spxxxxke Uebersetzung
242 975 1577 1122 und das deutsche Buch des Werk datiert schon vor
244 1075 782 1168 mehr als 10 Jahren.
530 1101 1668 1228 Sie können das selbst noch untersuchen und
263 1149 1646 1305 wenn ein Irrtum vorhanden ist können wir selbstver-
274 1215 1577 1377 ständlich auch jetzt noch die Tantiemen fordern.
594 1275 1384 1435 Mit vorzüglicher Hochachtung
634 1356 1677 1488 Internationales Bureau für Aufführungs-
634 1451 1080 1568 und Urheberrecht
1115 1459 1301 1570 Keuls.
297 1595 1609 1735 P.S. Von Aufführungen von "Der einsame Weg" ist
302 1698 838 1818 uns nichts bekant.
2215 557 3126 683 Hars. (betwurf). 29.9.1928.
2938 630 3130 720 G.C.F.P
2218 701 3509 796 Ich habe Ihren Brief vom 25.d.M.
2239 760 3530 838 Sie schreiben. “Es stimmt vollständig, dass nach
2236 811 3442 885 unserem Vertrag das Verlagsrecht des “Reigen
2223 838 3546 927 bei Veranstaltung einer neuen uflage an Sie
2236 896 3527 971 zurückfällt, 30 lange jedoch Bestände vorhanden
2232 945 3474 1015 sind ist das Veranstalten einer neuen Auflage
2208 1003 2552 1066 unzulässig.
3251 1034 3363 1085 G.C.F.P
2420 1047 2590 1099 habe.
2220 1029 3574 1159 Der Widerspruch zwischen diesen 2 Sätzen ist
2250 1122 3491 1189 in die Auge fallend, da von der 101. Auflage das
2241 1164 3479 1235 Recht wieder mir gehört, so xxxx es auch nicht
2239 1196 3472 1273 unzulässig sein, wenn ich von diesem Recht Ge-
3433 1240 3512 1308 G.C.F.P.
2241 1263 2631 1351 brauch mache.
3439 1300 3528 1351 G.C.F.P.
2915 1305 3015 1352 G.C.F.P.
2244 1300 3527 1416 Unter normalen Umständen würde man natürlich
2244 1389 3530 1449 keine veranstalten, so lange Bestände vorhanden
2601 1440 2819 1526 G. A. in
2239 1445 2457 1510 sind.
2489 1488 2575 1540 G.F.P.
2234 1475 3532 1595 Da Sie aber diese Bestände, etwa 3-4000 Exempl.
2248 1544 3618 1626 entweder nicht verkaufen wollen oder nicht
2253 1581 3495 1665 kaufen können, der Reigen daher durch Ihr/Vor-
2257 1628 3665 1718 gehen von Büchermarkt so gut wie verschwunden
2250 1684 3504 1760 ist, so machen Sie sich einer Verletzung meines
2250 1725 3585 1848 Urheberrechtes schuldig, das zu dulden ich keiner-
3265 1777 3481 1837 G.H.F.P.
2248 1786 2734 1872 lei Ursache habe.
3224 1825 3374 1876 sahab
2759 1835 2864 1886 sind
2253 1828 3520 1942 Sie schreiben ferner:..Die versprochene genaue
2257 1906 3444 1981 Aufstellung der in den letzten Jahren durch
2239 1941 3470 2025 mich abgesetzten Jahre ist nicht so einfach
2259 1983 3516 2072 zu machen und arbeiten meine Leute daran schon
2229 2035 3490 2115 sehr lange. Es handelt sich um Absatz von 1-2
2253 2083 3493 2158 Exemplaren. - Einige Zeilen später schreiben
2244 2127 3495 2206 Sie: "Es ist sehr möglich, dass innerhalb eines
2216 2169 3462 2248 Jahres vielleicht 50 oder 80 oder 100 Stück
2220 2230 2719 2304 verkauft werden.
3304 2266 3577 2364 eig hervor.
2334 2280 3142 2374 Die unserer Korrespoden geht akademie.
3258 2339 3551 2406 ###e vom 11.
2216 2359 3216 2434 und den Angaben des Dr. Rosenberger.
2262 2399 3444 2473 12.1926 noch 4521 Exemplare sich befanden
2380 2432 3263 2518 dass an IhrenLager bestände am 5.
3388 2404 3535 2501 1928
2257 2462 3505 2590 4###000 Exempl. noch vorhanden waren. Sie haben
