3872 3594
2019 707 2503 799 J. Tischer
3055 755 3343 852 25.4.1931.
2256 937 2692 1046 Lieber Freund.
2495 1065 3598 1150 Die übersandten Umschläge Döblin,Hausmann
2280 1106 3513 1207 und Duhamel waren mir natürlich schon alle be-
2278 1151 3559 1248 kannt. So wenig ich für Umschläge dieser Art im
2282 1203 3622 1283 allgemeine eingenommen bin,-der für den "Alexander
2273 1248 3591 1343 platz" ist gewiss originell und ich begreife, dass
2282 1286 3604 1361 er Schule gemacht hat. Alle diese Umschläge haben
2277 1335 3591 1414 den Vorzug, dass der Text,resp. die Kritik, auf der
2282 1366 3622 1449 ersten Seite abgeschlossen ist, dass also nicht, wie
2282 1428 3544 1492 es beim "Reigen" der Fall sein soll, der Schluss
2282 1454 3625 1546 der Kritik auf der letzten Seite eingesehen werden
2273 1506 3596 1577 muss. Schaden kann natürlich auch das nicht; all-
2282 1535 3649 1634 zuviel ornamentaler Schmuck wäre ja auch nicht nach
2273 1592 3648 1668 meinem Geschmack, aber ein dischen lebendiger künfte
2284 1637 3629 1718 ta ja der erste Eindruck des Buches in der Auslage
2282 1677 3648 1756 meiner Ansicht nach doch sein! Sie werden schon das
2280 1743 2744 1820 Hichtige treffen.
2519 1810 3585 1879 Dass das Hovellenbuch über die Zwanzig
2282 1857 3553 1929 tausend bisher nicht hinausgekommen ist, wundert
2273 1912 2878 2000 mich nicht alizu sehr.
2522 1979 3613 2059 Mein Verslustspiel "Die Schwestern" wird
2292 2028 3661 2107 eben komponiert. Der Komponist hält sich vollkommen
2292 2078 3651 2147 an meinen Text, das Buch wird nur im Ganzen um nahe-
2294 2125 3630 2192 zu Zweidrittel gekürzt werden. Es wird also gewis-
2294 2161 3591 2228 sermassen ein neues, dünneres Buch und, wenn es so
2298 2209 3622 2270 weit ist, wird der Musikverlag jedenfalls auch den
2298 2254 3648 2323 Verlag des Textbuches übernehmen wollen. Sie haben
2298 2294 3646 2367 ja einige Erfahrung in diesen Dingen. Wie haben Sie
2301 2339 3599 2432 in solchen fallen die Sache mit dem Musikverlag
2298 2393 2598 2465 vereinbart?
2567 2443 3639 2543 In den Zeitungen las ich, dass das Berli-
2270 2508 3660 2581 ner Staatstheater in der nächsten Saison den Ganz
2306 2553 3611 2621 zum Weiher spielen will. Da ich mit Berlin gern
2294 2593 3677 2664 selbst ver handle, wie Sie wissen, darf ich vielleicht
2301 2642 3651 2712 bitten die Intendanz, von der ich persönlich bisher
2294 2695 3471 2769 kein Wort gehört habe. an mich zu verweisen.
