3879 3560
463 863 1737 1021 Stückes vor einem Erfolg der Uraufführung kaum
492 939 1658 1050 jemals zu entschliessen pflegen und auch bei
482 972 1675 1092 Annahme nach einem eventuellen Misserfolg der
485 1018 1734 1146 Uraufführung auf eine Auffühnung lieber zu ver-
489 1055 1789 1190 zichten pflegen, ist nach meinen Erfahrungen durch
485 1105 1717 1233 ein vorzeitiges oder gar wahlloses Umhersenden
487 1144 1712 1274 eines neuen Stücks nicht viel gewonnen. Und so
487 1191 1712 1313 möchte ich die weitere Behandlung dieser Frage
495 1217 1746 1358 durohaus Ihnen überlassen, der mit den Theater-
506 1254 1820 1402 verhältnissen im Reich mehr vertraut ist als ich.
844 1338 1781 1464 Wie ich schon ersucht habe, soll das
514 1402 1729 1525 Guch erst knapp vor der Uraufführung im Handel
516 1454 1791 1569 erscheinen, jedenfalle also bereit liegen,so dass
516 1488 1840 1611 bei feststehendem Termin der Uraufführung keiner-
516 1579 1164 1660 lei Verzögerung erfolgt.
863 1589 1882 1724 Ich weiss nicht, ob Sie, wie es manchmal
522 1656 1857 1789 geschieht.meine übrigen Werke oder einzelne in dem
524 1698 1828 1833 neuen Buch anzeigen werden. In dem letzteren Fall
527 1737 1862 1877 läge mir daran, dass "Geist im Wort" unter den ange
534 1818 1419 1926 zeigten Werken aufgenommen werde.
880 1852 1768 1983 Für die Einsendung der Korrektur-
541 1899 1825 2056 Exemplare danke ich bestens, heute geht eines mit
538 2009 1328 2105 dem Imprimatur an Sie zurück.
898 2030 1837 2148 Wie viele Auflagen und wie viel da-
558 2113 1624 2223 von gebunden sollen zunächst erscheinen?
903 2170 1857 2287 3.) Was den "Reigen" anbelangt hat-
561 2229 1837 2357 ten wir uns zuletzt dahin geeinigt, dass das Buch
564 2271 1816 2398 im Verlag Fischer möglichst im Herbst d.J. er-
573 2317 1864 2440 scheine, nachdem im Frühjahr - statt des ursprüng-
568 2359 1813 2490 lich dafür bestimmten "Reigen" - die Neuauflage
575 2388 1931 2534 von “Casanovas Heimfahrt“ herauskam. Wir hatten uns
576 2442 1889 2578 ferner so ziemlich geeinigt, dass wir den
575 2507 1821 2617 Forderungen Harzens allerhöchstens bis 3000 Mk.
586 2534 1877 2669 entgegenkommen wollten, die von uns beiden gemein-
657 2588 1848 2725 vorläufig auszulegen wären. Im Falle umgut
2170 607 2342 701 D'
3252 671 3471 736 Fischer,
3259 709 3643 807 14.10.29.Bl.2.
2352 789 3540 885 Harz sich damit nicht zufrieden geben wolle,
2352 856 3574 927 sollte das Buch ohne jede Rücksicht auf Herrn
2349 900 3572 989 Harz im Verlage S.Fischer erscheinen,wozu wir
2359 949 3471 1026 nach dem Wortlautmittene Nrtrages mit Harz
2362 982 3606 1062 ohneweiters berechtigt war und bin. Wir hatten
2356 1023 3635 1105 konstatiert, dass Harz bei dem von ihm beliebten
2364 1068 3604 1147 Tempo des Vertriebs zum endgültigen Ausverkauf
2356 1107 3653 1200 seiner "Reigen"-Vorräte zirka hundert Jahre be-
2356 1136 3682 1233 nötigen würde und es vollkommen in der Hand hätte
2367 1206 3584 1277 mich in der Ausübung meines Urheberrechts auf
2364 1238 3599 1321 Lebenszeit zu verhindern. Näheres hierüber ist
2371 1269 3662 1373 in meinen ausführlichen Briefen vom vorigen Jahr
2367 1353 2696 1422 nachzulesen.
2708 1390 3488 1493 Mit den herzlichen Grüssen
2693 1478 3181 1547 Ihr sehr ergebener
2379 1951 2972 2027 Herrn Dr.Konrad Maril,
2386 2014 2851 2088 S.Fischer,Verlag.
2371 2057 2593 2138 Berlin
