3889 3528
2148 557 2360 682 28th/7
3020 628 3292 706 7.7.1928.
1972 657 2394 754 Hscher
2727 687 2951 836 us to
2255 834 2724 956 Lieber Freund.
2827 853 3023 978 Felet
2998 925 3617 1021 jeden der vier Bände...
2353 964 2958 1060 Ihrer Forderung für
2279 999 3586 1100 von denen der erste zehn, der zweite elf kleinere,
2283 1035 3574 1154 die anderen zwei Bände je drei grössere Novellen
2285 1074 3533 1194 enthalten, neue Titel zu finden rasp. zu erfin-
2286 1108 3582 1255 den, stehe ich immer ratloser gegenüber. Ohne mich
2312 1165 3526 1282 den buchhändlerischen Dringlichkeiten als Ur-
2290 1187 3570 1322 sachen und Rechtfertigung Ihres Wunsches zu ver-
2291 1248 3514 1368 schliessen, möchte ich vor allen bemerken, dass
2290 1293 3543 1424 die von Ihnen herangezogenen Analogien mit den
2300 1387 3603 1508 übrigen Gesamtausgaben in Einzelausgabe kaum in
2307 1435 3576 1541 einem Falle wirklich zutreffen. Die Wassermann-
2312 1474 3519 1595 Bände, beinahe durchaus Romane, sind seit jeher
2307 1488 3569 1638 naturgemäss unter einem Einzeltitel erschienen,
2310 1565 3564 1674 dasselbe gilt für Thomas Mann, bei dem überdies
2312 1604 3564 1713 die beiden Novellenbände auch weiterhin als No-
2319 1650 3581 1758 vellen in zwei Bänden in der Gesamtausgabe ent-
2317 1688 3565 1809 halten sind ohne dass jeder dieser Bände einen
2327 1732 3612 1854 separaten Titel führt. Bei Gerhart Hauptmann und
2324 1789 3564 1898 Ibsen haben die einzelnen Bände meines Wissens
2329 1802 3622 1939 auch nicht jeder einen separaten Titel. Gleiches
2339 1871 3543 1985 trifft auf Hofmannsthals Prosaische Schriften
2336 1903 3603 2023 zu. Es bleibt also wohl der erste Fall, dass ein
2329 1951 3634 2067 futor genötigt werden sollte für einen Band mit
2339 2009 3552 2114 10, einen andern mit 11 und zwei andere mit je
2336 2023 3634 2156 3 Novellen Sammeltitel zu finden mit dem Bedeu-
2339 2084 3632 2194 ten, dass sonst ein Neudruck überhaupt nicht mög-
2339 2110 3694 2247 lich wäre. Was Shaw anbelangt, so möchte ich darauf
2339 2182 3646 2291 hinweisen, dass zusammenfassende Titel wenigstens
2348 2226 3641 2331 für zwei Bände schon in der englischen Urausgabe
2351 2273 3699 2375 bestanden haben, die bereits 1897 in meinem Besitze
2502 2324 3541 2413 "Plestant Plays. Unpleasant Plays“, etwas
2360 2322 3735 2468 später glaube ich erschienen die "Plays for Puritan
2355 2372 2509 2432 war:
2363 2409 3644 2515 Ob die Komödien des Glaubens auch in England zu-
2362 2452 3641 2565 sammen in einem Band erschienen sind, weiss ich
2362 2546 2533 2627 nicht.
496 2709 1178 2828 wäre endlich noon, ou man
