3889 3528
629 893 1734 1030 Folgerichtig müssten Sie mich nun vor die
422 977 1734 1091 Wahl stellen, für die 4 Bände der Tiesterstücke je
422 1017 1713 1126 einen zusammenfasenden Titel zu finden oder auf
426 1063 1699 1184 einen Neudruck zu verzichten, doch hoffe ich von
431 1114 1686 1212 diesem Dilemna bewahrt zu bleiben, umso mehr als
410 1149 1704 1266 sich gewiss noch kein Autor, der es einmal bis zu
431 1182 1788 1312 einer Gesamtausgabe gebracht hat, und immerhin seit
433 1249 1683 1350 dem ersten Erecheinen dieser Gesamtausgabe, an
433 1280 1704 1412 Namen nichts eingebüsst hat, einer solchen Frage
1412 1352 1497 1408 .S.
438 1373 811 1457 gegenübersah.
650 1403 1758 1510 Wie schwer es ist solche zusammenfassende
445 1461 1730 1571 Titel ohne Gewaltsamkeit zu erfinden, erselen wir
469 1492 1797 1620 ja am besten daraus, dass Sie selbst bisher nur den
461 1536 1793 1655 einzigen für den Ergänzungsbend vorzuschlagen vus
459 1590 1744 1693 ten: Die Dreizahl, der mir übrigens so wenig ver-
457 1620 1795 1742 kaufsffördernd erschiene als etwa die Zehnzahl für
459 1681 1741 1781 den ersten und die Elfzahl für den zweiten Band.
471 1718 1806 1835 (An dieser Stelle möchte ich einfügen, dass Zsolnay
457 1767 1760 1876 nach meinem Vertrag mit ihm gegen das Erscheinen
464 1818 1753 1911 des "Fräulein Else" innerhalb der Gesamtausgabe,
464 1846 1830 1968 also auch in einem Ergänzungsband dieser Gesamtaus-
480 1902 1764 2014 gabe Einwände zu erheben nicht nur nicht berech-
473 1921 1786 2051 tigt wäre, sondern dass er, als ich ihm von dem be-
476 1986 1741 2087 vorstelenden Erscheinen dieses Ergänzungebandes
471 2024 1788 2138 Mitteilung machte, ausdrücklich erklärte, dass sei-
478 2072 1767 2182 ner Ueberzeugung nach dieser Ergänzungsband, der
485 2117 1767 2231 bei ihm weiter erscheinenden Separat usgabe kei-
478 2191 1201 2305 nerlei Konkurrenz bedeute.
730 2233 1760 2340 Als würdigste Lösung des Titelproblems
485 2292 1797 2417 für Verlag sowie für Autor, erscheint mir demnach
492 2331 1772 2457 es vor allem einmal bei dem Obertitel "Novellen"
490 2383 1762 2492 für die zwei ersten Bände zu belas en. Eine mir
489 2425 1827 2539 nicht sympathische leise Möglichkeit bestände die
503 2469 1883 2576 zwei anderen Bände mit je drei Novellen als "Kleine
503 2527 1813 2623 Romene“ zu bezeichnen (wie solche Erzeugnisse in
497 2555 1769 2665 Frankreich z.B. fälschlicherweise immer genannt
513 2592 1799 2707 werden; streng genommen müsste dann freilich auch
510 2644 1916 2737 "Bertha Garlen in diese Gruppe gehören). Zu erwägen
496 2692 1834 2813 väre endlich noch, ob man xxxx die zwei
3121 711 3469 814 Fischer.Bl.2
3322 771 3557 856 7.7.1928
2322 842 3604 925 ersten Bände nach je einer der in ihnen enthal-
2322 907 3664 977 tenen charakteristischen Einzelnorelle bezeichnen
2324 954 3601 1031 könnte, den ersten z.B.:“Sterben“ und andere No-
2327 1003 3618 1054 velien" und den zweiten: „Die Hirtenflöte und an-
2324 1045 2693 1103 dere Novellen
2751 1038 3592 1091 Es kämen ferner in Betracht für
2322 1082 3616 1156 den Band: Graesler, Beate, Casanova der Obertitel:
2343 1133 3564 1191 „Die Alternden“ und für den Band Else, Frau des
2315 1175 3410 1236 Richters, Trammnovelle: "Die Erwachenden"
2319 1189 3597 1273 müsste dann natürlich umso mehr darauf geschtet
2324 1264 3627 1315 werden, dass ja nicht bei naiverem Käuferpublikum
2315 1306 3618 1369 die Meinung erweckt würde, es handle sich um neue
2319 1352 3555 1408 Werke, was durch eine entsprechende Ankündigung
2327 1375 3639 1466 einer solchen Neuausgabe meiner Gesammelten Werke
2327 1434 3534 1489 wohl vermieden werden könnte. Jedenfalls aber
2327 1483 3534 1532 denke ich, dass wir endlich zu einem Resultate
2324 1515 3592 1585 kommen sollten, umso mehr als ein Neudruck Ihnen
2324 1569 3597 1630 schon vor fast einem Jahre - anläglich unseres
2324 1613 3618 1685 Gespräches in Khobenstein eine ziemlich dringen-
2324 1658 3350 1727 de Notwendigkeit xxxxx zu sein schien.
2608 1721 3170 1827 Mit herzlichem Gruss
2609 1792 2711 1855 Ihr
2310 2261 2949 2359 Herrn.Fischer, Verlog.
2310 2322 2532 2396 Berlin.
