3883 3561
2680 681 2927 784 My Lord
1973 728 2394 833 S. Tischer
3102 749 3417 868 26.11.1930.
2706 780 2876 889 Per
2234 940 2472 1000 G.H.F.P.
2226 974 2627 1059 Lieber Freund.
3166 1033 3341 1097 G.C.H.F.P
2544 1051 2835 1112 ein Teülsch
2450 1081 3513 1167 Mit gleicher Post erhalten Sie die neue
2244 1125 3463 1211 Novelle zugesandt und ich hofre, dass Sie bald
2247 1178 3458 1264 Zeit finden werden sie zu lesen, Von Ullstein
2249 1204 3574 1320 habe ich noch keine Verständigung, für welche ihre
2254 1252 3546 1351 Blätter sie xxx die Veröffentlichung in Aussicht
2262 1302 3582 1404 genommen haben, so dass also ein Termin noch nicht
2259 1351 3501 1436 feststeht. Ich hoffe, dass sich die Sache
2259 1393 3430 1482 nicht erheblich verzögern wird und das Buch
2246 1386 3572 1531 Frühjahr bei Ihnen wird erscheinen können. Sollte
2260 1478 3552 1576 dies der Fall sein, so wird es wohl keine Schwie-
2262 1515 3582 1612 rigkeit haben den Satz bei Ihnen zu beschleunigen
2265 1571 3465 1662 so dass ich für Amerika und Frankreich, wo das
2269 1604 3584 1690 Buch eventuell gleichzeitig in der deutschen Aus-
2269 1648 3556 1747 gabe erscheinen soll, Bürstenabzüge zur Verfügung
2262 1737 2442 1805 hätte.
2520 1741 3556 1856 Vom “Reigen“ hoffe ich bald mehr zu hö-
2272 1823 3541 1924 ren und ganz besonders wird es mich freuen, wenn
2279 1871 3513 1965 sich Ihre liebenswürdige Frau Tochter für die
2280 1919 3562 2010 Ausstattungsfrage, Umschlagzeichnung, Einband etc.
2277 1973 3114 2072 weiterhin interessieren wollte.
2524 2015 3518 2128 Ueber den rumänischen Vorschlag wegen
2998 2084 3511 2166 rie (100 Rdl. pro Band
2289 2110 2975 2186 der volkstümlichen Homange
2289 2112 3604 2216 der in einem Brief des Dr. Maril vom 6. Nov. enthalb
2295 2181 3577 2264 ten war) haben wir zu sprechen vergessen. Gegen-
2295 2213 3579 2310 über den gewöhnlichen rumänischen Honoraren,wel-
2292 2265 3508 2351 che sich um O Mark herum bewegen, bedeuten 100
2287 2310 3585 2396 Mark freilich eine ausserordentliche Steigerung,
2302 2351 3580 2442 besonders, wenn sie gezahlt werden sollten.Trotz-
2303 2389 3513 2482 dem bin ich dagegen, dass man den Leuten einen
2302 2427 3617 2534 Roman von der Ausdehnung des "Weg ins Freie" oder
2292 2470 3541 2576 „Therese“ um den Betrag von 100 Mk. überliesse.
2298 2529 3597 2612 Für die kleineren Bücher ("Bertha Garlan“ “Casa-
2302 2574 3551 2694 nous" etc.) könnte man sich ja damit zufrieden
