3868 3496
2072 616 2505 722 T. Tischer
3109 718 3375 804 2. 4. 1928.
2328 837 2863 938 Lieber Herr Doktor.
2630 964 3565 1070 Beigeschlossen eine Liste der Wid-
2332 994 3544 1093 mungs-resp.Resensionsxemplare "Therese" die
2337 1080 3539 1138 ich "Im Auftrag des Autors" zu versenden
2343 1115 3615 1177 bitte. Einige wenige Namen stimmen mit denen in
2333 1171 3616 1233 Ihrer Liste überein. So weit als irgend möglich
2337 1215 3482 1280 bitte ich nur gebundene Exemplare an meine
2340 1245 3596 1319 Adressen zu versenden, an mich persönlich bitte
2322 1301 2979 1390 20 Exemplare ###
2627 1371 3327 1470 Mit verbindlichen Grüssen
2634 1433 2999 1509 Ihr ergebener
2284 1574 3570 1683 In Warschau ist unter dem Titel "Gra o brzaskn"
2299 1623 3595 1719 vermutlich meine Nevelle “Spiel im Morgen grauen“
2290 1674 3618 1759 erschienen.Warschau Roj. 1928. Kritik darüber fand
2292 1732 3606 1805 ich in "Wiadomosci Literackie Varsovie 19.2.28.
2332 1792 3628 1848 2 Bellage. Bitte die nötigen Schritte zur Wah-
2670 1821 3631 1914 rung unserer Rechte zu unternehmen.
2337 2077 2939 2168 Herrn Dr. Konrad Maril,
2337 2147 2819 2214 S.Fischer,Verlag,
2333 2193 2546 2266 Berlin.
