3875 3400
2942 613 3232 717 22.1.1928.
2059 624 2450 707 Fischer
2755 709 3048 820 Ain
2591 802 2781 869 G.C.H.F.P.
2246 841 3050 958 Lieber Freund.
2870 878 3076 947 G.H.F.P.
2753 923 3091 989 G.C.H.F.P
2595 937 2705 995 G.C.F.P.
2380 941 2512 993 G.C.F.P.
2461 965 3700 1058 Das Berliner Tageblatt hat, wie wir ja erwar-
2226 991 2422 1056 G.C.F.P
2252 1028 3575 1097 tet haben, gleichfalls seine Bedenken gegen den
2272 1082 3590 1145 Zeitungsabdruck meines Romans, so versichte ich
2252 1106 3681 1205 also auf jeden weiteren Versuch und der Veröffentli-
2255 1164 3601 1249 chung des Romans als Buch in kürzester Zeit steht
2257 1216 3679 1273 nichts mehr entgegen. Die Korrekturbogen des umbro-
2257 1251 3705 1324 chenen Exemplars gehen Ihnen durch das Berliner Tage-
2255 1299 3603 1372 blatt zu. Sie lassen mir wohl noch eine Korrektur
2255 1338 3622 1401 zukommen, in der die xxx kleinen Richtigstellungen
2255 1392 3618 1453 meines Exemplare genau berücksichtigt worden sind.
2265 1424 3681 1504 Ich möchte auch gern Winbandmuster sehen. Eben fällt
2252 1465 3700 1541 mir ein, dass ich den Verlag schon vor einigen Monaten
2265 1526 3640 1585 bat mir die zuletzt ersuchten Gratisexemplare mei-
2257 1561 3625 1628 ner letzten Novellen in dem hübschen Einband zuzu-
2261 1622 3616 1682 senden, den Sie für eine Reihe von Exemplaren her¬
2255 1648 3633 1719 stellen liessen und wovon ich nur dadurch Kenntnis
2257 1680 3696 1773 erhielt, dass mir einige Bände von so genannten Vereh-
2261 1760 3612 1806 rern zur Namenszeichnung eingesandt worden sind.
2265 1780 3601 1851 Wie hoch gedenken Sie den Preis des broschierten,
2265 1836 3685 1912 wie hoch den des gebundenen Exemplares festausetzen?
2281 1882 3622 1936 Haben Sie die Absicht auch einige in Leder gebun-
2263 1919 3631 2021 dene Exemplare herzustellen oder etliche numerier-
2263 1973 2870 2066 te Pergamentexemplare.
2487 2049 3610 2122 Ich hatte das Vergnügen mit Dr.Maril über
2265 2090 3562 2172 die "Reigen"-Ausgabe zu sprechen. Er wird Ihnen
2263 2146 3518 2226 wohl selbst darüber geschrieben haben und ich
2261 2179 3627 2255 möchte nur zusammenfassend bemerken, dass ich mich
2272 2239 3764 2302 bereit erklärt habe mich an dem Rückkauf der noch###
2272 2283 3724 2346 in Händen von Harz befindlichen Exemplare surgareichen
2265 2326 3612 2398 xxx Ihnen zu beteiligen. Ich glaube, es wird
2272 2372 3599 2435 ohne welteres möglich sein diese Exemplare in den
2265 2409 3573 2499 Handel zu bringen, freilich würde sich empfehlen
2265 2467 3687 2547 auch schon in diesen Exemplaren die Verlagsbezeich-
2274 2512 3566 2625 nung zu ändern. Dazu könnte eventuell Neudruck
2287 2556 3338 2621 eines Bogens notwendig werden. Ueber di
2563 2604 2643 2662 Ihn:
2738 2606 2825 2688 dert
