3883 3561
452 873 1778 1021 ner Büchef ein starker Sammelband meiner Novellen
459 961 1778 1044 oder die „Therese“ vorzuziehen wäre. Hir persön-
458 1004 1671 1092 Ich wäre eine billige Ausgabe der "Therese"
458 1032 1811 1146 beinahe sympathischer. Für den Novellenband kämen
463 1090 1755 1171 wohl vor allem oder ausschliesslich meine kür-
450 1121 1784 1221 zeren Geschichten in Betracht,die also im ersten
436 1177 1784 1267 und zweiten Band der Eges. Erzählenden Schriften
459 1223 1734 1311 erschiehen sind. Damit wäre vielleicht für diese
452 1267 1755 1361 zwei Bände die Verkaufsmöglichkeiten noch gerin-
458 1317 1461 1428 ger als sie ohnehin zu sein scheinen.
652 1365 1761 1486 Der "Casanova" wird doch hoffentlich auch
471 1444 1742 1528 einmal in Deutschland zu seinem Rechte kommen.
1021 1482 1738 1561 zege in Amerika ist eben zu
469 1507 1027 1586 Der Konfiskationspro=
473 1525 1842 1621 meinen Gunsten entschieden worden; Simonbk Schuster
273 1567 1817 1648 scheinen sich einen grossen Erfolg zu versprechen.
269 1567 375 1621 dix
502 1628 1724 1707 und wollen (wenn ich ein etwas unklares Tele-
481 1663 1799 1763 gramn richtig verstanden habe) nun auch die Frei-
484 1682 1828 1794 gabe des "Reigen" in Amerika betreiben. In Italien
475 1746 1730 1834 und Frankreich sind gerade in der letzten Zeit
481 1778 1776 1869 Uebersetzungen des "Casanova" herausgekommen und
363 1840 1751 1921 sehr herzlich begrüsst worden. Charakteristisch
496 1878 1742 1982 ein schöner Artikel im "Marzoeco", wo "Casanova"
488 1932 1776 1997 „Therese und “Else“ als typisch und bedeutungs¬
490 1972 1784 2055 voll für die Literatur der Nachkriegszeit behan-
492 2028 821 2122 delt werden.
536 2082 1859 2184 Nicht ganz unmöglich, dass noch vor Weihnach-
488 2144 1809 2222 ten eine neue vandfullende Novelle Ihnen zur Ver-
502 2176 1744 2265 fügung stehen wird; Umfang etwa "Traumnovelle"
496 2205 1884 2319 Nach mir vorliegenden Anträgen würde ich ein gleich-
500 2274 1794 2355 seitiges Erscheinen in Frankreich und in Amerika
496 2319 1771 2388 in Betracht ziehen. Unverbindlich bitte ich Sie
498 2363 1742 2440 mir auch gelegentlich mitzuteilen, ob die "Neue
498 2395 1813 2497 Rundschau" zu Beginn des nächeten Jahres Raum für
502 2468 811 2545 mich hätte.
688 2503 1236 2638 Mit herzlichen Grues
819 2593 954 2645 Ihr
3172 629 3584 742 6.11.1930.
2028 665 2470 761 S. Bacher
2242 965 3182 1079 Sehr gepetes Herr Doktor Kayser.
2515 1090 3582 1194 Meine Mitteilung in Hinsicht auf meine
2276 1161 3537 1232 Novelle war völlig unverbindlich gehalten. Er¬
2278 1209 3576 1269 stens ist die Hovelle noch nicht fertig, zweitene
2278 1269 3547 1325 ist es noch nicht sicher,ob sie sich gerade für
2278 1300 3478 1363 die "Neue Rundschau" eignet, drittens hat sie
2282 1352 3632 1411 noch keinen Titel. Es besteht also vorläufig weder
2288 1400 3651 1463 von Ihrer noch von meiner Seite eine Verpflichtung
2282 1442 3587 1505 Jedesfalls aber hoffe ich Ihnen vielleicht schon
2278 1494 3603 1551 in ca. 8-10 Tagen Genaueres sagen zu können,viel-
2278 1526 3609 1590 leicht sogar mündlich, da ich vorauesichtlich nach
2284 1578 3603 1632 Berlin kommen dürfte. Ich freue mich Sie bei die-
2278 1630 3582 1715 ser Gelegenheit wiedersehen und sprechen zu kön-
2278 1674 2415 1751 nen.
2488 1724 3289 1832 Mit herzlichem Dank und Grues
2517 1807 3016 1871 Ihr sehr ergebener
2282 2165 2953 2267 Herrn Dr. Rudolf Kayser,
2278 2238 2690 2303 Neue Rundsohan,
2282 2282 2530 2355 Berlin W.
