3859 3576
2151 657 2548 740 Tischer
3085 707 3394 806 15.2.1930.
2357 911 3062 1042 Lieber Herr Doktor Maril.
2692 1013 3684 1125 Beigeschlossen ein irrtümlich an den
2384 1103 3666 1184 Verlag Pfeffer gelangtes, von diesem mir übermit-
2390 1146 3616 1227 telten Schreiben aus Oelo, eine Aufrührung des
2387 1189 3624 1281 "Bacchusfest betreffend, das ich nach Ihrem Er
793 1191 871 1249 G.F.P.
2380 1257 3079 1325 messen zu erledigen bitte.
2729 1287 3644 1387 Ich erhalte die Nachricht, dass in
2384 1357 3707 1453 der letzten Zeit in Kopenhagen wieder die "Gros-
2384 1408 3684 1495 se Szene" gespielt worden ist und wohl auch wei¬
2402 1450 3636 1539 ter gespielt werden dürfte. Sind Sie von Ihrem
2389 1513 3165 1597 Vertreter informiert worden?
2740 1556 3641 1665 Ich höre weiters, dass in Prag mit
2399 1636 3546 1705 Erfolg "Das Spiel der Sommerlüfte" gesplelt
2394 1642 3692 1805 wurde. Wurde mit Ihnen darüber Vertrag geschlos-
2395 1755 2510 1806 sen
2745 1790 3677 1866 Besteht ein Vertrag zwischen Ihnen
2405 1843 3576 1932 und Jespersen in Danemark die "Traumnovelle"
2405 1921 2722 1994 betreffend.
2783 1954 3702 2044 Ich kann leider Ihren Brief augen-
2413 2022 3712 2108 blicklich nicht finden, in dem Sie mir von einer
2417 2060 3749 2141 Anfrage aus Holland berichteten, den "Nes ins Freie"
2417 2110 3726 2188 betreffend. Ich habe indess von Querido ein Er-
2422 2150 3719 2246 suchen erhalten vorläufig über dieses Buch nicht
2417 2200 3613 2287 zu verfügen, bin aber noch nicht entschlossen
2417 2234 3692 2319 diesen finanziell nicht unterstützten Wunsch zu
2432 2282 3694 2362 berücksichtigen. Hat jener andere holländische
2423 2331 3427 2425 Verlag eine bestimmte Summe geboten?
2767 2385 3681 2521 Hatsich in der Angelegenheit Harz
2427 2473 2991 2571 etwas Neues ereignet?
2759 2506 3299 2594 Mit herzlichen Gruse
2772 2573 3138 2652 Ihr ergebener
