3898 3576
3466 597 3739 717 4,5:1530
2043 608 2315 727 Fisher
2383 747 3381 875 Fischerverlag Berlin Bülewstrasse 90
435 808 1777 934 Abendeinnahmen nicht einbezogen worden sind. Wäre
446 872 1837 983 hier nicht an einen ähnlichen Irrtum zu denken? Dass
448 909 1905 1028 die Einnahmægkeiten des Theaters beim "Bernhardi"
2383 913 3567 1032 Ich bin mit Ihren Vorschlägen einverstanden
1645 964 1843 1026 beinahe
452 975 1579 1071 kuurjuxitexxsusxfekkuxktanskuosmögitekkatt
448 996 1962 1114 nie 50% der Einnahmemöglichkeiten erreicht haben, und dass
2385 1013 3667 1120 Doktor Hoffmann erst gestern angelangt schreibt
456 1049 1952 1167 das Stück trotzdem 68 Mal gespielt worden ist, ist schwer
2379 1107 3164 1214 Näheres Gruss Dank bald mehr
456 1141 826 1209 zu begreifen.
793 1162 1967 1276 Durch Herrn Trebitech habe ich die ausdrück¬
463 1224 1962 1333 liche Erlaubnis erhalten die Angaben Barnowskys über sei
461 1276 1956 1374 ne Massary-Einnahmen in meiner Anfrage an Sie zu verwen-
3016 1227 3513 1342 Arthur Schnitzler
459 1367 599 1442 den.
819 1370 1971 1493 Nach wie vor bleibt mir rätselhaft, dass wir
467 1446 1962 1547 unsere Ansprüche in einem so klaren Fall vor einer Ober-
467 1483 1973 1598 schiedsgericht tragen mussten, und wieso Barnowsky, wenig
465 1547 1969 1643 stens in der ersten Klagesache Berufung einlegen konnte.
478 1587 1937 1677 Es konnte doch niemals fraglich sein, dass er verpflich-
482 1626 1911 1721 tet war uns die kontraktlich ausbedungenen Tantièmen
480 1711 759 1792 zu zahlen?
740 1754 1453 1841 Mit verbindlichen Grüssen
751 1822 1274 1924 Ihr sehr ergebener
491 2359 1105 2472 Herrn Dr.Konrad Maril,
506 2451 981 2515 S.Fischer, Verlag.
512 2498 723 2564 Berlin.
