<?xml version="1.0" encoding="UTF-8" standalone="yes"?>
<PcGts xmlns="http://schema.primaresearch.org/PAGE/gts/pagecontent/2013-07-15" xmlns:xsi="http://www.w3.org/2001/XMLSchema-instance" xsi:schemaLocation="http://schema.primaresearch.org/PAGE/gts/pagecontent/2013-07-15 http://schema.primaresearch.org/PAGE/gts/pagecontent/2013-07-15/pagecontent.xsd">
    <Metadata>
        <Creator>prov=READ-COOP:name=TrHtr:version=2.1.0:model_id=51170:date=27_07_2023_17:40</Creator>
        <Created>2023-05-02T08:01:20.951+02:00</Created>
        <LastChange>2023-07-27T17:40:48.858+02:00</LastChange>
        <TranskribusMetadata docId="1416741" pageId="54952872" pageNr="97" tsid="131275948" status="IN_PROGRESS" userId="64420" imgUrl="https://files.transkribus.eu/Get?id=MDHFXXEBYSEAENJULDPATOMF&amp;fileType=view" xmlUrl="https://files.transkribus.eu/Get?id=OJGHVOUFHNHUVIDSZMAEVLGZ" imageId="44456597"/>
    </Metadata>
    <Page imageFilename="1416741_0097.jpg" imageWidth="3898" imageHeight="3559">
        <ReadingOrder>
            <OrderedGroup id="ro_1711827656144" caption="Regions reading order">
                <RegionRefIndexed index="0" regionRef="tr_1"/>
            </OrderedGroup>
        </ReadingOrder>
        <TextRegion id="tr_1" custom="readingOrder {index:0;}">
            <Coords points="110,615 3615,615 3615,2670 110,2670"/>
            <TextLine id="tr_1_tl_1" custom="readingOrder {index:0;}">
                <Coords points="1525,678 1537,678 1545,684 1553,677 1557,678 1571,691 1591,682 1592,678 1603,678 1601,629 1587,632 1582,627 1564,629 1559,623 1550,627 1546,625 1541,629 1536,623 1523,622"/>
                <Baseline points="1534,665 1579,668 1606,668"/>
                <TextEquiv>
                    <Unicode>Pr.</Unicode>
                </TextEquiv>
            </TextLine>
            <TextLine id="tr_1_tl_2" custom="readingOrder {index:1;}">
                <Coords points="2025,723 2046,712 2078,717 2087,710 2124,721 2141,708 2168,714 2175,707 2191,708 2209,717 2226,712 2232,710 2230,662 2191,662 2157,647 2138,650 2129,661 2074,643 2021,650"/>
                <Baseline points="2033,689 2078,689 2122,689 2167,695 2212,698 2236,701"/>
                <TextEquiv>
                    <Unicode>G. A.</Unicode>
                </TextEquiv>
            </TextLine>
            <TextLine id="tr_1_tl_3" custom="readingOrder {index:2;}">
                <Coords points="3194,769 3257,779 3296,769 3344,788 3378,770 3442,779 3454,770 3470,778 3468,710 3438,708 3424,721 3385,723 3323,710 3266,716 3245,705 3218,721 3192,708"/>
                <Baseline points="3203,761 3248,764 3293,764 3338,767 3382,764 3427,767 3472,773 3475,773"/>
                <TextEquiv>
                    <Unicode>5.10.1929,</Unicode>
                </TextEquiv>
            </TextLine>
            <TextLine id="tr_1_tl_4" custom="readingOrder {index:3;}">
                <Coords points="3197,820 3287,840 3303,825 3330,838 3424,817 3493,848 3535,845 3557,827 3612,845 3610,772 3546,790 3511,769 3457,786 3372,770 3344,788 3298,770 3256,781 3195,772"/>
                <Baseline points="3206,806 3251,806 3296,809 3341,809 3385,812 3430,815 3475,815 3520,815 3564,818 3609,818 3615,821"/>
                <TextEquiv>
                    <Unicode>S.Fischer,Bl.2.</Unicode>
                </TextEquiv>
            </TextLine>
            <TextLine id="tr_1_tl_5" custom="readingOrder {index:4;}">
                <Coords points="314,937 1626,864 1651,813 951,850 730,817 480,884 319,866"/>
                <Baseline points="325,928 355,922 400,922 444,919 489,916 534,913 579,910 624,907 668,904 713,901 758,898 803,898 847,895 892,892 937,889 982,886 1027,883 1071,880 1116,877 1161,874 1206,871 1251,868 1295,865 1340,862 1385,859 1430,856 1474,856 1519,850 1564,850 1609,847 1654,844"/>
                <TextEquiv>
                    <Unicode>führe ich inoffiziell eine 4orrespondenz mit einem</Unicode>
                </TextEquiv>
            </TextLine>
            <TextLine id="tr_1_tl_6" custom="readingOrder {index:5;}">
                <Coords points="3110,870 3119,868 3123,871 3137,863 3149,863 3158,871 3178,870 3181,866 3202,870 3201,795 3188,794 3163,811 3149,802 3137,806 3130,804 3124,809 3117,802 3109,804"/>
                <Baseline points="3120,859 3164,859 3206,862"/>
                <TextEquiv>
                    <Unicode>wie</Unicode>
                </TextEquiv>
            </TextLine>
            <TextLine id="tr_1_tl_7" custom="readingOrder {index:6;}">
                <Coords points="2317,894 3484,907 3482,857 3360,825 3238,873 3128,868 3075,825 2315,818"/>
                <Baseline points="2325,883 2370,883 2415,883 2460,883 2505,883 2549,883 2594,886 2639,886 2684,889 2728,889 2773,886 2818,889 2863,892 2908,892 2952,892 2997,895 3042,895 3087,895 3132,901 3176,904 3221,904 3242,901 3275,892 3320,895 3364,898 3409,901 3454,901 3487,904"/>
                <TextEquiv>
                    <Unicode>und noch weniger verstehe ich, xxx Sie mir</Unicode>
                </TextEquiv>
            </TextLine>
            <TextLine id="tr_1_tl_8" custom="readingOrder {index:7;}">
                <Coords points="317,980 1573,907 1576,856 321,933"/>
                <Baseline points="328,967 370,967 415,961 459,958 504,958 549,955 594,952 638,952 683,949 728,946 773,943 818,940 862,934 907,934 952,931 997,928 1042,925 1086,922 1131,919 1176,919 1221,916 1265,913 1310,907 1355,904 1400,901 1445,898 1489,895 1534,895 1579,892"/>
                <TextEquiv>
                    <Unicode>der Herren über die Besetzungsmöglichkeiten und</Unicode>
                </TextEquiv>
            </TextLine>
            <TextLine id="tr_1_tl_9" custom="readingOrder {index:8;}">
                <Coords points="2311,935 3587,962 3585,928 3482,903 2311,887"/>
                <Baseline points="2322,925 2367,928 2412,928 2457,928 2502,928 2546,931 2591,931 2636,931 2681,934 2725,934 2770,934 2815,937 2860,937 2905,937 2949,937 2994,937 3039,940 3084,940 3129,940 3173,940 3218,943 3263,943 3308,943 3352,943 3397,946 3442,946 3487,946 3532,949 3576,958 3588,958"/>
                <TextEquiv>
                    <Unicode>sicherlich reichlich wieder einbringen könnten,</Unicode>
                </TextEquiv>
            </TextLine>
            <TextLine id="tr_1_tl_10" custom="readingOrder {index:9;}">
                <Coords points="326,1029 1635,953 1649,894 329,972"/>
                <Baseline points="337,1015 352,1012 397,1009 441,1006 486,1003 531,1003 576,1000 621,994 665,994 710,994 755,988 800,985 844,982 889,979 934,976 979,976 1024,973 1068,973 1113,967 1158,961 1203,961 1248,958 1292,955 1337,949 1382,949 1427,946 1471,943 1516,940 1561,937 1606,934 1651,928"/>
                <TextEquiv>
                    <Unicode>ich habe meine guten Gründe, dass ich von einer of-</Unicode>
                </TextEquiv>
            </TextLine>
            <TextLine id="tr_1_tl_11" custom="readingOrder {index:10;}">
                <Coords points="2315,974 3528,1008 3528,958 3481,951 2315,941"/>
                <Baseline points="2325,970 2370,973 2415,976 2460,976 2505,976 2549,976 2594,976 2639,979 2684,979 2728,979 2773,982 2818,982 2863,982 2908,985 2952,985 2997,985 3042,985 3087,985 3132,985 3176,988 3221,988 3266,991 3311,988 3355,991 3400,991 3445,991 3490,994 3532,1000"/>
                <TextEquiv>
                    <Unicode>was ich durch persönlichen Abschluss über die</Unicode>
                </TextEquiv>
            </TextLine>
            <TextLine id="tr_1_tl_12" custom="readingOrder {index:11;}">
                <Coords points="326,1063 1683,1001 1686,951 329,1026"/>
                <Baseline points="337,1056 346,1056 391,1053 435,1050 480,1047 525,1045 570,1042 615,1039 659,1039 704,1036 749,1033 794,1030 838,1027 883,1027 928,1021 973,1021 1018,1018 1062,1012 1107,1012 1152,1012 1197,1006 1242,1003 1286,997 1331,994 1376,994 1421,991 1465,988 1510,985 1555,982 1600,982 1645,979 1689,982"/>
                <TextEquiv>
                    <Unicode>feziellen Einreichung vorläufig abzusehen vorziehe.</Unicode>
                </TextEquiv>
            </TextLine>
            <TextLine id="tr_1_tl_13" custom="readingOrder {index:12;}">
                <Coords points="2311,1033 3426,1049 3424,995 2310,972"/>
                <Baseline points="2319,1015 2364,1018 2409,1018 2454,1021 2499,1021 2543,1021 2588,1021 2633,1024 2678,1024 2722,1024 2767,1027 2812,1024 2857,1027 2902,1030 2946,1030 2991,1030 3036,1033 3081,1033 3126,1033 3170,1033 3215,1036 3260,1036 3305,1036 3349,1039 3394,1039 3430,1042"/>
                <TextEquiv>
                    <Unicode>Oraufführung eines Stückes erspare; denn</Unicode>
                </TextEquiv>
            </TextLine>
            <TextLine id="tr_1_tl_14" custom="readingOrder {index:13;}">
                <Coords points="322,1111 1573,1036 1589,988 326,1061"/>
                <Baseline points="334,1095 337,1095 382,1098 426,1095 471,1092 516,1089 561,1086 606,1083 650,1083 695,1077 740,1074 785,1074 830,1071 874,1068 919,1065 964,1065 1009,1062 1053,1056 1098,1053 1143,1050 1188,1047 1233,1047 1277,1042 1322,1039 1367,1036 1412,1033 1457,1033 1501,1027 1546,1027 1591,1027"/>
                <TextEquiv>
                    <Unicode>Es kommt hier noch dazu, dass möglicherweise ein</Unicode>
                </TextEquiv>
            </TextLine>
            <TextLine id="tr_1_tl_15" custom="readingOrder {index:14;}">
                <Coords points="2303,1063 3537,1098 3516,1029 3392,1061 2303,1033"/>
                <Baseline points="2313,1062 2358,1062 2403,1065 2448,1065 2493,1065 2537,1065 2582,1065 2627,1068 2672,1068 2717,1071 2761,1071 2806,1071 2851,1077 2896,1077 2940,1077 2985,1077 3030,1077 3075,1077 3120,1077 3164,1077 3209,1080 3254,1080 3299,1080 3344,1080 3388,1083 3433,1086 3478,1086 3523,1086 3541,1086"/>
                <TextEquiv>
                    <Unicode>durch diesen einmaligen persönlichen Abschluss</Unicode>
                </TextEquiv>
            </TextLine>
            <TextLine id="tr_1_tl_16" custom="readingOrder {index:15;}">
                <Coords points="322,1157 1628,1082 1644,1029 326,1105"/>
                <Baseline points="334,1140 346,1140 391,1140 435,1137 480,1134 525,1134 570,1131 615,1128 659,1125 704,1122 749,1119 794,1116 838,1113 883,1110 928,1107 973,1107 1018,1101 1062,1098 1107,1095 1152,1095 1197,1092 1242,1089 1286,1086 1331,1083 1376,1080 1421,1077 1465,1074 1510,1071 1555,1071 1600,1068 1645,1068"/>
                <TextEquiv>
                    <Unicode>Junotim zwischen Josefstadt in Wien und Deutschem</Unicode>
                </TextEquiv>
            </TextLine>
            <TextLine id="tr_1_tl_17" custom="readingOrder {index:16;}">
                <Coords points="2311,1125 3496,1150 3495,1096 3291,1079 2310,1077"/>
                <Baseline points="2319,1107 2364,1107 2409,1110 2454,1110 2499,1110 2543,1110 2588,1113 2633,1113 2678,1113 2722,1116 2767,1116 2812,1119 2857,1119 2902,1119 2946,1119 2991,1122 3036,1122 3081,1122 3126,1122 3170,1122 3215,1125 3260,1125 3305,1125 3349,1125 3394,1128 3439,1131 3484,1131 3499,1134"/>
                <TextEquiv>
                    <Unicode>wird ja der eventuelle Erfolg meines Stückes</Unicode>
                </TextEquiv>
            </TextLine>
            <TextLine id="tr_1_tl_18" custom="readingOrder {index:17;}">
                <Coords points="333,1194 1559,1128 1601,1080 337,1146"/>
                <Baseline points="343,1188 349,1185 394,1182 438,1182 483,1179 528,1179 573,1173 618,1170 662,1167 707,1164 752,1164 797,1161 841,1158 886,1158 931,1152 976,1152 1021,1146 1065,1146 1110,1140 1155,1137 1200,1134 1245,1131 1289,1128 1334,1125 1379,1122 1424,1122 1468,1119 1513,1116 1558,1113 1603,1113"/>
                <TextEquiv>
                    <Unicode>Theater in Betracht gezogen werden könnte. Auch</Unicode>
                </TextEquiv>
            </TextLine>
            <TextLine id="tr_1_tl_19" custom="readingOrder {index:18;}">
                <Coords points="317,1235 1633,1167 1637,1125 321,1199"/>
                <Baseline points="328,1230 340,1230 385,1227 429,1227 474,1221 519,1221 564,1218 609,1215 653,1212 698,1209 743,1206 788,1206 833,1203 877,1197 922,1194 967,1194 1012,1191 1056,1188 1101,1185 1146,1182 1191,1182 1236,1179 1280,1176 1325,1173 1370,1170 1415,1164 1460,1164 1504,1161 1549,1158 1594,1155 1639,1149"/>
                <TextEquiv>
                    <Unicode>mit Wien habe ich seit 35 Jahren ausnahmelos per-</Unicode>
                </TextEquiv>
            </TextLine>
            <TextLine id="tr_1_tl_20" custom="readingOrder {index:19;}">
                <Coords points="2310,1165 3440,1190 3468,1139 2308,1123"/>
                <Baseline points="2319,1152 2364,1155 2409,1155 2454,1155 2499,1155 2543,1155 2588,1155 2633,1158 2678,1161 2722,1161 2767,1161 2812,1161 2857,1164 2902,1164 2946,1164 2991,1164 3036,1164 3081,1167 3126,1167 3170,1167 3215,1167 3260,1170 3305,1170 3349,1173 3394,1173 3439,1176 3472,1179"/>
                <TextEquiv>
                    <Unicode>nicht in Frage gestellt und die eventuellen</Unicode>
                </TextEquiv>
            </TextLine>
            <TextLine id="tr_1_tl_21" custom="readingOrder {index:20;}">
                <Coords points="337,1281 1598,1226 1693,1204 1697,1141 340,1236"/>
                <Baseline points="346,1274 355,1271 400,1268 444,1265 489,1265 534,1262 579,1259 624,1256 668,1254 713,1251 758,1248 803,1245 847,1242 892,1242 937,1239 982,1236 1027,1236 1071,1233 1116,1230 1161,1227 1206,1224 1251,1221 1295,1215 1340,1215 1385,1209 1430,1206 1474,1203 1519,1200 1564,1200 1609,1197 1654,1194 1698,1191"/>
                <TextEquiv>
                    <Unicode>sönlich über Uraufrührungen meist auch üner Wieder-</Unicode>
                </TextEquiv>
            </TextLine>
            <TextLine id="tr_1_tl_22" custom="readingOrder {index:21;}">
                <Coords points="2306,1208 2678,1213 2779,1266 3546,1245 3546,1181 2304,1165"/>
                <Baseline points="2316,1197 2361,1200 2406,1200 2451,1200 2496,1200 2540,1200 2585,1203 2630,1203 2675,1206 2720,1206 2764,1206 2809,1206 2854,1209 2899,1209 2943,1209 2988,1212 3033,1212 3078,1212 3123,1212 3167,1215 3212,1215 3257,1215 3302,1218 3347,1218 3391,1218 3436,1221 3481,1221 3526,1221 3550,1224"/>
                <TextEquiv>
                    <Unicode>Chancen für andere Bühnen verden dadurch nicht</Unicode>
                </TextEquiv>
            </TextLine>
            <TextLine id="tr_1_tl_23" custom="readingOrder {index:22;}">
                <Coords points="2308,1256 2324,1252 2379,1274 2400,1259 2434,1270 2458,1259 2487,1270 2497,1259 2517,1263 2529,1274 2625,1270 2623,1213 2513,1217 2489,1206 2473,1219 2423,1204 2372,1217 2327,1204 2306,1210"/>
                <Baseline points="2316,1242 2361,1245 2406,1245 2451,1245 2496,1245 2540,1248 2585,1248 2630,1254 2633,1251"/>
                <TextEquiv>
                    <Unicode>vermindert</Unicode>
                </TextEquiv>
            </TextLine>
            <TextLine id="tr_1_tl_24" custom="readingOrder {index:23;}">
                <Coords points="337,1323 1516,1261 1566,1254 1569,1212 338,1279"/>
                <Baseline points="346,1316 361,1313 406,1313 450,1310 495,1307 540,1304 585,1304 629,1301 674,1295 719,1295 764,1292 809,1292 853,1289 898,1286 943,1283 988,1280 1033,1277 1077,1274 1122,1271 1167,1268 1212,1268 1256,1262 1301,1259 1346,1256 1391,1254 1436,1251 1480,1245 1525,1245 1570,1245"/>
                <TextEquiv>
                    <Unicode>aufnahmen abgeschlossen, ohne dass darunter das</Unicode>
                </TextEquiv>
            </TextLine>
            <TextLine id="tr_1_tl_25" custom="readingOrder {index:24;}">
                <Coords points="340,1359 1603,1300 1670,1289 1674,1247 344,1323"/>
                <Baseline points="349,1358 376,1355 420,1355 465,1355 510,1352 555,1349 600,1346 644,1343 689,1340 734,1337 779,1337 824,1334 868,1331 913,1331 958,1325 1003,1322 1047,1322 1092,1313 1137,1313 1182,1313 1227,1307 1271,1304 1316,1304 1361,1301 1406,1298 1451,1292 1495,1292 1540,1289 1585,1286 1630,1283 1674,1283"/>
                <TextEquiv>
                    <Unicode>Prestige Ihres Verlags im geringsten gelitten hät-</Unicode>
                </TextEquiv>
            </TextLine>
            <TextLine id="tr_1_tl_26" custom="readingOrder {index:25;}">
                <Coords points="349,1413 1649,1348 1663,1289 351,1367"/>
                <Baseline points="358,1403 367,1400 412,1403 456,1400 501,1397 546,1391 591,1388 635,1388 680,1385 725,1379 770,1376 815,1376 859,1373 904,1373 949,1367 994,1367 1039,1361 1083,1361 1128,1358 1173,1355 1218,1352 1262,1349 1307,1349 1352,1343 1397,1340 1442,1337 1486,1334 1531,1334 1576,1331 1621,1328 1666,1331"/>
                <TextEquiv>
                    <Unicode>te. Sobald die Frage der Uraufführung entschieden</Unicode>
                </TextEquiv>
            </TextLine>
            <TextLine id="tr_1_tl_27" custom="readingOrder {index:26;}">
                <Coords points="2480,1346 3491,1369 3491,1302 2478,1293"/>
                <Baseline points="2490,1331 2534,1331 2579,1334 2624,1334 2669,1337 2714,1337 2758,1337 2803,1337 2848,1340 2893,1340 2937,1340 2982,1340 3027,1343 3072,1343 3117,1346 3161,1346 3206,1346 3251,1349 3296,1349 3341,1349 3385,1352 3430,1352 3475,1352 3496,1355"/>
                <TextEquiv>
                    <Unicode>Dass in anderen Fällen, wo ich Sie um</Unicode>
                </TextEquiv>
            </TextLine>
            <TextLine id="tr_1_tl_28" custom="readingOrder {index:27;}">
                <Coords points="2297,1371 3528,1426 3528,1367 3411,1355 2758,1359 2724,1330 2490,1346 2398,1297 2297,1314"/>
                <Baseline points="2307,1364 2352,1370 2397,1373 2442,1376 2487,1379 2531,1376 2576,1379 2621,1376 2666,1379 2711,1382 2755,1382 2800,1385 2845,1385 2890,1385 2934,1385 2979,1385 3024,1388 3069,1388 3114,1388 3158,1391 3203,1391 3248,1391 3293,1391 3338,1394 3382,1394 3427,1397 3472,1397 3517,1397 3532,1397"/>
                <TextEquiv>
                    <Unicode>Führung der Verhandlungen ersuchte Ihreperzen-</Unicode>
                </TextEquiv>
            </TextLine>
            <TextLine id="tr_1_tl_29" custom="readingOrder {index:28;}">
                <Coords points="340,1452 1587,1389 1610,1341 344,1417"/>
                <Baseline points="352,1448 358,1448 403,1442 447,1439 492,1436 537,1436 582,1433 627,1433 671,1427 716,1424 761,1421 806,1421 850,1418 895,1415 940,1412 985,1409 1030,1406 1074,1406 1119,1403 1164,1403 1209,1403 1254,1394 1298,1391 1343,1388 1388,1385 1433,1382 1477,1382 1522,1379 1567,1376 1612,1373"/>
                <TextEquiv>
                    <Unicode>sein wird soll Ihrem Tatendrang nichts mehr im</Unicode>
                </TextEquiv>
            </TextLine>
            <TextLine id="tr_1_tl_30" custom="readingOrder {index:29;}">
                <Coords points="351,1488 1727,1428 1731,1376 352,1451"/>
                <Baseline points="361,1486 388,1483 432,1483 477,1483 522,1480 567,1477 612,1474 656,1474 701,1471 746,1465 791,1463 836,1463 880,1460 925,1457 970,1457 1015,1451 1059,1448 1104,1445 1149,1442 1194,1442 1239,1439 1283,1433 1328,1433 1373,1430 1418,1424 1463,1424 1507,1424 1552,1418 1597,1418 1642,1415 1686,1412 1731,1409"/>
                <TextEquiv>
                    <Unicode>Wege stehen jedenso wie der Abschluss über eventuel-</Unicode>
                </TextEquiv>
            </TextLine>
            <TextLine id="tr_1_tl_31" custom="readingOrder {index:30;}">
                <Coords points="2294,1426 3488,1452 3459,1399 2292,1369"/>
                <Baseline points="2304,1415 2349,1418 2394,1421 2439,1421 2484,1421 2528,1421 2573,1418 2618,1421 2663,1424 2708,1427 2752,1427 2797,1430 2842,1433 2887,1430 2931,1430 2976,1430 3021,1430 3066,1433 3111,1433 3155,1433 3200,1436 3245,1436 3290,1436 3335,1439 3379,1442 3424,1442 3469,1445 3490,1445"/>
                <TextEquiv>
                    <Unicode>tueller Beteiligung ausser Frage steht,habe</Unicode>
                </TextEquiv>
            </TextLine>
            <TextLine id="tr_1_tl_32" custom="readingOrder {index:31;}">
                <Coords points="349,1543 1743,1470 1746,1419 351,1488"/>
                <Baseline points="358,1534 361,1534 406,1531 450,1534 495,1528 540,1522 585,1519 629,1516 674,1513 719,1513 764,1510 809,1507 853,1504 898,1501 943,1498 988,1495 1033,1495 1077,1492 1122,1489 1167,1486 1212,1486 1256,1480 1301,1477 1346,1474 1391,1471 1436,1468 1480,1465 1525,1465 1570,1463 1615,1463 1660,1460 1704,1457 1749,1457"/>
                <TextEquiv>
                    <Unicode>le gleichzeitige Uraufführungen an anderen deutschen</Unicode>
                </TextEquiv>
            </TextLine>
            <TextLine id="tr_1_tl_33" custom="readingOrder {index:32;}">
                <Coords points="2296,1474 3489,1493 3488,1452 2294,1424"/>
                <Baseline points="2304,1460 2349,1463 2394,1465 2439,1465 2484,1465 2528,1465 2573,1465 2618,1468 2663,1468 2708,1471 2752,1471 2797,1471 2842,1474 2887,1474 2931,1474 2976,1477 3021,1477 3066,1477 3111,1477 3155,1480 3200,1483 3245,1483 3290,1480 3335,1483 3379,1483 3424,1483 3469,1486 3493,1489"/>
                <TextEquiv>
                    <Unicode>ich immer wieder betont und es ist gewiss so</Unicode>
                </TextEquiv>
            </TextLine>
            <TextLine id="tr_1_tl_34" custom="readingOrder {index:33;}">
                <Coords points="2288,1511 3504,1546 3502,1497 3434,1491 2288,1477"/>
                <Baseline points="2299,1507 2343,1507 2388,1510 2433,1510 2478,1510 2522,1510 2567,1510 2612,1510 2657,1513 2702,1513 2746,1516 2791,1519 2836,1519 2881,1519 2926,1519 2970,1522 3015,1522 3060,1522 3105,1522 3149,1525 3194,1525 3239,1528 3284,1528 3329,1531 3373,1531 3418,1531 3463,1534 3508,1534"/>
                <TextEquiv>
                    <Unicode>wenig Ihre wie meine Schuld, dass z.B. zuletzt</Unicode>
                </TextEquiv>
            </TextLine>
            <TextLine id="tr_1_tl_35" custom="readingOrder {index:34;}">
                <Coords points="349,1598 1601,1532 1624,1467 352,1537"/>
                <Baseline points="361,1573 373,1570 418,1570 462,1567 507,1567 552,1564 597,1561 641,1558 686,1558 731,1555 776,1552 821,1549 865,1546 910,1543 955,1543 1000,1540 1045,1537 1089,1534 1134,1534 1179,1528 1224,1528 1268,1522 1313,1519 1358,1516 1403,1513 1448,1510 1492,1510 1537,1510 1582,1507 1627,1513"/>
                <TextEquiv>
                    <Unicode>Bühnen natürlich Ihnen überlassen bleiben wird;-</Unicode>
                </TextEquiv>
            </TextLine>
            <TextLine id="tr_1_tl_36" custom="readingOrder {index:35;}">
                <Coords points="2292,1548 3456,1592 3433,1539 2290,1509"/>
                <Baseline points="2302,1543 2346,1549 2391,1552 2436,1552 2481,1555 2525,1555 2570,1555 2615,1558 2660,1558 2705,1561 2749,1561 2794,1564 2839,1567 2884,1564 2929,1564 2973,1567 3018,1567 3063,1567 3108,1567 3152,1570 3197,1570 3242,1570 3287,1573 3332,1573 3376,1576 3421,1579 3460,1579"/>
                <TextEquiv>
                    <Unicode>Ihre ernsten Bemühungen hinsichtlich meines</Unicode>
                </TextEquiv>
            </TextLine>
            <TextLine id="tr_1_tl_37" custom="readingOrder {index:36;}">
                <Coords points="358,1635 1428,1575 1621,1527 360,1589"/>
                <Baseline points="367,1624 370,1621 415,1615 459,1615 504,1612 549,1609 594,1606 638,1603 683,1603 728,1600 773,1597 818,1594 862,1591 907,1588 952,1588 997,1582 1042,1579 1086,1579 1131,1576 1176,1573 1221,1570 1265,1564 1310,1564 1355,1564 1400,1558 1445,1555 1489,1555 1534,1552 1579,1552 1624,1546"/>
                <TextEquiv>
                    <Unicode>geradeso wie esja immer der Fall war,</Unicode>
                </TextEquiv>
            </TextLine>
            <TextLine id="tr_1_tl_38" custom="readingOrder {index:37;}">
                <Coords points="363,1667 1536,1596 1628,1624 1645,1559 365,1631"/>
                <Baseline points="373,1666 391,1663 435,1657 480,1657 525,1654 570,1651 615,1648 659,1645 704,1642 749,1642 794,1639 838,1636 883,1630 928,1630 973,1627 1018,1624 1062,1621 1107,1621 1152,1618 1197,1618 1242,1612 1286,1609 1331,1606 1376,1603 1421,1600 1465,1597 1510,1597 1555,1594 1600,1591 1645,1594"/>
                <TextEquiv>
                    <Unicode>z.B. auch nach der Graufführung der "Komödie der</Unicode>
                </TextEquiv>
            </TextLine>
            <TextLine id="tr_1_tl_39" custom="readingOrder {index:38;}">
                <Coords points="2283,1596 3426,1630 3399,1583 2281,1545"/>
                <Baseline points="2293,1594 2337,1594 2382,1597 2427,1597 2472,1603 2516,1603 2561,1603 2606,1603 2651,1603 2696,1606 2740,1606 2785,1606 2830,1609 2875,1609 2920,1606 2964,1609 3009,1609 3054,1612 3099,1615 3143,1615 3188,1615 3233,1615 3278,1618 3323,1618 3367,1618 3412,1621 3430,1621"/>
                <TextEquiv>
                    <Unicode>Dramas "Geng zum Weiher" (wegen desen sich</Unicode>
                </TextEquiv>
            </TextLine>
            <TextLine id="tr_1_tl_40" custom="readingOrder {index:39;}">
                <Coords points="368,1700 1337,1676 1622,1651 1624,1607 370,1665"/>
                <Baseline points="379,1701 418,1698 462,1698 507,1695 552,1695 597,1692 641,1692 686,1686 731,1683 776,1680 821,1677 865,1677 910,1674 955,1672 1000,1669 1045,1666 1089,1663 1134,1660 1179,1657 1224,1657 1268,1651 1313,1648 1358,1648 1403,1645 1448,1642 1492,1642 1537,1636 1582,1636 1627,1633"/>
                <TextEquiv>
                    <Unicode>Verführung" oder der "Schwestern" (die beide in</Unicode>
                </TextEquiv>
            </TextLine>
            <TextLine id="tr_1_tl_41" custom="readingOrder {index:40;}">
                <Coords points="2283,1647 3498,1681 3481,1614 2281,1596"/>
                <Baseline points="2293,1639 2337,1642 2382,1642 2427,1642 2472,1645 2516,1645 2561,1648 2606,1645 2651,1645 2696,1648 2740,1651 2785,1651 2830,1651 2875,1654 2920,1654 2964,1654 3009,1657 3054,1657 3099,1660 3143,1660 3188,1660 3233,1660 3278,1660 3323,1663 3367,1663 3412,1666 3457,1669 3502,1669"/>
                <TextEquiv>
                    <Unicode>Frau Kinz und Neucker an Sie gewandt hatten)</Unicode>
                </TextEquiv>
            </TextLine>
            <TextLine id="tr_1_tl_42" custom="readingOrder {index:41;}">
                <Coords points="367,1750 1651,1695 1676,1631 368,1702"/>
                <Baseline points="376,1746 420,1743 465,1743 510,1740 555,1740 600,1734 644,1731 689,1728 734,1725 779,1722 824,1722 868,1722 913,1719 958,1716 1003,1716 1047,1710 1092,1707 1137,1704 1182,1701 1227,1698 1271,1695 1316,1698 1361,1692 1406,1689 1451,1686 1495,1686 1540,1683 1585,1680 1630,1677 1674,1680"/>
                <TextEquiv>
                    <Unicode>Wien ungefähr 30 Mal gesielt wurden) ohne nachner</Unicode>
                </TextEquiv>
            </TextLine>
            <TextLine id="tr_1_tl_43" custom="readingOrder {index:42;}">
                <Coords points="2287,1688 3519,1723 3518,1684 3395,1667 2287,1654"/>
                <Baseline points="2296,1683 2340,1683 2385,1683 2430,1686 2475,1686 2519,1689 2564,1689 2609,1686 2654,1689 2699,1692 2743,1695 2788,1695 2833,1695 2878,1698 2923,1698 2967,1698 3012,1701 3057,1701 3102,1701 3146,1704 3191,1701 3236,1704 3281,1704 3326,1707 3370,1707 3415,1710 3460,1710 3505,1710 3523,1710"/>
                <TextEquiv>
                    <Unicode>resultatlos verlaufen sind. Dass ich mir ande-</Unicode>
                </TextEquiv>
            </TextLine>
            <TextLine id="tr_1_tl_44" custom="readingOrder {index:43;}">
                <Coords points="367,1796 1635,1738 1654,1692 368,1757"/>
                <Baseline points="376,1791 403,1788 447,1785 492,1785 537,1782 582,1779 627,1776 671,1773 716,1773 761,1767 806,1767 850,1764 895,1764 940,1761 985,1755 1030,1752 1074,1752 1119,1749 1164,1749 1209,1746 1254,1743 1298,1740 1343,1734 1388,1731 1433,1728 1477,1728 1522,1725 1567,1722 1612,1722 1657,1722"/>
                <TextEquiv>
                    <Unicode>durch Ihre Vermittlung/2-3 m### wei</Unicode>
                </TextEquiv>
            </TextLine>
            <TextLine id="tr_1_tl_45" custom="readingOrder {index:44;}">
                <Coords points="2278,1732 3473,1768 3472,1723 3434,1716 2753,1722 2276,1677"/>
                <Baseline points="2287,1725 2331,1728 2376,1728 2421,1731 2466,1731 2511,1734 2555,1734 2600,1734 2645,1734 2690,1734 2734,1737 2779,1740 2824,1740 2869,1743 2914,1743 2958,1740 3003,1743 3048,1746 3093,1746 3138,1746 3182,1746 3227,1749 3272,1749 3317,1752 3361,1752 3406,1755 3451,1758 3478,1758"/>
                <TextEquiv>
                    <Unicode>rerseits für eine x schwierige Urauftührung</Unicode>
                </TextEquiv>
            </TextLine>
            <TextLine id="tr_1_tl_46" custom="readingOrder {index:45;}">
                <Coords points="376,1833 1596,1787 1598,1729 377,1798"/>
                <Baseline points="385,1833 391,1830 435,1830 480,1827 525,1824 570,1824 615,1821 659,1818 704,1815 749,1815 794,1812 838,1809 883,1806 928,1806 973,1800 1018,1797 1062,1794 1107,1794 1152,1791 1197,1791 1242,1788 1286,1782 1331,1782 1376,1776 1421,1776 1465,1773 1510,1770 1555,1767 1600,1767"/>
                <TextEquiv>
                    <Unicode>tere Bühnen und trotz des Erfolges da und dort</Unicode>
                </TextEquiv>
            </TextLine>
            <TextLine id="tr_1_tl_47" custom="readingOrder {index:46;}">
                <Coords points="2292,1782 3551,1810 3537,1754 3395,1780 2290,1731"/>
                <Baseline points="2302,1773 2346,1773 2391,1773 2436,1773 2481,1776 2525,1776 2570,1773 2615,1776 2660,1782 2705,1782 2749,1785 2794,1782 2839,1782 2884,1785 2929,1785 2973,1785 3018,1788 3063,1788 3108,1791 3152,1791 3197,1791 3242,1794 3287,1794 3332,1797 3376,1803 3394,1803 3424,1800 3469,1800 3514,1800 3556,1803"/>
                <TextEquiv>
                    <Unicode>(wie es z.E. "Gang zum Weiher“ wäre) die Bühne</Unicode>
                </TextEquiv>
            </TextLine>
            <TextLine id="tr_1_tl_48" custom="readingOrder {index:47;}">
                <Coords points="101,1830 119,1831 133,1821 156,1828 168,1823 181,1835 204,1826 227,1833 252,1828 266,1837 294,1821 312,1828 317,1741 296,1732 283,1741 266,1732 227,1750 190,1750 181,1739 161,1746 142,1736 106,1739"/>
                <Baseline points="110,1806 137,1803 182,1800 226,1797 271,1794 316,1794"/>
                <TextEquiv>
                    <Unicode>mehrals</Unicode>
                </TextEquiv>
            </TextLine>
            <TextLine id="tr_1_tl_49" custom="readingOrder {index:48;}">
                <Coords points="367,1879 1674,1826 1677,1768 368,1835"/>
                <Baseline points="376,1878 382,1878 426,1875 471,1872 516,1869 561,1866 606,1866 650,1863 695,1860 740,1857 785,1854 830,1851 874,1851 919,1848 964,1845 1009,1842 1053,1839 1098,1839 1143,1836 1188,1833 1233,1830 1277,1827 1322,1824 1367,1821 1412,1818 1457,1815 1501,1815 1546,1812 1591,1812 1636,1812 1680,1812"/>
                <TextEquiv>
                    <Unicode>keine weiteren zu finden (woran natürlich nur die</Unicode>
                </TextEquiv>
            </TextLine>
            <TextLine id="tr_1_tl_50" custom="readingOrder {index:49;}">
                <Coords points="2303,1823 3427,1844 3574,1879 3560,1805 2303,1782"/>
                <Baseline points="2313,1818 2358,1815 2403,1818 2448,1821 2493,1818 2537,1821 2582,1824 2627,1824 2672,1824 2717,1824 2761,1827 2806,1827 2851,1827 2896,1830 2940,1830 2985,1833 3030,1833 3075,1833 3120,1836 3164,1836 3209,1836 3254,1836 3299,1839 3344,1842 3388,1842 3433,1845 3478,1845 3523,1848 3567,1848 3579,1848"/>
                <TextEquiv>
                    <Unicode>sorgfaltig auszusuchen wünsche, wird Ihnen nicht</Unicode>
                </TextEquiv>
            </TextLine>
            <TextLine id="tr_1_tl_51" custom="readingOrder {index:50;}">
                <Coords points="368,1916 1635,1865 1653,1817 370,1881"/>
                <Baseline points="379,1916 400,1913 444,1916 489,1916 534,1913 579,1913 624,1907 668,1904 713,1904 758,1898 803,1898 847,1892 892,1892 937,1889 982,1886 1027,1884 1071,1881 1116,1878 1161,1878 1206,1875 1251,1872 1295,1869 1340,1866 1385,1863 1430,1860 1474,1860 1519,1857 1564,1854 1609,1854 1654,1851"/>
                <TextEquiv>
                    <Unicode>Mängel, vielleicht auch die Schwierigkeiten mei-</Unicode>
                </TextEquiv>
            </TextLine>
            <TextLine id="tr_1_tl_52" custom="readingOrder {index:51;}">
                <Coords points="2280,1872 3521,1890 3427,1844 2280,1831"/>
                <Baseline points="2290,1860 2334,1860 2379,1860 2424,1863 2469,1863 2513,1866 2558,1866 2603,1866 2648,1869 2693,1869 2737,1869 2782,1872 2827,1875 2872,1872 2917,1875 2961,1875 3006,1878 3051,1878 3096,1881 3140,1881 3185,1881 3230,1881 3275,1884 3320,1884 3364,1884 3409,1886 3454,1886 3499,1886 3526,1884"/>
                <TextEquiv>
                    <Unicode>unbegreiflich sein und dass ich mit Ihrem Vor-</Unicode>
                </TextEquiv>
            </TextLine>
            <TextLine id="tr_1_tl_53" custom="readingOrder {index:52;}">
                <Coords points="374,1977 1669,1908 1711,1851 377,1922"/>
                <Baseline points="385,1967 415,1964 459,1961 504,1958 549,1955 594,1952 638,1952 683,1949 728,1946 773,1943 818,1940 862,1937 907,1934 952,1934 997,1931 1042,1925 1086,1925 1131,1922 1176,1919 1221,1916 1265,1913 1310,1910 1355,1910 1400,1907 1445,1904 1489,1901 1534,1898 1579,1898 1624,1895 1669,1895 1713,1895"/>
                <TextEquiv>
                    <Unicode>ner Stücke und die allgemeinen Verhältnisse Schuld</Unicode>
                </TextEquiv>
            </TextLine>
            <TextLine id="tr_1_tl_54" custom="readingOrder {index:53;}">
                <Coords points="2278,1918 3500,1959 3498,1906 3236,1879 2276,1874"/>
                <Baseline points="2287,1904 2331,1904 2376,1904 2421,1907 2466,1907 2511,1907 2555,1907 2600,1907 2645,1910 2690,1913 2734,1913 2779,1913 2824,1919 2869,1919 2914,1919 2958,1919 3003,1922 3048,1922 3093,1925 3138,1922 3182,1925 3227,1925 3272,1928 3317,1928 3361,1928 3406,1934 3451,1934 3496,1934 3505,1937"/>
                <TextEquiv>
                    <Unicode>gehen.Bücher nur auf ausdrückliche Anfrage zu</Unicode>
                </TextEquiv>
            </TextLine>
            <TextLine id="tr_1_tl_55" custom="readingOrder {index:54;}">
                <Coords points="379,2016 1638,1959 1690,1909 383,1971"/>
                <Baseline points="391,2006 394,2009 438,2006 483,2003 528,2003 573,2000 618,1997 662,1991 707,1991 752,1985 797,1985 841,1982 886,1979 931,1979 976,1976 1021,1973 1065,1970 1110,1967 1155,1964 1200,1961 1245,1958 1289,1955 1334,1952 1379,1952 1424,1949 1468,1946 1513,1946 1558,1943 1603,1943 1648,1937 1692,1934"/>
                <TextEquiv>
                    <Unicode>waren). Auch an Verhandlungen und eventuellen Ab-</Unicode>
                </TextEquiv>
            </TextLine>
            <TextLine id="tr_1_tl_56" custom="readingOrder {index:55;}">
                <Coords points="2278,1954 3438,1998 3417,1938 2278,1920"/>
                <Baseline points="2287,1946 2331,1946 2376,1949 2421,1949 2466,1949 2511,1952 2555,1955 2600,1955 2645,1955 2690,1955 2734,1958 2779,1958 2824,1961 2869,1961 2914,1964 2958,1964 3003,1964 3048,1967 3093,1967 3138,1970 3182,1970 3227,1970 3272,1973 3317,1973 3361,1973 3406,1976 3442,1979"/>
                <TextEquiv>
                    <Unicode>versenden,höchst einverstanden bin,muss ich</Unicode>
                </TextEquiv>
            </TextLine>
            <TextLine id="tr_1_tl_57" custom="readingOrder {index:56;}">
                <Coords points="374,2055 1576,2002 1612,1943 377,2019"/>
                <Baseline points="385,2054 406,2051 450,2048 495,2045 540,2042 585,2039 629,2036 674,2033 719,2030 764,2030 809,2024 853,2024 898,2024 943,2024 988,2018 1033,2015 1077,2012 1122,2012 1167,2009 1212,2006 1256,2003 1301,2000 1346,1994 1391,1994 1436,1994 1480,1988 1525,1988 1570,1985 1615,1985"/>
                <TextEquiv>
                    <Unicode>schlüssen über meine sämtlichen anderen Stücke</Unicode>
                </TextEquiv>
            </TextLine>
            <TextLine id="tr_1_tl_58" custom="readingOrder {index:57;}">
                <Coords points="2269,1993 3535,2049 3534,1978 3491,1973 2267,1954"/>
                <Baseline points="2278,1988 2322,1991 2367,1994 2412,1994 2457,1994 2502,1997 2546,1994 2591,1997 2636,1997 2681,2000 2725,2003 2770,2003 2815,2006 2860,2006 2905,2009 2949,2009 2994,2012 3039,2012 3084,2012 3129,2015 3158,2011 3158,2011 3206,2012 3251,2015 3296,2015 3341,2018 3385,2021 3430,2024 3475,2024 3520,2024 3538,2024"/>
                <TextEquiv>
                    <Unicode>nicht erst versichern. „Lahmgelegt“ sind Sie also</Unicode>
                </TextEquiv>
            </TextLine>
            <TextLine id="tr_1_tl_59" custom="readingOrder {index:58;}">
                <Coords points="381,2101 1645,2039 1706,1987 383,2065"/>
                <Baseline points="391,2095 409,2093 453,2093 498,2090 543,2087 588,2084 632,2081 677,2078 722,2078 767,2072 812,2072 856,2069 901,2066 946,2063 991,2063 1036,2060 1080,2054 1125,2054 1170,2054 1215,2048 1259,2048 1304,2045 1349,2039 1394,2036 1439,2033 1483,2033 1528,2033 1573,2030 1618,2027 1663,2024 1707,2021"/>
                <TextEquiv>
                    <Unicode>an sämtlichen Bühnen Deutschlands, sowie über-Wie-</Unicode>
                </TextEquiv>
            </TextLine>
            <TextLine id="tr_1_tl_60" custom="readingOrder {index:59;}">
                <Coords points="2271,2035 3449,2074 3449,2032 3305,2016 2271,1993"/>
                <Baseline points="2281,2033 2325,2036 2370,2036 2415,2039 2460,2039 2505,2039 2549,2042 2594,2042 2639,2045 2684,2045 2728,2048 2773,2048 2818,2051 2863,2051 2908,2051 2952,2054 2997,2057 3042,2057 3087,2057 3132,2057 3176,2060 3221,2060 3266,2060 3311,2060 3355,2063 3400,2066 3445,2069 3451,2069"/>
                <TextEquiv>
                    <Unicode>keineswege und nach der Urauftührung werden</Unicode>
                </TextEquiv>
            </TextLine>
            <TextLine id="tr_1_tl_61" custom="readingOrder {index:60;}">
                <Coords points="388,2143 1739,2083 1743,2025 391,2101"/>
                <Baseline points="400,2137 403,2137 447,2134 492,2131 537,2128 582,2128 627,2125 671,2122 716,2119 761,2116 806,2113 850,2110 895,2110 940,2107 985,2104 1030,2104 1074,2098 1119,2098 1164,2095 1209,2093 1254,2093 1298,2087 1343,2084 1388,2081 1433,2081 1477,2078 1522,2081 1567,2075 1612,2072 1657,2069 1701,2066 1746,2069"/>
                <TextEquiv>
                    <Unicode>deraufnehmen in Berlin habe ich dem Verlag Fischer</Unicode>
                </TextEquiv>
            </TextLine>
            <TextLine id="tr_1_tl_62" custom="readingOrder {index:61;}">
                <Coords points="2271,2085 3530,2124 3516,2056 3080,2078 2269,2033"/>
                <Baseline points="2278,2078 2322,2081 2367,2084 2412,2084 2457,2087 2502,2087 2546,2087 2591,2087 2636,2087 2681,2090 2725,2090 2770,2093 2815,2093 2860,2093 2905,2095 2949,2098 2994,2098 3039,2098 3084,2101 3129,2101 3173,2104 3218,2104 3263,2107 3308,2107 3352,2107 3397,2110 3442,2110 3487,2113 3532,2116 3535,2116"/>
                <TextEquiv>
                    <Unicode>Sie in gewohnter Freiheit Ihre Verfügungen über</Unicode>
                </TextEquiv>
            </TextLine>
            <TextLine id="tr_1_tl_63" custom="readingOrder {index:62;}">
                <Coords points="390,2187 1447,2149 1633,2124 1649,2083 391,2147"/>
                <Baseline points="400,2182 441,2179 486,2176 531,2173 576,2170 621,2167 665,2164 710,2164 755,2161 800,2158 844,2155 889,2152 934,2152 979,2149 1024,2146 1068,2143 1113,2140 1158,2137 1203,2137 1248,2134 1292,2131 1337,2128 1382,2125 1427,2122 1471,2122 1516,2119 1561,2116 1606,2116 1651,2116"/>
                <TextEquiv>
                    <Unicode>meines Wisgensniemals behindert und es wäre mir</Unicode>
                </TextEquiv>
            </TextLine>
            <TextLine id="tr_1_tl_64" custom="readingOrder {index:63;}">
                <Coords points="2260,2143 3518,2172 3516,2118 2258,2081"/>
                <Baseline points="2269,2122 2313,2122 2358,2125 2403,2125 2448,2128 2493,2131 2537,2131 2582,2131 2627,2134 2672,2134 2717,2134 2761,2137 2806,2137 2851,2140 2896,2140 2940,2143 2985,2143 3030,2143 3075,2143 3120,2146 3164,2146 3209,2149 3254,2149 3299,2152 3344,2152 3388,2155 3433,2158 3478,2161 3523,2158 3526,2155"/>
                <TextEquiv>
                    <Unicode>Aufführungen an anderen Bühnen treffen können,</Unicode>
                </TextEquiv>
            </TextLine>
            <TextLine id="tr_1_tl_65" custom="readingOrder {index:64;}">
                <Coords points="390,2257 480,2221 1676,2175 1695,2118 393,2186"/>
                <Baseline points="400,2230 444,2221 489,2221 534,2218 579,2218 624,2215 668,2209 713,2209 758,2206 803,2206 847,2203 892,2197 937,2194 982,2194 1027,2191 1071,2188 1116,2185 1161,2182 1206,2182 1251,2179 1295,2176 1340,2170 1385,2170 1430,2167 1474,2167 1519,2164 1564,2161 1609,2161 1654,2158 1698,2155"/>
                <TextEquiv>
                    <Unicode>gewies geradeso lieb wie Ihnen, wenn Sie auf diese</Unicode>
                </TextEquiv>
            </TextLine>
            <TextLine id="tr_1_tl_66" custom="readingOrder {index:65;}">
                <Coords points="2265,2173 3482,2218 3482,2172 3434,2161 2265,2138"/>
                <Baseline points="2275,2164 2319,2167 2364,2170 2409,2170 2454,2173 2499,2176 2543,2176 2588,2176 2633,2176 2678,2179 2722,2182 2767,2182 2812,2182 2857,2182 2902,2185 2946,2185 2991,2188 3036,2188 3081,2191 3126,2191 3170,2194 3215,2194 3260,2194 3305,2197 3349,2200 3394,2203 3439,2203 3484,2209 3487,2209"/>
                <TextEquiv>
                    <Unicode>wenn Sie die Gelegenheit dazu haben. So mögen</Unicode>
                </TextEquiv>
            </TextLine>
            <TextLine id="tr_1_tl_67" custom="readingOrder {index:66;}">
                <Coords points="397,2273 1667,2225 1718,2216 1722,2170 480,2219 397,2253"/>
                <Baseline points="406,2266 426,2266 471,2266 516,2263 561,2260 606,2257 650,2257 695,2254 740,2254 785,2248 830,2245 874,2245 919,2242 964,2239 1009,2239 1053,2233 1098,2230 1143,2230 1188,2227 1233,2224 1277,2221 1322,2218 1367,2218 1412,2215 1457,2212 1501,2212 1546,2209 1591,2206 1636,2206 1680,2203 1725,2197"/>
                <TextEquiv>
                    <Unicode>Weise Ihr und am Ende auch mein Prestige ins Unge-</Unicode>
                </TextEquiv>
            </TextLine>
            <TextLine id="tr_1_tl_68" custom="readingOrder {index:67;}">
                <Coords points="2260,2218 3500,2255 3500,2218 3314,2198 2372,2198 2258,2164"/>
                <Baseline points="2269,2209 2313,2212 2358,2212 2403,2215 2448,2215 2493,2218 2537,2221 2582,2221 2627,2221 2672,2224 2717,2224 2761,2224 2806,2227 2851,2227 2896,2230 2940,2230 2985,2233 3030,2233 3075,2236 3120,2236 3164,2239 3209,2236 3254,2239 3299,2239 3344,2242 3388,2245 3433,2248 3478,2248 3502,2251"/>
                <TextEquiv>
                    <Unicode>Sie auch jetzt schon Direktoren, die Ihnen ver-</Unicode>
                </TextEquiv>
            </TextLine>
            <TextLine id="tr_1_tl_69" custom="readingOrder {index:68;}">
                <Coords points="399,2317 1571,2278 1651,2262 1654,2211 400,2274"/>
                <Baseline points="409,2313 447,2310 492,2307 537,2304 582,2304 627,2302 671,2299 716,2299 761,2296 806,2293 850,2290 895,2287 940,2284 985,2281 1030,2278 1074,2278 1119,2275 1164,2275 1209,2272 1254,2269 1298,2266 1343,2263 1388,2260 1433,2260 1477,2260 1522,2254 1567,2251 1612,2251 1657,2248"/>
                <TextEquiv>
                    <Unicode>messene steigern würden - sofern Prestige damit</Unicode>
                </TextEquiv>
            </TextLine>
            <TextLine id="tr_1_tl_70" custom="readingOrder {index:69;}">
                <Coords points="2262,2273 3511,2319 3509,2255 2260,2219"/>
                <Baseline points="2269,2254 2313,2257 2358,2257 2403,2260 2448,2260 2493,2263 2537,2263 2582,2266 2627,2266 2672,2269 2717,2269 2761,2269 2806,2272 2851,2272 2896,2275 2940,2278 2985,2278 3030,2278 3075,2278 3120,2281 3164,2281 3209,2284 3254,2281 3299,2281 3344,2287 3388,2290 3433,2293 3478,2293 3511,2296"/>
                <TextEquiv>
                    <Unicode>trauenswürdig erscheinen, das Buch zur Einsicht</Unicode>
                </TextEquiv>
            </TextLine>
            <TextLine id="tr_1_tl_71" custom="readingOrder {index:70;}">
                <Coords points="2260,2297 3450,2343 3450,2308 3273,2285 2260,2274"/>
                <Baseline points="2269,2296 2313,2299 2358,2302 2403,2304 2448,2304 2493,2310 2537,2310 2582,2310 2627,2310 2672,2310 2717,2313 2761,2316 2806,2316 2851,2316 2896,2319 2940,2322 2985,2322 3030,2322 3075,2322 3120,2325 3164,2328 3209,2328 3254,2328 3299,2331 3344,2334 3388,2334 3433,2337 3454,2340"/>
                <TextEquiv>
                    <Unicode>vorlegen, vorläufig aber jede Aufführung vor</Unicode>
                </TextEquiv>
            </TextLine>
            <TextLine id="tr_1_tl_72" custom="readingOrder {index:71;}">
                <Coords points="395,2379 1180,2342 1181,2296 1056,2280 894,2308 399,2322"/>
                <Baseline points="406,2358 423,2355 468,2352 513,2349 558,2349 603,2346 647,2343 692,2343 737,2340 782,2337 827,2334 871,2331 916,2328 961,2328 1006,2325 1050,2322 1095,2319 1140,2319 1185,2322"/>
                <TextEquiv>
                    <Unicode>überhaupt etwas du tun hätte.</Unicode>
                </TextEquiv>
            </TextLine>
            <TextLine id="tr_1_tl_73" custom="readingOrder {index:72;}">
                <Coords points="2262,2352 3504,2389 3502,2333 2260,2299"/>
                <Baseline points="2272,2337 2316,2340 2361,2346 2406,2349 2451,2349 2496,2349 2540,2352 2585,2355 2630,2355 2675,2358 2720,2358 2764,2361 2809,2361 2854,2361 2899,2364 2943,2364 2988,2367 3033,2367 3078,2367 3123,2373 3167,2373 3212,2373 3257,2376 3302,2376 3347,2379 3391,2379 3436,2379 3481,2382 3508,2379"/>
                <TextEquiv>
                    <Unicode>raufführung, die noch nicht fest steht, absolut</Unicode>
                </TextEquiv>
            </TextLine>
            <TextLine id="tr_1_tl_74" custom="readingOrder {index:73;}">
                <Coords points="700,2432 1633,2404 1731,2386 1732,2359 1486,2310 701,2368"/>
                <Baseline points="710,2424 752,2424 797,2424 841,2421 886,2418 931,2415 976,2412 1021,2409 1065,2409 1110,2406 1155,2403 1200,2403 1245,2400 1289,2397 1334,2394 1379,2394 1424,2391 1468,2391 1513,2388 1558,2385 1603,2382 1648,2379 1692,2379 1737,2382"/>
                <TextEquiv>
                    <Unicode>Wenn ich in diesem neuen, wie in allen</Unicode>
                </TextEquiv>
            </TextLine>
            <TextLine id="tr_1_tl_75" custom="readingOrder {index:74;}">
                <Coords points="2249,2395 3493,2453 3491,2402 3445,2386 2249,2363"/>
                <Baseline points="2260,2385 2304,2391 2349,2391 2394,2394 2439,2394 2484,2394 2528,2397 2573,2400 2618,2400 2663,2400 2708,2403 2752,2406 2797,2406 2842,2409 2887,2412 2931,2409 2976,2412 3021,2412 3066,2415 3111,2415 3155,2415 3200,2418 3245,2418 3290,2418 3335,2421 3379,2424 3424,2424 3469,2421 3496,2421"/>
                <TextEquiv>
                    <Unicode>untersagen. xxxx Die Buchausgabe soll je-</Unicode>
                </TextEquiv>
            </TextLine>
            <TextLine id="tr_1_tl_76" custom="readingOrder {index:75;}">
                <Coords points="2251,2453 3420,2496 3394,2428 2248,2395"/>
                <Baseline points="2260,2433 2304,2436 2349,2436 2394,2439 2439,2442 2484,2442 2528,2445 2573,2445 2618,2448 2663,2448 2708,2454 2752,2454 2797,2454 2842,2454 2887,2457 2931,2460 2976,2460 3021,2463 3066,2463 3111,2463 3155,2466 3200,2466 3245,2466 3290,2469 3335,2469 3379,2475 3424,2481"/>
                <TextEquiv>
                    <Unicode>desfalle erst zugleich mit der Urauftührung</Unicode>
                </TextEquiv>
            </TextLine>
            <TextLine id="tr_1_tl_77" custom="readingOrder {index:76;}">
                <Coords points="399,2503 1720,2453 1722,2398 824,2450 657,2407 402,2430"/>
                <Baseline points="409,2493 423,2493 468,2490 513,2487 558,2484 603,2481 647,2478 692,2478 737,2475 782,2475 827,2472 871,2469 916,2466 961,2463 1006,2460 1050,2460 1095,2457 1140,2454 1185,2454 1230,2451 1274,2448 1319,2445 1364,2442 1409,2439 1454,2439 1498,2436 1543,2436 1588,2439 1633,2436 1677,2433 1722,2436"/>
                <TextEquiv>
                    <Unicode>früheren Fällen das Problem der Uraufführung nach</Unicode>
                </TextEquiv>
            </TextLine>
            <TextLine id="tr_1_tl_78" custom="readingOrder {index:77;}">
                <Coords points="407,2536 1596,2492 1670,2480 1672,2444 409,2505"/>
                <Baseline points="418,2534 420,2531 465,2534 510,2528 555,2525 600,2522 644,2522 689,2519 734,2516 779,2516 824,2513 868,2511 913,2508 958,2505 1003,2505 1047,2502 1092,2499 1137,2499 1182,2496 1227,2493 1271,2490 1316,2487 1361,2484 1406,2481 1451,2481 1495,2478 1540,2478 1585,2478 1630,2475 1674,2475"/>
                <TextEquiv>
                    <Unicode>allen Seiten hin selbst zu erledigen wünsche, so</Unicode>
                </TextEquiv>
            </TextLine>
            <TextLine id="tr_1_tl_79" custom="readingOrder {index:78;}">
                <Coords points="2251,2512 2313,2538 2349,2510 2411,2517 2458,2496 2490,2517 2528,2512 2561,2526 2558,2458 2524,2457 2501,2443 2483,2441 2462,2457 2439,2446 2395,2457 2373,2444 2347,2455 2315,2439 2249,2451"/>
                <Baseline points="2260,2478 2304,2481 2349,2484 2394,2484 2439,2487 2484,2487 2528,2493 2564,2496"/>
                <TextEquiv>
                    <Unicode>erscheinen.</Unicode>
                </TextEquiv>
            </TextLine>
            <TextLine id="tr_1_tl_80" custom="readingOrder {index:79;}">
                <Coords points="413,2581 1654,2535 1693,2531 1695,2478 414,2547"/>
                <Baseline points="423,2582 444,2579 489,2576 534,2576 579,2573 624,2570 668,2567 713,2564 758,2564 803,2561 847,2555 892,2555 937,2555 982,2549 1027,2549 1071,2546 1116,2543 1161,2543 1206,2540 1251,2540 1295,2537 1340,2534 1385,2531 1430,2528 1474,2525 1519,2525 1564,2522 1609,2522 1654,2519 1698,2519"/>
                <TextEquiv>
                    <Unicode>bedeutet das keineswegs eine Breparungemassnahme</Unicode>
                </TextEquiv>
            </TextLine>
            <TextLine id="tr_1_tl_81" custom="readingOrder {index:80;}">
                <Coords points="3208,2568 3277,2581 3316,2565 3369,2582 3440,2570 3571,2586 3569,2533 3512,2536 3488,2515 3443,2524 3390,2501 3349,2519 3289,2522 3271,2506 3202,2492"/>
                <Baseline points="3215,2552 3260,2558 3305,2561 3349,2564 3394,2567 3439,2567 3484,2567 3529,2570 3573,2576 3576,2576"/>
                <TextEquiv>
                    <Unicode>Angelegenheit</Unicode>
                </TextEquiv>
            </TextLine>
            <TextLine id="tr_1_tl_82" custom="readingOrder {index:81;}">
                <Coords points="409,2652 937,2675 1243,2597 1814,2595 1833,2505 413,2588"/>
                <Baseline points="420,2627 447,2621 492,2621 537,2618 582,2618 627,2615 671,2612 716,2612 761,2609 806,2606 850,2603 895,2603 940,2600 985,2597 1030,2597 1074,2594 1119,2591 1164,2588 1209,2588 1254,2585 1298,2585 1343,2582 1388,2579 1433,2576 1477,2576 1522,2573 1567,2573 1612,2573 1657,2573 1701,2567 1746,2564 1791,2564 1836,2561"/>
                <TextEquiv>
                    <Unicode>wie ein Satz Ihr's Briefes leider anzudeuten scheint</Unicode>
                </TextEquiv>
            </TextLine>
            <TextLine id="tr_1_tl_83" custom="readingOrder {index:82;}">
                <Coords points="2485,2591 3521,2623 3519,2581 3482,2574 3277,2581 2985,2531 2905,2552 2767,2506 2482,2538"/>
                <Baseline points="2493,2573 2537,2573 2582,2579 2627,2579 2672,2582 2717,2582 2761,2588 2806,2588 2851,2591 2896,2591 2940,2594 2985,2594 3030,2594 3075,2597 3120,2597 3164,2600 3209,2603 3254,2603 3299,2603 3344,2606 3388,2609 3433,2609 3478,2612 3523,2615"/>
                <TextEquiv>
                    <Unicode>Mit Prestige aber hat die ganze</Unicode>
                </TextEquiv>
            </TextLine>
            <TextLine id="tr_1_tl_84" custom="readingOrder {index:83;}">
                <Coords points="2242,2657 2533,2625 2689,2687 2830,2641 3213,2660 3291,2701 3527,2673 3525,2620 3364,2606 2239,2572"/>
                <Baseline points="2251,2615 2296,2615 2340,2615 2385,2615 2430,2618 2475,2621 2519,2621 2564,2624 2609,2627 2654,2630 2699,2630 2743,2633 2788,2633 2833,2633 2878,2636 2923,2639 2967,2642 3012,2645 3057,2645 3102,2648 3146,2648 3191,2648 3236,2651 3281,2654 3326,2657 3370,2657 3415,2660 3460,2660 3505,2660 3529,2657"/>
                <TextEquiv>
                    <Unicode>nicht das Geringste zu tun; wir wollen sie wei-</Unicode>
                </TextEquiv>
            </TextLine>
        </TextRegion>
    </Page>
</PcGts>
