3865 3351
2311 575 2399 670 1
3031 645 3310 740 14.7.1928.
2091 672 2397 780 ongel.
3330 722 3677 818 Berlin
2756 683 3081 836 Reipi
2798 815 3046 931 Verlot
2288 896 3172 1009 Sehr verehrter Herr Fritz Engel,
2632 1069 3654 1190 Darf ich Sie um eine Gefälligkeit er-
2293 1147 3623 1227 suchen? Meine Szenenreihe "Reigen" soll demnächet
2304 1197 3634 1262 bei einem neuen ersten Verleger herauskommen. (Zu-
2298 1244 3510 1312 letzt ist sie bei Harz erschienen, der aus mir
2291 1249 3626 1368 nicht ganz klaren Gründen im Vertrieb xxx
2304 1335 3598 1388 erheblich behindert zu sein scheint). Wären Sie,
2311 1377 3578 1435 verehrter Herr Engel, als Mitglied der Prüfungs-
2299 1405 3598 1478 kommission des Schund- und Schmutzgesetzes in der
2299 1463 3524 1531 Lage ohne Mühe festzustellen, ob ein Verbot den
2323 1475 3648 1569 Reigen aus der Zeit vor dem Gesetz noch besteht.
2303 1543 3638 1616 Mir persönlich ist es sonderbarerweise auch durch
2303 1581 3549 1662 Mithilfe eines Rechtsanwalts niemals gelungen,
2304 1631 3553 1697 das einwandfrei xxxx zu erfahren. Sie
2303 1666 3529 1744 würden mich sehr verbinden, wenn Sie mir viel-
2304 1714 3626 1792 leicht mitteilen könnten, wie die Rechtslage heute
2314 1772 3541 1844 beschaffen xxx,d.h. ob der "Reigen" beschlag-
2303 1815 3109 1904 nahmt, verboten oder frei ist.
2615 1862 3563 2005 Mit vielem Dank und verbindlichen
2308 1927 2519 2040 Grüssen
2622 1967 3135 2076 Ihr sehr ergebener
2308 2299 2899 2367 Herrn Dr. Fritz Engel,
2304 2306 3272 2436 Redakteur des Berliner Tageblattes.
2304 2401 2529 2475 Berlin.
592 2715 768 2783 ou a
