3895 3576
480 928 1763 1045 Zweifel feststand,in meinem alleinigen Besitze
480 1020 615 1097 war.
825 1063 1413 1175 Mit herzlichen Gruss
828 1143 919 1205 Ihr
867 1239 978 1299 G.C.F.P
834 1338 974 1388 G.H.F.P.
482 2117 672 2197 Herrn
494 2188 690 2266 Berlin.
2049 615 2160 699 De
2101 729 2467 878 S. Tischer
3070 846 3338 937 5.3.1930.
2313 1084 3050 1175 Lieber Herr Doktor Maril,
2853 1166 2929 1226 G.C.F.P.
2727 1173 3628 1278 Nicht ohne Befremden erfahre ich
2220 1255 3598 1330 aus Ihrem Schreiben von 3.d. M., dass Barnoweky von
2225 1287 3623 1370 ersten Moment an seinen Vertrag nicht gehalten hat
2224 1340 3518 1404 und wundere mich, dass Sie mich nicht gleich ver-
2225 1381 3537 1445 ständigt haben, ich hätte Sie ersucht die Vorstel-
2225 1424 3589 1491 lungen sofort inhibieren zu lassen. Hätte z.B.Kort-
2222 1482 3551 1538 ner sein Honorar nicht bekommen, so wäre das Stück
2231 1518 3601 1580 gewiss nicht einen Tag länger gespielt worden. Noch
2225 1562 3562 1628 rätselhafter ist mir, dass sich das Schiedsgericht
2220 1596 3592 1671 mit dieser Angelegenheit zu befassen hatte. Es han-
2222 1655 3576 1705 delte sich doch um keine Frage,ob Barnowsky etwa
2229 1687 3605 1754 verpflichtet gewesen wäre mir zu zahlen oder nicht.
2225 1742 3630 1829 Es handelt sich um einen ganz klaren Fall von Verun-
2231 1785 3523 1849 treuung, die Barnowsky an mir versucht. Ich stehe
2229 1831 3626 1893 mit der Auffassung keineswegs allein,wie Sie wissen,
2229 1877 3573 1939 dass eine solche Zurückhaltung der Tantièmen eine
2238 1921 3500 1975 Unterschlagung oder Veruntreuung bedeutet, da ja
2229 1969 3559 2019 wie schon, wenn ich nicht irre, gerichtlich festge-
2225 2007 3551 2069 stellt wurde, der Direktor gewissermassen nur als
2220 2055 3580 2110 Treuhänder für den Autor fungiert, dem gegenüber er
2234 2096 3592 2149 für jedes verkauftes Billett von dem Augenblick den
2217 2142 3607 2193 Kaufs an tantienenpflichtig ist. Harnowsky hat ein-
2208 2190 3624 2252 fach den mir gehörigen Betrag vorläufig in eine Ta-
2225 2225 3607 2282 sche gesteckt. Irgend einen Anlass mich einen ohne
2217 2277 3582 2346 meine Zustimmung und überdies in Ihrer Abwesenheit
2231 2325 3500 2375 geschlossenen Vergleich anzuschliessen habe ich
2213 2355 3626 2419 nicht und ich akzeptiere ihn auch nicht unter Wider-
2213 2401 3642 2474 ruf. Sie schreiben, dass der Vergleich Ratensahlungen
2225 2457 3583 2519 vorsieht, ohne über die näheren Modalitäten (Termin
2234 2504 3560 2561 und Höhe der Batenzahlung) etwas mitsuteilen. Wie
2229 2544 3553 2608 schade, dass Sie nicht bei Abschluss des Vertrages
2234 2592 3535 2647 vor allen einmal auf Zahlung einer Garantie oder
2240 2638 3527 2707 Vorschussumme bestanden haben, insbesondere als
2252 2691 3512 2768 geweky den Termin immer wieder hinausschob und
