3900 3578
3225 602 3574 735 Berlin
2051 639 2576 787 The Fischer
3085 730 3381 820 30.5.1931.
2344 920 2910 1019 Lieber Doktor Maril.
2547 1032 3653 1120 Ich bin schon seit vielen Jahren Mitglied
2366 1078 3606 1170 der "Société" in Paris und habe in der letzten
2366 1135 3574 1214 Zeit (allerdings sehr selten) meine Tantièmen
2367 1163 3598 1254 durch den Direktor Bloch erhalten; ebenso habe
2369 1217 3569 1295 ich jetzt einen neuen Vertrag über das "Weite
2367 1247 3579 1338 Land in einer neuen Uebersetzung von Susanne
2369 1286 3601 1395 läuser mit dem Direktor des Odéon Abraham durch
2374 1347 3670 1431 die Société des Auteurs geschlossen. Vor wenigen
2377 1394 3527 1473 Tagen habe ich über die deutsche Aufführung
2379 1426 3674 1508 der "Komödie der Worte" durch die Société des Au-
2386 1471 3655 1564 teurs einen Vertrag geschlossen, dem eine längere
2372 1516 3632 1596 Korrespondenz mit (der mir auch persömlich sehr
2372 1538 3674 1675 gut bekannten) Georgette Boner vorangegangen ist.
2559 1629 3658 1723 Dass im Laufe der letzten Jahre von mei-
2379 1695 3583 1772 nen Werken in französischer Sprache "Csanovas
2382 1732 3586 1822 Heimfahrt" (übersetzt von Rémon), "Beate und
2389 1791 3522 1865 ihr Sohn" (übersetzt von Hella und Bournat,
2384 1826 3584 1915 Edition Attinger), "pénombre des ames" (über-
2389 1854 3662 1952 setzt von Susanne Clauser,bei Stock), "Therese",
2392 1907 3601 1999 (übersetzt von Susanne Clauser bei Michel)er.
2391 1933 3647 2039 schienen sind, glaube ich Ihnen schon mitgeteilt
2392 1997 3596 2085 zu haben. Die einzelnen in "Penombre des ames
2401 2046 3655 2130 gesammelten Novellen sind ausnahmelos vorher im
2397 2108 3110 2187 "Gringoir" gedruckt worden.
2606 2144 3680 2250 In den letzten Tagen war der englische
2391 2201 3601 2292 Verleger Even in Vertretung von Heinemann in
2394 2251 3685 2344 Bgleitung von Herrn Simon (Simon & Schuster) bei
2392 2270 3742 2387 mir und hat die Absicht den "Reigen" in englischer
2404 2357 3124 2451 ebersetzung herauszugeben.
2635 2403 3653 2507 An Melantrich, Prag, den Sie an mich ge-
3203 2456 3722 2554 "Flucht in die Fin-
2401 2502 3196 2561 wiesen haben, ist ein Exemplar
2397 2540 2947 2635 sternis abgegangen.
3036 2581 3734 2705 glöne ab. In der kössischen
2816 2603 2895 2675 end.
2404 2628 2984 2747 turavamnlar gedruckt
