3951 3512
2000 600 2436 764 S. Fischer.
2884 678 3202 779 15.12.1927.
2324 752 2652 825 G. A. M.
2137 749 2347 852 P.
2010 739 2092 834 De
2044 812 2503 888 G.C.H.F.P.
2528 812 2795 874 G.C.H.F.H:F.F:H
2166 855 2393 907 G.C.F.P.
1983 861 2097 949 G.C.F.P.
2176 886 2875 1008 Lieber Herr Doktor Maril.
2080 1025 2210 1082 G.C.F.P
2499 1012 3591 1143 Ich habe Frau Dr. Menezel die Aeusserung
2122 1076 3570 1179 Ihres russischen Gewährmann  Im Wortlaute mitgeteilt,
2124 1153 3572 1225 es scheint je doch, dass diese Ansicht wieder von an¬
2122 1183 3570 1271 deren Gewährsmännern nicht durchaus geteilt wird. Da
2122 1236 3513 1309 nun wie Sie selbst sagen, von dem Verlag, mit dem Sie
2118 1265 3578 1351 in Verbindung stehen (wie heisst er?) nur ganz gering-
2115 1322 3515 1404 fügige Honorare gezahlt werden, möchte ich vorläufig
2116 1372 3555 1444 die Arbeit der Frau Dr. Menozel nicht ohneweiters ver-
2116 1414 3465 1474 loren geben, umso weniger, als sie eben mit
2116 1442 3593 1535 dem russischen Staatsverlag in Moskau in Verhandlungen
2118 1492 3528 1560 steht. Die russische Uebersetzung schicken Sie viel-
2122 1543 3395 1610 leicht recht bald an Frau Dr. Menczel zurück, die
2111 1589 3440 1690 Ihnen wie ich selbst bestens für Ihre Mühe dankt.
2486 1655 3581 1743 In der preussischen Akademie Sektion für
2107 1709 3578 1785 Dichtkunst, ist der Antrag gestellt und angenommen wor-
2113 1768 3560 1831 den, dass jedes Mitglied an seinen Verleger herantrete
2109 1810 3635 1880 dieser möge der Akademie das Gesamtwerk des betreffenden
2105 1863 3591 1918 Autors geschenkweise für eine zu gründende Bibliothek
2103 1895 3560 1977 überlassen. Sie haben Wohl schon die Briefe gleichen
2130 1941 3520 2014 Inhalts von den andern, dem Fischer ungehörigen Ver-
2128 1983 3557 2063 lag angehörenden Akademiemitgiedern erhalten und ich
2103 2038 3452 2126 nehme an, dass die Erfüllung unseres Ersuchens auf
2103 2073 3109 2170 keinerlei Schwierigkeit stossen wird.
2499 2139 3682 2244 Ich sende heute ein Exemplar von "Fräulein
2101 2189 3629 2318 ölse“ für den neuen Band der Gesamelten Narka an Sie ab.
2103 2246 2957 2336 Die Reihenfolge wird also sein:
2208 2297 2577 2360 Fräulein Else,
2204 2339 2690 2427 Frau des Richters
2204 2383 2576 2459 Traümnovvelle.
2505 2471 3509 2568 Ich höre hoffentlich bald etwas über
2082 2494 3113 2612 unsere verschiedenen Angelegenheiten.
