3879 3560
2083 584 2539 741 S. Fischer
3114 712 3422 807 20.11.1929.
2311 901 2706 1013 Lieber Freund.
2672 993 3625 1102 Beifolgende Dokumente beziehen sich
2271 1069 3556 1151 auf meinen Vertrag mit der detro Golwyn-Meyer -
2271 1120 3612 1193 Corporation über die Verfilmung von „Spiel im Mor-
2271 1151 3605 1249 gengrauen“, Der Sinn dieses Dokumente besteht of-
2276 1205 3580 1294 fenbar darin, dass ich dafür garantiere niemanden
2275 1258 3524 1330 andern das Recht zur Verfilmung meiner Novelle
2271 1280 3554 1378 erteilt zu haben. Da nun der Fischer-Verlag
2275 1341 3549 1421 die deutsche Ausgabe vertreibt, wollen die Leute
2276 1390 3600 1463 auch eine Sicherheit, dass dieser Verlag nicht et-
2273 1430 3625 1513 wa die Rechte anderweitig vergeben hat. - Eine glei-
2275 1481 3605 1550 che Bestätigung wird auch in Amerika von dem Ver-
2275 1515 3549 1600 leger Schuster & Simon und sogar von dem Ueber-
2275 1557 3549 1648 setzer verlangt, An Vorsicht lassen's die Leute
2276 1615 3685 1686 nicht fehlen. Ich bitte Sie also diese drei gleich-
2275 1657 3583 1740 wertigen Exemplare gleichfalls zu unterschreiben
2284 1682 3629 1780 und ebenso wie ich es getan habe Ihre Unterschrift
2276 1745 3607 1820 im Berliner amerikanischen Konsulat beglauben zu
2276 1780 3629 1861 lassen; die Sache ist rasch geschehen,es hat mich
2280 1836 3600 1910 eine Viertelstunde und dreimal 2 Dollar gekostet.
2276 1869 3578 1954 Es tut mir leid, dass ich Ihnen diese Mühe nicht
2282 1894 3634 1992 ersparen kann, etwaige Kosten gehen selbstverständ-
2280 1967 3585 2046 lich auf meine Rechnung. Man könnte vielleicht
2280 2005 3524 2083 noch ein Uebriges tun: wenn Sie nämlich direkt
2276 2050 3730 2130 an Curtis Brown, New York,116 West,Thirtyninth Street,
2286 2097 3629 2171 schreiben würden, dass die Verfilmungsrechte meiner
2284 2137 3636 2217 Werke in meinem Besitze sind und dass der Fischer-
2284 2190 3643 2258 Verlag daher ohne besondere Erlaubnis gar nicht in
2280 2224 3632 2306 der Lage sei über diese Rechte zu verfügen. -Darf
2284 2257 3739 2345 ich Sie um möglichste Beschleunigung der Angelegenheit
2286 2313 3661 2396 bitten; ich erwarte die drei Doku-
2276 2364 3641 2432 mente mit Ihren Unterschriften und den notwendigen
2280 2398 3670 2485 Ergänzungen Ihres amerikanischen Konsulats so rasch
2286 2472 2893 2559 eingeschrieben zurück.
