3859 3576
758 776 1780 889 Natürlich habe ich gar nichts dagegen,
495 861 1707 936 wenn Dr.Maril Herrn Dr.Klein oder Herrn Zarek
504 899 1705 977 das "Spiel der Sommerlufte" zur Lekture über-
504 936 1725 1031 lässt. Irgend eine weitere. Konsequenz ist da-
504 982 1732 1069 raus vorläufignvon keiner Seite zu ziehen,umso
504 1022 1710 1117 weniger, als zwei andere Bühnen in Berlin sich
501 1066 1770 1169 gleichfalls für das Werk interessieren und ich
501 1121 1737 1202 mir die Entscheidung für Berlin unbedingt per-
506 1162 1758 1239 sönlich bis auf weiteres vorzubehalten wünsche.
516 1207 1750 1300 Im übrigen aber, da ja die Uraufführung in Wien
511 1250 1760 1342 für Mitte Dezember bevorsteht ist der Bann hin-
516 1280 1770 1379 sichtlich dieses Stücks gebrochen und ich bitte
514 1340 1750 1419 Sie, lieber Freund, und Herrn Dr.Maril das Manu-
513 1384 1667 1469 script, resp. das Buch denjenigen Bühnen zur
513 1425 1680 1503 Einsicht zu überlassen,wo es Ihnen richtig
519 1469 1687 1542 scheint, so z.B. den Münchner Kammerspielen,
521 1508 1790 1588 Falkenberg und Frankfurt a.M. Hellmer, die schon
528 1558 1665 1628 vor Monaten ihr Interesse geäussert haben.
521 1607 1650 1683 Die Bücher ("Spilé der Sommerlüfte") um die
528 1635 1737 1717 ich Samstag telegraphisch gebeten, sind leider
528 1692 1788 1765 noch nicht eingelangt. Wegen der sonstigen Ver-
518 1743 1610 1827 sendungen schreibe ich in wenigen Tagen.
826 1792 1865 1898 Für heute nur dies und herzliche Grüsse
841 1871 1144 1958 von Ihrem
536 2111 1164 2219 Herrn S.Fischer,Verlag,
543 2188 751 2264 Berlin.
3140 658 3217 714 re
2016 686 2499 796 P. Tischer
2937 758 3250 834 26.11.1929
2111 798 2473 889 statt jedoch
2279 871 2512 929 G.H.F.P.
2259 919 2428 972 J:A:S:::
2915 956 3095 1024 G.H.F.P
2181 957 2817 1044 Lieber Doktor Maril,
2844 1039 3000 1094 G.H.F.P.
2632 1029 3566 1154 Beigeschlossen Ihre Liste der Rezen
2244 1116 3498 1184 sionsexemplare "Im Spiel der Sommerlüfte". Die
2246 1167 3495 1255 Exemplare, bei denen Karten: Im Auftrag des Au-
2253 1209 3435 1310 tors beigelegt werden sollen, habe ich ange-
2249 1267 2506 1327 zeichnet.
2644 1300 3571 1402 Zugleich die Liste jener Adressen,
2324 1329 2448 1412 G.C.F.P.
2249 1382 3472 1452 an die ich Sie bitte Freiexemplare zu senden;
2241 1437 3180 1494 alle womöglich gebunden.
2656 1510 3473 1575 Und ausserdem bitte ich Sie an
2249 1565 3477 1658 mich direkt ein Dutzend Exemplare schicken zu
3100 1607 3218 1662 .
2253 1620 2459 1682 wollen.
2647 1657 3530 1753 Die Versendung an die Zeitungen
2244 1705 3553 1802 sollte nicht vor dem 15. Dezember, aber auch nicht
2249 1793 3516 1881 später erfolgen; die übrigen viedleicht am 10.
2249 1838 2514 1900 Dezember,
2684 1875 3551 1976 Ich lege gleichzeitig eine Liste
2408 1923 2509 1978 G.C.F.P
2238 1955 3496 2026 von anderen meiner Bücher bei, um deren baldige
3337 2000 3460 2056 kle
2244 2011 3077 2068 Zugendung ich bitte.
3313 2045 3455 2098 tele.
2689 2053 3069 2108 nimt ist xxx
2677 2065 3575 2166 Hier ein Brief einer Wiener Buch.
2244 2145 3501 2201 handlung mit der ich persönlich in keiner Ver-
2253 2178 3452 2249 bindung stehe und zu dem ich mich eigentlich
2248 2208 3555 2293 schwer zu äussern vermag. Mir als Autor scheinen
2256 2271 3518 2338 die Erwägungen der Herren Luock & Bartsch sehr
2256 2313 3478 2376 einleuchtend. Vielleicht habe ich Gelegenheit
2241 2349 3540 2419 (mit Herrn Fischer anlässlich seiner Anwesenheit
2253 2404 3208 2479 in Wien über die Sache zu sprechen.
3087 2444 3200 2496 Anno
2681 2469 3585 2562 Die Notizen in Berliner Zeitungen
2249 2532 3498 2591 über eine eventuelle Aufführung vom „Spiel der
2241 2559 3578 2649 Sommerlüfte mit Moissi bei Klein sind vollkommen
3333 2627 3541 2722 o   e
