3913 3480
2030 577 2472 678 S. Fischer
3128 700 3385 793 6.3.1928.
464 793 1827 887 rechtlich zulässig, so hägtes es jeder Verleger in
471 837 1798 940 der Hand den Autor einfach dadurch um die Früchte
469 887 1774 980 seiner Arbeit zu bringen, dass er in irgend einem
2291 869 2829 964 Lieber Herr Doktor.
478 929 1702 1028 Augenblick das Werk des Autors aus dem Handel
476 979 1772 1067 zieht oder wenigstens lässig oder gar nicht ver-
476 1017 1807 1105 treibt. Da ich überzeugt sein kann, dass bei Ihnen
2617 995 3546 1090 Hier sende ich Ihnen einen Brief
476 1063 1814 1147 nicht etwa böser Wille im Spiele ist, so will ich
2300 1048 3537 1134 den ich vor wenigen Tagen an Harz gesandt ge-
475 1107 1697 1191 mich vorläufig darauf beschränken Sie um eine
2296 1121 3548 1189 schrieben habe und wir können vorläufig nichts
484 1140 1812 1253 präzise und jedes Missverständnis ausschliessende
2289 1165 3410 1233 anderes tun als seine Antwort abzuwarten.
475 1197 1825 1286 Auskunft zu ersuchen und zwar bitte ich vor allem
2622 1230 3493 1314 Einbandmuster "Therese" sind mir
489 1257 1389 1365 um Beantwortung folgender Fragen:
2302 1285 3577 1352 bisher noch nicht zugekommen. Wie lange glauben
971 1296 1277 1363 unverkaufte
737 1286 1895 1409 1. Wie viele Exemplare des "Reigen" existie-
2305 1338 3592 1406 Sie wird es noch dauern, bis der Roman erscheint?
489 1382 1827 1462 ren noch, wie viele davon gebunden,wie vieles unge-
2303 1387 3548 1440 Sowohl Dr. Auernheimer, Wien III. Neulingg. 13, als
2298 1422 3540 1482 Dr. Ernst Lothar, Wien YII.Bariohg.14, legen Wert
497 1457 693 1536 bund en?
760 1437 1737 1576 2. Wo befinden sich diese Exemplare?
2303 1468 3617 1532 darauf das Buch mindestens 14 Tage vor offiziel-
2303 1521 3546 1570 lem Erscheinen wegen rechtzeitiger Besprechung
733 1541 1873 1631 3. Wie viele von diesen Exemplaren und wo-
2296 1561 3570 1614 in Händen zu haben und ich würde Sie bitten xxx
434 1596 1875 1719 durch sind sie dem Verkehre entzogen? Und wie lange
2303 1603 3588 1677 den beiden Herren vielleicht ja ein Exemplar in
2296 1658 3504 1721 Aushängebogen zukommen zu lassen, und zwar in
830 1679 999 1721 G.C.F.P.
509 1684 693 1763 schon?
768 1662 1809 1757 4. Sind Sie ohne weiters berechtigt u d
2294 1690 3441 1767 möglichst gutem Zustand. (Herr Leo Schalit
509 1732 1809 1814 in der Lage alle diese Exemplare pauschallter zu
2305 1717 3529 1798 scheint nach seinen Angaben eine nicht völlig
509 1757 1865 1875 verkaufen auch die jenigen Exemplare, die sich etwa
2305 1765 3575 1845 korrigiertes Exemplar erhalten zu haben, aus dem
504 1820 1864 1919 auf irgend eine Weise festgelegt, z.B. verpfindet.
2303 1816 3619 1900 überdies noch 3 oder 4 Bogen voltkommen fehlten).
506 1880 1253 1985 in anderen Händer befinden?
2619 1893 3555 1990 Danke bestens für das Duplikat der
856 1915 1898 2027 Wenn Ihnen der noch vorhandene und als
2296 1935 2798 2045 Oktoberabrechnung.
511 1979 1919 2082 sofort verfügbar angenommene Gesamtbestand abgekauft
520 2047 1794 2124 würde und sofortige Barzahlung erfolgte, welchen
2628 2034 3161 2126 Herzlichst grüssend
511 2091 1594 2201 Betrag per Exemplar würden Sie ford ern?
2622 2096 2723 2166 Ihr
1585 2085 1853 2183 praktisch
781 2135 1952 2252 Die heutige Situation, die eigentlich nichts
519 2208 1880 2316 anderes bedeutet als den Versuch einer Ausschlies-
2296 2208 2598 2316 1 Beilage.
519 2265 1847 2351 sung des Autors von der Nutzniessung seines Werks
533 2296 1933 2393 auf unbestimmte Zeit, also ganz einfach eine relative
520 2340 1856 2439 Enteignung, kann nicht länger dauern, ich kann auch
469 2375 1942 2516 den Vorteil nicht sehen, den Sie von dieser Situation
2305 2375 2925 2474 Herrn Dr. Konrad Maril
2303 2454 2778 2531 S. Fischer, Verlag.
795 2443 1977 2566 Ihrer geschätzten Antwort sehe ich baldigst
520 2474 698 2547 haben.
2302 2505 2505 2578 Berli.
528 2536 1690 2648 entgegen und bin mit verbindlichen Grüssen
801 2587 1186 2672 Ihr ergebener
