<?xml version="1.0" encoding="UTF-8" standalone="yes"?>
<PcGts xmlns="http://schema.primaresearch.org/PAGE/gts/pagecontent/2013-07-15" xmlns:xsi="http://www.w3.org/2001/XMLSchema-instance" xsi:schemaLocation="http://schema.primaresearch.org/PAGE/gts/pagecontent/2013-07-15 http://schema.primaresearch.org/PAGE/gts/pagecontent/2013-07-15/pagecontent.xsd">
    <Metadata>
        <Creator>prov=READ-COOP:name=TrHtr:version=2.1.0:model_id=51170:date=27_07_2023_17:41</Creator>
        <Created>2023-05-02T08:01:30.870+02:00</Created>
        <LastChange>2023-07-27T17:41:12.594+02:00</LastChange>
        <TranskribusMetadata docId="1416741" pageId="54953167" pageNr="156" tsid="131276065" status="IN_PROGRESS" userId="64420" imgUrl="https://files.transkribus.eu/Get?id=KBOWOUQTGDAZRYMTOHRJLDSP&amp;fileType=view" xmlUrl="https://files.transkribus.eu/Get?id=NMKRJRWJXRAHMWNPOSRDPMZJ" imageId="44456892"/>
    </Metadata>
    <Page imageFilename="1416741_0156.jpg" imageWidth="3873" imageHeight="3576">
        <ReadingOrder>
            <OrderedGroup id="ro_1711827701544" caption="Regions reading order">
                <RegionRefIndexed index="0" regionRef="tr_1"/>
            </OrderedGroup>
        </ReadingOrder>
        <TextRegion id="tr_1" custom="readingOrder {index:0;}">
            <Coords points="2116,711 3784,711 3784,2520 2116,2520"/>
            <TextLine id="tr_1_tl_1" custom="readingOrder {index:0;}">
                <Coords points="2106,795 2220,767 2315,788 2351,767 2367,781 2542,772 2565,763 2565,719 2379,720 2313,702 2202,747 2107,745"/>
                <Baseline points="2116,779 2122,779 2167,770 2211,767 2256,764 2301,764 2346,767 2390,767 2435,764 2480,764 2525,764 2570,761"/>
                <TextEquiv>
                    <Unicode>P. Tischer</Unicode>
                </TextEquiv>
            </TextLine>
            <TextLine id="tr_1_tl_2" custom="readingOrder {index:1;}">
                <Coords points="3132,849 3155,854 3214,829 3275,845 3368,822 3436,826 3437,763 3398,776 3278,747 3234,763 3198,745 3176,760 3135,751"/>
                <Baseline points="3143,826 3170,826 3214,826 3259,826 3304,823 3349,820 3393,820 3438,817"/>
                <TextEquiv>
                    <Unicode>11.2.1931.</Unicode>
                </TextEquiv>
            </TextLine>
            <TextLine id="tr_1_tl_3" custom="readingOrder {index:2;}">
                <Coords points="2304,1051 3037,1051 3041,965 2967,947 2756,988 2669,946 2449,972 2397,935 2311,926"/>
                <Baseline points="2316,1038 2328,1038 2373,1035 2417,1035 2462,1032 2507,1029 2552,1029 2596,1026 2641,1026 2686,1023 2731,1020 2776,1017 2820,1017 2865,1014 2910,1011 2955,1011 2999,1008 3044,1008"/>
                <TextEquiv>
                    <Unicode>Lieber Herr Doktor Hermann.</Unicode>
                </TextEquiv>
            </TextLine>
            <TextLine id="tr_1_tl_4" custom="readingOrder {index:3;}">
                <Coords points="2635,1174 3580,1131 3630,1123 3632,1051 3112,1071 3039,1047 2980,1078 2833,1058 2638,1085"/>
                <Baseline points="2644,1152 2650,1152 2695,1152 2740,1149 2784,1149 2829,1146 2874,1143 2919,1143 2964,1140 3008,1137 3053,1137 3098,1134 3143,1131 3187,1134 3232,1128 3277,1128 3322,1122 3367,1122 3411,1119 3456,1119 3501,1119 3546,1119 3590,1113 3635,1113"/>
                <TextEquiv>
                    <Unicode>Sie haben mein Telegramm erhalten, in</Unicode>
                </TextEquiv>
            </TextLine>
            <TextLine id="tr_1_tl_5" custom="readingOrder {index:4;}">
                <Coords points="2322,1216 3714,1176 3716,1105 2662,1171 2506,1121 2326,1137"/>
                <Baseline points="2331,1208 2376,1208 2420,1205 2465,1205 2510,1202 2555,1199 2599,1196 2644,1196 2689,1193 2734,1193 2779,1193 2823,1191 2868,1191 2913,1188 2958,1185 3002,1182 3047,1179 3092,1179 3137,1176 3181,1176 3226,1173 3271,1170 3316,1170 3361,1167 3405,1164 3450,1158 3495,1158 3540,1158 3584,1161 3629,1158 3674,1155 3719,1158"/>
                <TextEquiv>
                    <Unicode>dem ich Sie ersuchte gegen diesen Herrn Rökk Richter</Unicode>
                </TextEquiv>
            </TextLine>
            <TextLine id="tr_1_tl_6" custom="readingOrder {index:5;}">
                <Coords points="2313,1260 3478,1224 3691,1207 3693,1171 2315,1217"/>
                <Baseline points="2322,1253 2352,1253 2396,1253 2441,1250 2486,1247 2531,1247 2576,1244 2620,1241 2665,1238 2710,1238 2755,1235 2799,1235 2844,1232 2889,1232 2934,1229 2979,1226 3023,1223 3068,1223 3113,1223 3158,1220 3202,1217 3247,1214 3292,1214 3337,1211 3381,1211 3426,1208 3471,1205 3516,1202 3561,1202 3605,1196 3650,1196 3695,1199"/>
                <TextEquiv>
                    <Unicode>mit aller Energie vorzugehen. Ich sende Ihnen heute</Unicode>
                </TextEquiv>
            </TextLine>
            <TextLine id="tr_1_tl_7" custom="readingOrder {index:6;}">
                <Coords points="2322,1303 3645,1264 3659,1203 2324,1269"/>
                <Baseline points="2331,1295 2364,1298 2408,1295 2453,1292 2498,1292 2543,1289 2587,1289 2632,1286 2677,1283 2722,1280 2767,1280 2811,1277 2856,1274 2901,1274 2946,1271 2990,1268 3035,1268 3080,1265 3125,1265 3170,1262 3214,1262 3259,1259 3304,1256 3349,1256 3393,1253 3438,1250 3483,1250 3528,1247 3573,1244 3617,1241 3662,1238"/>
                <TextEquiv>
                    <Unicode>die Abschrift eines Briefes nach, den ich 19.5.1928</Unicode>
                </TextEquiv>
            </TextLine>
            <TextLine id="tr_1_tl_8" custom="readingOrder {index:7;}">
                <Coords points="2318,1346 3520,1307 3643,1292 3645,1255 2320,1303"/>
                <Baseline points="2328,1340 2349,1340 2393,1337 2438,1337 2483,1337 2528,1334 2573,1331 2617,1328 2662,1328 2707,1328 2752,1325 2796,1322 2841,1319 2886,1316 2931,1316 2976,1313 3020,1313 3065,1310 3110,1307 3155,1307 3199,1304 3244,1301 3289,1298 3334,1298 3378,1295 3423,1295 3468,1292 3513,1289 3558,1289 3602,1286 3647,1286"/>
                <TextEquiv>
                    <Unicode>Herrn Richter gesandt habe, der mein Verhältnis zu</Unicode>
                </TextEquiv>
            </TextLine>
            <TextLine id="tr_1_tl_9" custom="readingOrder {index:8;}">
                <Coords points="2327,1389 3613,1346 3666,1337 3668,1283 2329,1350"/>
                <Baseline points="2337,1385 2373,1382 2417,1379 2462,1379 2507,1376 2552,1373 2596,1373 2641,1373 2686,1367 2731,1367 2776,1364 2820,1364 2865,1361 2910,1358 2955,1358 2999,1355 3044,1355 3089,1352 3134,1349 3178,1346 3223,1346 3268,1343 3313,1343 3358,1343 3402,1340 3447,1337 3492,1334 3537,1334 3581,1328 3626,1328 3671,1325"/>
                <TextEquiv>
                    <Unicode>ihm und das Wesen dieses Herrn zur Genüge klarstel</Unicode>
                </TextEquiv>
            </TextLine>
            <TextLine id="tr_1_tl_10" custom="readingOrder {index:9;}">
                <Coords points="2331,1432 3718,1396 3732,1316 2333,1392"/>
                <Baseline points="2340,1426 2346,1426 2390,1423 2435,1420 2480,1420 2525,1417 2570,1417 2614,1417 2659,1414 2704,1414 2749,1408 2793,1408 2838,1408 2883,1405 2928,1402 2973,1399 3017,1399 3062,1396 3107,1396 3152,1393 3196,1390 3241,1388 3286,1385 3331,1385 3376,1382 3420,1382 3465,1379 3510,1379 3555,1376 3599,1373 3644,1370 3689,1367 3734,1367"/>
                <TextEquiv>
                    <Unicode>len dürfte. Er gibt sich nun also offenbar als meinen</Unicode>
                </TextEquiv>
            </TextLine>
            <TextLine id="tr_1_tl_11" custom="readingOrder {index:10;}">
                <Coords points="2331,1468 3609,1444 3630,1387 2333,1432"/>
                <Baseline points="2340,1465 2379,1465 2423,1465 2468,1465 2513,1462 2558,1459 2602,1459 2647,1456 2692,1456 2737,1453 2781,1453 2826,1450 2871,1447 2916,1444 2961,1444 3005,1441 3050,1441 3095,1438 3140,1438 3184,1432 3229,1432 3274,1429 3319,1429 3364,1426 3408,1423 3453,1420 3498,1420 3543,1420 3587,1417 3632,1408"/>
                <TextEquiv>
                    <Unicode>Vertreter aus, schliesst beim Rundfunk- und weise</Unicode>
                </TextEquiv>
            </TextLine>
            <TextLine id="tr_1_tl_12" custom="readingOrder {index:11;}">
                <Coords points="2331,1516 3575,1476 3588,1428 2333,1478"/>
                <Baseline points="2340,1513 2382,1510 2426,1510 2471,1507 2516,1507 2561,1504 2605,1504 2650,1501 2695,1498 2740,1495 2784,1495 2829,1492 2874,1492 2919,1489 2964,1486 3008,1483 3053,1483 3098,1480 3143,1480 3187,1480 3232,1477 3277,1474 3322,1471 3367,1468 3411,1468 3456,1465 3501,1465 3546,1462 3590,1459"/>
                <TextEquiv>
                    <Unicode>Gott wo noch über meine Werke ab und steckt das</Unicode>
                </TextEquiv>
            </TextLine>
            <TextLine id="tr_1_tl_13" custom="readingOrder {index:12;}">
                <Coords points="2331,1569 3407,1539 3691,1518 3693,1471 2334,1518"/>
                <Baseline points="2343,1555 2352,1555 2396,1555 2441,1552 2486,1552 2531,1549 2576,1549 2620,1546 2665,1546 2710,1543 2755,1540 2799,1537 2844,1537 2889,1534 2934,1534 2979,1531 3023,1528 3068,1525 3113,1525 3158,1522 3202,1519 3247,1519 3292,1516 3337,1516 3381,1513 3426,1510 3471,1510 3516,1507 3561,1507 3605,1504 3650,1504 3695,1507"/>
                <TextEquiv>
                    <Unicode>Geld ein. Ob man etwas Praktisches wird tun können,</Unicode>
                </TextEquiv>
            </TextLine>
            <TextLine id="tr_1_tl_14" custom="readingOrder {index:13;}">
                <Coords points="2333,1614 3630,1559 3650,1509 2334,1569"/>
                <Baseline points="2343,1602 2355,1599 2399,1596 2444,1596 2489,1593 2534,1593 2579,1590 2623,1588 2668,1588 2713,1585 2758,1582 2802,1582 2847,1579 2892,1576 2937,1573 2981,1573 3026,1570 3071,1570 3116,1567 3161,1564 3205,1564 3250,1564 3295,1561 3340,1558 3384,1558 3429,1558 3474,1552 3519,1549 3564,1549 3608,1546 3653,1546"/>
                <TextEquiv>
                    <Unicode>ist bei alledem nicht vollkommen sicher. Man wird</Unicode>
                </TextEquiv>
            </TextLine>
            <TextLine id="tr_1_tl_15" custom="readingOrder {index:14;}">
                <Coords points="2338,1648 3698,1614 3702,1552 2340,1612"/>
                <Baseline points="2349,1644 2361,1641 2405,1641 2450,1638 2495,1635 2540,1635 2584,1632 2629,1629 2674,1629 2719,1626 2764,1623 2808,1623 2853,1620 2898,1620 2943,1617 2987,1617 3032,1617 3077,1614 3122,1608 3167,1605 3211,1605 3256,1605 3301,1602 3346,1599 3390,1596 3435,1596 3480,1593 3525,1590 3570,1590 3614,1588 3659,1588 3704,1582"/>
                <TextEquiv>
                    <Unicode>sich in Italien vielleicht auf den Standpunkt stel-</Unicode>
                </TextEquiv>
            </TextLine>
            <TextLine id="tr_1_tl_16" custom="readingOrder {index:15;}">
                <Coords points="2336,1702 3616,1646 3636,1593 2338,1650"/>
                <Baseline points="2346,1686 2387,1686 2432,1686 2477,1683 2522,1680 2567,1680 2611,1674 2656,1674 2701,1671 2746,1671 2790,1668 2835,1665 2880,1665 2925,1662 2970,1659 3014,1659 3059,1656 3104,1653 3149,1650 3193,1647 3238,1647 3283,1650 3328,1644 3373,1644 3417,1641 3462,1641 3507,1638 3552,1635 3596,1632 3641,1626"/>
                <TextEquiv>
                    <Unicode>len, dass speziell der "Anatol" über 30 Jahre alt</Unicode>
                </TextEquiv>
            </TextLine>
            <TextLine id="tr_1_tl_17" custom="readingOrder {index:16;}">
                <Coords points="2340,1734 3725,1691 3729,1641 2342,1700"/>
                <Baseline points="2349,1728 2387,1728 2432,1725 2477,1725 2522,1722 2567,1722 2611,1719 2656,1719 2701,1716 2746,1713 2790,1710 2835,1710 2880,1710 2925,1707 2970,1704 3014,1704 3059,1701 3104,1698 3149,1698 3193,1695 3238,1695 3283,1692 3328,1689 3373,1686 3417,1686 3462,1683 3507,1683 3552,1680 3596,1677 3641,1674 3686,1674 3731,1674"/>
                <TextEquiv>
                    <Unicode>und dort nicht mehr gesetzlich geschützt ist, so dass</Unicode>
                </TextEquiv>
            </TextLine>
            <TextLine id="tr_1_tl_18" custom="readingOrder {index:17;}">
                <Coords points="2345,1782 3525,1725 3682,1754 3686,1686 2347,1737"/>
                <Baseline points="2355,1776 2390,1773 2435,1770 2480,1767 2525,1767 2570,1764 2614,1764 2659,1761 2704,1761 2749,1755 2793,1755 2838,1755 2883,1752 2928,1749 2973,1746 3017,1746 3062,1743 3107,1743 3152,1740 3196,1737 3241,1737 3286,1734 3331,1731 3376,1728 3420,1728 3465,1725 3510,1725 3555,1722 3599,1719 3644,1719 3689,1716"/>
                <TextEquiv>
                    <Unicode>jeder Lamp ihn als vogelfrei und willkommene Beute</Unicode>
                </TextEquiv>
            </TextLine>
            <TextLine id="tr_1_tl_19" custom="readingOrder {index:18;}">
                <Coords points="2345,1830 3530,1786 3664,1771 3666,1727 2347,1780"/>
                <Baseline points="2355,1814 2370,1814 2414,1814 2459,1811 2504,1808 2549,1808 2593,1805 2638,1805 2683,1802 2728,1799 2773,1796 2817,1793 2862,1793 2907,1793 2952,1790 2996,1788 3041,1788 3086,1788 3131,1785 3176,1782 3220,1779 3265,1779 3310,1776 3355,1773 3399,1770 3444,1770 3489,1770 3534,1770 3578,1767 3623,1764 3668,1761"/>
                <TextEquiv>
                    <Unicode>betrachten kann. Wir wollen niemanden im Unklaren</Unicode>
                </TextEquiv>
            </TextLine>
            <TextLine id="tr_1_tl_20" custom="readingOrder {index:19;}">
                <Coords points="2342,1863 3350,1838 3654,1814 3668,1775 2342,1836"/>
                <Baseline points="2352,1859 2373,1859 2417,1856 2462,1853 2507,1853 2552,1850 2596,1850 2641,1847 2686,1844 2731,1847 2776,1841 2820,1838 2865,1838 2910,1835 2955,1835 2999,1832 3044,1829 3089,1829 3134,1826 3178,1826 3223,1823 3268,1820 3313,1820 3358,1817 3402,1814 3447,1814 3492,1811 3537,1811 3581,1808 3626,1805 3671,1805"/>
                <TextEquiv>
                    <Unicode>darüber lassen, dass wir einen Dieb für eine Dieb</Unicode>
                </TextEquiv>
            </TextLine>
            <TextLine id="tr_1_tl_21" custom="readingOrder {index:20;}">
                <Coords points="2343,1916 3700,1864 3702,1818 2347,1863"/>
                <Baseline points="2355,1904 2364,1901 2408,1901 2453,1901 2498,1898 2543,1898 2587,1892 2632,1892 2677,1889 2722,1886 2767,1886 2811,1883 2856,1883 2901,1880 2946,1877 2990,1877 3035,1874 3080,1874 3125,1868 3170,1868 3214,1865 3259,1865 3304,1862 3349,1862 3393,1859 3438,1856 3483,1853 3528,1856 3573,1853 3617,1850 3662,1847 3707,1847"/>
                <TextEquiv>
                    <Unicode>halten, auch wenn er nach den Gesetzen seines Landes</Unicode>
                </TextEquiv>
            </TextLine>
            <TextLine id="tr_1_tl_22" custom="readingOrder {index:21;}">
                <Coords points="2343,1956 3530,1918 3679,1905 3700,1864 2345,1916"/>
                <Baseline points="2355,1946 2361,1946 2405,1943 2450,1943 2495,1940 2540,1937 2584,1937 2629,1937 2674,1934 2719,1931 2764,1931 2808,1928 2853,1925 2898,1925 2943,1922 2987,1919 3032,1919 3077,1916 3122,1913 3167,1913 3211,1913 3256,1910 3301,1907 3346,1904 3390,1901 3435,1901 3480,1898 3525,1898 3570,1898 3614,1892 3659,1892 3704,1889"/>
                <TextEquiv>
                    <Unicode>für diesen Diebstahl nicht eingesperrt werden kann.</Unicode>
                </TextEquiv>
            </TextLine>
            <TextLine id="tr_1_tl_23" custom="readingOrder {index:22;}">
                <Coords points="2345,1991 3779,1945 3781,1884 2347,1954"/>
                <Baseline points="2355,1990 2396,1987 2441,1985 2486,1982 2531,1982 2576,1979 2620,1979 2665,1979 2710,1976 2755,1973 2799,1973 2844,1970 2889,1967 2934,1967 2979,1964 3023,1961 3068,1961 3113,1958 3158,1955 3202,1955 3247,1952 3292,1952 3337,1949 3381,1946 3426,1946 3471,1943 3516,1940 3561,1940 3605,1937 3650,1937 3695,1934 3740,1934 3784,1928"/>
                <TextEquiv>
                    <Unicode>Es dürfte natürlich die in Betracht kommenden Subjek</Unicode>
                </TextEquiv>
            </TextLine>
            <TextLine id="tr_1_tl_24" custom="readingOrder {index:23;}">
                <Coords points="2345,2031 3262,1995 3366,2029 3423,1991 3738,1988 3738,1945 2347,1998"/>
                <Baseline points="2355,2029 2399,2029 2444,2029 2489,2026 2534,2026 2579,2023 2623,2020 2668,2020 2713,2017 2758,2017 2802,2014 2847,2014 2892,2011 2937,2008 2981,2005 3026,2008 3071,2002 3116,2002 3161,1999 3205,1996 3250,1996 3295,1993 3340,1993 3384,1990 3429,1987 3474,1985 3519,1985 3564,1985 3608,1982 3653,1979 3698,1976 3743,1976"/>
                <TextEquiv>
                    <Unicode>te vollkommen kühl lassen, wie ich es ja vor ein paar</Unicode>
                </TextEquiv>
            </TextLine>
            <TextLine id="tr_1_tl_25" custom="readingOrder {index:24;}">
                <Coords points="2349,2091 3557,2027 3732,2061 3779,1998 2351,2036"/>
                <Baseline points="2358,2077 2393,2077 2438,2074 2483,2071 2528,2068 2573,2068 2617,2065 2662,2065 2707,2062 2752,2059 2796,2059 2841,2056 2886,2053 2931,2053 2976,2047 3020,2044 3065,2044 3110,2044 3155,2044 3199,2041 3244,2038 3289,2038 3334,2035 3378,2032 3423,2032 3468,2029 3513,2029 3558,2026 3602,2026 3647,2023 3692,2020 3737,2020 3781,2026"/>
                <TextEquiv>
                    <Unicode>Monaten anlässlich der "Bertha Garlan" erfahren habe,</Unicode>
                </TextEquiv>
            </TextLine>
            <TextLine id="tr_1_tl_26" custom="readingOrder {index:25;}">
                <Coords points="2345,2143 3362,2109 3666,2084 3668,2045 2347,2090"/>
                <Baseline points="2355,2122 2373,2119 2417,2119 2462,2119 2507,2116 2552,2113 2596,2110 2641,2110 2686,2107 2731,2104 2776,2104 2820,2104 2865,2101 2910,2098 2955,2095 2999,2095 3044,2092 3089,2089 3134,2086 3178,2086 3223,2086 3268,2080 3313,2080 3358,2077 3402,2077 3447,2074 3492,2074 3537,2071 3581,2068 3626,2068 3671,2071"/>
                <TextEquiv>
                    <Unicode>und im Anschluss darah mit "Casanovas Heimfahrt".</Unicode>
                </TextEquiv>
            </TextLine>
            <TextLine id="tr_1_tl_27" custom="readingOrder {index:26;}">
                <Coords points="2769,2188 2864,2216 2912,2193 2978,2213 3058,2186 3110,2211 3332,2199 3335,2111 3262,2120 3139,2100 3074,2122 2987,2107 2771,2147"/>
                <Baseline points="2779,2185 2799,2187 2844,2187 2889,2185 2934,2185 2979,2182 3023,2182 3068,2179 3113,2179 3158,2176 3202,2176 3247,2173 3292,2170 3337,2173"/>
                <TextEquiv>
                    <Unicode>Mit herzlichen Gruge</Unicode>
                </TextEquiv>
            </TextLine>
            <TextLine id="tr_1_tl_28" custom="readingOrder {index:27;}">
                <Coords points="2756,2250 2772,2250 2778,2245 2788,2252 2797,2243 2805,2247 2810,2242 2817,2245 2828,2243 2831,2247 2837,2243 2855,2245 2853,2202 2833,2202 2826,2195 2808,2200 2803,2195 2794,2195 2790,2199 2778,2186 2765,2195 2755,2195"/>
                <Baseline points="2767,2232 2811,2232 2856,2235 2859,2235"/>
                <TextEquiv>
                    <Unicode>Ihr</Unicode>
                </TextEquiv>
            </TextLine>
            <TextLine id="tr_1_tl_29" custom="readingOrder {index:28;}">
                <Coords points="2354,2433 2880,2404 3094,2427 3096,2363 2962,2363 2839,2329 2683,2345 2603,2383 2456,2354 2356,2381"/>
                <Baseline points="2364,2423 2382,2423 2426,2423 2471,2420 2516,2420 2561,2414 2605,2414 2650,2411 2695,2408 2740,2408 2784,2408 2829,2405 2874,2405 2919,2402 2964,2402 3008,2399 3053,2399 3098,2402"/>
                <TextEquiv>
                    <Unicode>Herrn Dr. Gottfried Hermann,</Unicode>
                </TextEquiv>
            </TextLine>
            <TextLine id="tr_1_tl_30" custom="readingOrder {index:29;}">
                <Coords points="2363,2467 2418,2481 2517,2470 2588,2483 2622,2467 2763,2479 2835,2467 2835,2433 2792,2413 2753,2426 2667,2415 2613,2431 2454,2424 2363,2438"/>
                <Baseline points="2373,2462 2390,2465 2435,2465 2480,2462 2525,2462 2570,2462 2614,2459 2659,2456 2704,2456 2749,2456 2793,2456 2838,2456"/>
                <TextEquiv>
                    <Unicode>S.Fischer, Verlag,</Unicode>
                </TextEquiv>
            </TextLine>
            <TextLine id="tr_1_tl_31" custom="readingOrder {index:30;}">
                <Coords points="2367,2520 2404,2526 2422,2542 2476,2522 2522,2524 2536,2515 2579,2519 2579,2483 2544,2483 2535,2474 2502,2470 2490,2476 2479,2469 2431,2470 2413,2481 2401,2472 2367,2472"/>
                <Baseline points="2376,2510 2420,2510 2465,2510 2510,2507 2555,2507 2584,2510"/>
                <TextEquiv>
                    <Unicode>Berlin.</Unicode>
                </TextEquiv>
            </TextLine>
        </TextRegion>
    </Page>
</PcGts>
