3895 3576
1566 636 1782 740 : 1
2104 712 2461 847 S. Fischer
3000 810 3264 907 5.3.1930.
2375 999 2789 1073 Lieber Freund.
2809 1101 2936 1149 G.C.F.P.
2711 1110 3721 1210 Es war mir natürlich nicht unbekannt,
2398 1177 3675 1239 dass die Exemplare des "Reigen" auf dem Einband.
2402 1234 3628 1289 und dem Titelblatt den Namen Benjamin Harz trei
2402 1284 3643 1328 gen. Wie man den aus diesem Umstand sich er-
2397 1322 3707 1377 gebenden Schwierigkeiten eventuell begegnen könn-
2398 1371 3657 1423 te, glaube ich schon mehrfach angedeutet su ha¬
2393 1419 3646 1483 ben. Es wären folgende Möglichkeiten in Erwä-
2388 1453 2824 1534 gung zu ziehen.
2692 1506 3723 1593 1. Man könnte die gebundenen Exemplare
2390 1583 3649 1649 mit dem Namen Harz etc. überhaupt aus den Ver-
2397 1637 3583 1705 kehr xxxxxxx siehen.resp.vertilgen.
2689 1677 3740 1733 2. Man könnte diese gebundenen Exempla-
2397 1696 3672 1769 re, nachdem man sie gekauft hat, eventuell zu ei
2402 1769 3694 1816 nem ermässigten Preise) in den Verkehr bringen.
2402 1811 3707 1857 indess aber die neue Ausgabe Verlag Fischer her¬
2402 1846 3682 1905 stellen und sie entweder zugleich in den Handel
2405 1897 3694 1946 bringen oder im Herbst, wenn die frühere Ausgabe
2408 1935 3726 2009 zum grösseren Teile vergriffen sein wird, auf den
2392 1981 2791 2055 Markt bringen.
2725 2040 3649 2124 Denn auch, wenn die sämtlichen noch
2402 2079 3166 2176 jetzt bei Harz befindlichen
3315 2104 3641 2166 denplare einge.
2408 2148 3371 2209 stampft sein sollten, können wir uns
2408 2198 3652 2249 dagegen schützen, dass noch eine Anzahl solcher
3463 2242 3572 2303 etel sel
2397 2242 3353 2290 Exemplare aus der Verlage Hars im
2405 2280 3649 2342 sirkulieren. Das Wesentliche bleibt,wie mir
2789 2334 3656 2388 mir durch den Ankauf der noch vor¬
2408 2334 2686 2393 scheint, das
2402 2377 3652 2443 handenen, im Besitze von Harz befindlichen Exen
2397 2421 3524 2484 re das unbestreitbare, absolut alleinige Rechts=
2683 2466 3072 2517 der den Verkauf xxx
2411 2466 2615 2525 sowohl d
3110 2475 3651 2530 er noch existierenden.
2701 2513 3652 2564 hinsichtlic beiner Neuausgabe er¬
2402 2558 3575 2628 halten, welches letztere übrigens seit gerau
2510 2605 3302 2689 wie juridisch.logisch und et
3455 2607 3656 2673 über all
