3869 3561
2620 632 3273 766 prétraguel (Hollan)
1966 681 2315 769 Fischer
3088 721 3395 842 16.2.1929.
2644 759 2916 868 Boule
2122 789 2353 881 9 mai
2183 929 2724 1044 Lieber Herr Doktor.
2527 1025 3516 1144 Von einem mir persönlich unbekannten
2199 1113 3513 1197 Herrn Engelander, Amsterdam, erhalte ich die Nach-
2201 1146 3519 1237 richt, dass im Stadtthester zu Amsterdam kürzlich
2204 1196 3478 1267 die Première von "Zwischenspiel" "mit grossem
2204 1227 3516 1313 Erfolg stattgefunden habe. Dem Brief legen grös-
2204 1277 3513 1369 sere Referate und Photographien resp. Szenenbil-
2203 1323 3511 1406 der bei. Wissen Sie etwas Nähres über die Sache?
2204 1378 3491 1442 Mit einer Antwort an Herrn Engelander warte ich
2211 1411 3519 1508 bis zum Eintreffen Ihrer freundlichen Nachricht.
2542 1495 3438 1589 An Herrn Kuhnert habe ich eben so
2219 1538 3463 1631 ziemlich ablehnend telegraphiert. Tatsache ist,
2223 1588 3494 1670 dass Kortner mir in Berlin persönlich (ohne ir-
2229 1629 3501 1712 gend eine Frage meinerseits) ganz spontan seine
2218 1684 3483 1763 Absicht ausgedrückt hat, in der nächsten Saison
2224 1727 3499 1809 den "Bernhardi" zu spielen. Ohne solchen Bemer-
2221 1760 3498 1849 kungen übertriebenes Gewicht beizulegen scheint
2228 1826 3436 1894 mir in diesem Falle doch ein Kortner auf dem
2228 1841 3513 1940 Dach dem für den Bernhardi doch noch zu jugend-
2233 1892 3561 1989 liehen, ausgezeichneten Deutsch in der Hand vorzu-
2234 1980 2431 2039 ziehen.
2519 2029 3056 2122 Herzlichst grüssend
2507 2094 2864 2175 Ihr ergebener
2234 2295 2833 2390 Herrn Dr. Konrad Maril,
2244 2358 2707 2436 S. Fischer, Verlag.
2241 2416 2462 2484 Berlin.
