3883 3561
534 893 1710 1045 eine nur oder eine überdies noch symbolische
528 970 1705 1079 Bedeutung hat, aber ich glaube, es ist beinahe
535 1011 1753 1132 immer noch der versöhnlichete Schluss, den die-
539 1058 1756 1171 sen finsterenSchicksal beschieden sein konnte.
540 1082 1840 1221 Im übrigen könnte man ja rein prinzipiell einwen-
540 1130 1835 1264 den, dass das absolut Pathologische nie einen Vor-
551 1182 1802 1300 wurf für ein künstlerisch gedachtes Werk bilden
547 1219 1830 1356 dürfte. Wo den Willenund die Verantwortung
545 1267 1746 1406 bei reinem Helden ausschaltet hat es
556 1298 1855 1440 sich der Lichter in einem gewissen Sinn zu leicht
566 1347 1867 1472 gemacht. Immerhin aber scheint es sich bei meinem
552 1404 1734 1517 Helden um einen Grenzfall zu handeln und ich
559 1430 1867 1575 selbst möchte die Frage kaum entscheiden,
559 1481 1843 1621 in welchem Augenblick meiner Geschichte der Neu-
575 1532 1830 1659 ro- oder Paychastheniker zum Wahnsinnigen gewor-
587 1626 802 1703 den ist.
881 1635 1664 1768 Mit den herzliehsten Grüssen
1161 1736 1267 1797 Ihr
595 2144 1233 2247 Herrn S.Fischer,Verlag.
605 2233 817 2312 Berlin.
1310 2587 1577 2659 2: A:o 13D
1067 2611 1580 2724 am Told Stondheis
3263 600 3642 730 Berlin
2023 734 2488 838 S. Tischer
3100 744 3374 828 19.10.31.
2363 935 3051 1043 Lieber Herr Doktor Maril.
2692 1031 3569 1153 Ich bin natürlich ganz Ihrer An-
2297 1074 3641 1206 sicht, dass wir uns unter diesen Umständen betreffs
2297 1149 3656 1236 "Gang zum Weiher" dem Staatstheater gegenüber abso-
2300 1195 3646 1279 lut nicht für verpflichtet halten. Im Ganzen finde
2307 1236 3588 1334 ich ja diese Rechtsanschauung des Staatstheaters
2305 1312 3145 1387 überheblichundtörecht zugleich.
2680 1356 3617 1447 Auch der Einfall der Volksbühne für
2305 1409 3603 1513 den "Grünen Kakadu" in Anbetracht der schlechten
2312 1457 3552 1542 wirtschaftlichen Verhältnisse nur 3& zahlen zu
2312 1493 3495 1592 wollen, ist indiskutabel. Mit demselben Recht
2312 1507 3678 1638 könnte ich in Anbetracht der schlechten wirtschaft-
2308 1580 3656 1679 lichen Verhältnisse einen höheren Perzentsatz ver-
2310 1626 3622 1727 langen. Wenn zum "Kakadu" dazu ein Dreiakter ge-
2319 1674 3605 1778 geben wird oder zwei Einakter, müssen wir uns na-
2317 1712 3612 1806 türlich mit 3% begnügen, andernfalls bitte ichauf
2315 1751 3627 1855 5/6 zu bestehen. Die Schmälerung der Einnahmen für
2314 1799 3627 1905 die Autoren erfolgt ja durch die Herabsetzung der
2315 1833 3690 1939 Eintrittspreise, den schlechteren Besuch u.s.w., auch
2315 1893 3584 1989 noch die Perzente herabsetzen zu wollen ist ein
2322 1931 3615 2018 wahrhaftig nobles Beginnen. Auch wünschte ich zu
2320 1987 3500 2086 wissen, was man zum "Kakadu" dazu geben will.
2630 2078 3179 2179 Mit herzlichen Gruss
2674 2131 2765 2209 Ihr
2320 2278 2929 2382 Herrn Dr. Konrad Maril,
2331 2367 2803 2456 S.Fischer,Verlag,
2336 2413 2550 2488 Berlin.
