4143 3577
2247 599 2346 703 A.
1756 625 1936 722 G:C:S:
2236 650 2632 756 v: Tscher.
3218 728 3485 835 5.3.1930.
2478 975 3213 1077 Lieber Herr Doktor Maril.
2883 1058 3794 1173 Bicht ohne Befremden erfahre ich
2390 1150 3725 1231 aus Ihrem Schreiben vom 3.d. M.,dass Barnowsky vor
2388 1190 3727 1272 ersten Moment an seinen Vertrag nicht gehalten ha
2397 1243 3683 1319 und wundere mich, dass Sie mich nicht gleich ver-
2393 1249 3727 1355 ständigt haben, ich hätte Sie ersucht die Vorstel-
2390 1321 3764 1399 lungen sofort inhibieren zu lassen. Hätte s.B. Kort-
2397 1369 3716 1443 ner sein Honorar nicht bekommen, so wäre das Stück
2397 1404 3764 1496 gewiss nicht einen Tag länger gespielt worden. Noch
2388 1457 3774 1537 rätselhafter ist mir, dass sich das Schiedegericht
2393 1501 3762 1577 mit dieser Angelegenheit zu befassen hatte. Es han-
2399 1547 3746 1614 delte sich doch um keine Frage,ob Barnowsky etwa
2406 1591 3774 1657 verpflichtet gewesen ware mir zu zahlen oder nicht.
2392 1627 3803 1708 Es handelt sich um einen ganz klaren Fall von Verun-
2411 1678 3706 1759 treuung die Barnowsky an mir versucht. Ich stehe
2406 1704 3801 1800 mit der Auffassung keineswegs allein, wie Sie wissen.
2411 1763 3750 1835 dass eine solche Zurückhaltung der Tantièmen eine
2409 1810 3676 1879 Unterschlagung oder Veruntreuung bedeutet, da ja
2409 1837 3730 1918 wie schon, wenn ich nicht irre, gerichtlich festge-
2409 1888 3723 1969 stellt wurde, der Direktor gewissermassen nur als
2406 1936 3752 2010 Treubänder für den Autor fungiert, dem gegenüber er
2409 1985 3782 2052 für jedes verkauftes Billett von dem Augenblick des
2406 2024 3778 2097 Kaufs an tantiemenpflichtig ist. Barnowsky hat ein-
2409 2068 3812 2155 fach den mir gehörigen Betrag vorläufig in seine Ta-
2411 2114 3797 2188 sche gesteckt. Irgend einen Anlass mich einem ohne
2407 2158 3778 2248 meine Zugimmung und überdies in Ihrer Abwesenheit
2420 2217 3683 2282 geschlossenen Vergleich anzuschliessen habe ich
2414 2233 3822 2323 nicht und ich akseptiere ihn auch nicht unter Wider-
2409 2286 3826 2360 ruf. Sie schreiben, dass der Vergleich Ratenzahlungen
2420 2339 3773 2414 vorsieht, ohne über die näherst Modalitäten (Termin
2436 2388 3744 2457 und Höhe der Astenzahlung) etwas mitzuteilen. Wie
2423 2429 3748 2506 schade, dass Sie nicht bei Abschluss des Vertrages
2420 2482 3727 2542 vor allem einmal auf Zahlung einer Garantie oder
2429 2531 3716 2589 Vorschussumme bestanden haben, insbesondere als
2423 2577 3697 2671 noveky den Termin immer wieder hinaussohob und
1411 2672 1939 2769 anheit aber nicht auf
936 2692 1160 2761 walt die
643 2702 1764 2835 kürzestem Wege in meinem Sphre hledigt sein
