3879 3560
2060 611 2402 753 S. Fischer
3156 672 3467 789 31.10.1929.
2400 904 2801 1044 Lieber Freund.
2599 981 3608 1123 Da es in diesem Augenblick noch immer
2388 1029 3677 1177 nicht feststeht, wann und an welchem Theater die
2388 1101 3531 1226 Drauffuhrung der "Sommerlüfte" stattfinden
2387 1142 3539 1259 wird, müssen wir auch mit der Herausgabe des
2392 1179 3618 1302 Buches noch eine Weile warten. Doch nehme ich
2402 1236 3564 1354 an, dass es indess vollkommen fertiggestellt
2397 1238 3718 1410 ist und würde wie üblich um Einsendung der Resen-
2398 1312 3647 1443 sions-und Pflichtexemplar-Liste bitten, die ich
2397 1340 3675 1493 dann durch meine Liste ergänzen werde; und fall
2405 1397 3560 1530 das Buch schon fertiggestellt sein sollte a
2402 1453 3546 1573 lassen Sie freundlichst gleich ein Dutzend
2416 1501 3585 1614 Exemplare übersenden. Was für einen Einband
2405 1548 3532 1673 haben Sie herstellen lassen? Fünf Auflagen
2411 1550 3690 1705 sind für den Anfang gewies genug meiner Ansicht
2408 1622 3669 1759 nach würden sich in einem solchen Fall bei dra-
2420 1665 3623 1792 matischen Werken broschierte Exemplare in hö-
2415 1686 3685 1839 herem Perzentsatz als die gebundenen Empfehlen;
2421 1757 3611 1877 auch kartonierte wären möglicherweise in Be¬
2423 1797 3703 1926 tracht zu ziehen, eventuell mit einer Titelzeich-
2425 1848 3643 1968 nung. (Ich sehe wie die billige "Else"-Ausgabe
2429 1913 3399 2032 bei Zsolnay sich im ganzen rentiert.
2650 1959 3697 2079 Ich erfahre aus Ihrem Briefe gern, dass
2428 2019 3656 2132 Sie nun die "Reigen"-Frage endgültig zu lösen
2443 2055 3654 2180 wünschen und mit jedem meiner Vorschlage sich
2443 2097 3735 2219 einverstanden erklären würden. Sie selbst kommen
2451 2140 3659 2273 ja in Ihrem Schreiben auf einen Modus zurück.
2448 2189 3611 2313 für den ich im Laufe unserer Korrespondenz
2451 2240 3610 2355 sehr lebhaft eingetreten bin,mämlich: die
2448 2278 3675 2402 Harz'schen Bücher als solche in den Handel zu
2457 2321 3702 2446 bringen. Es würde sich also nur darum handeln,
1065 2316 1673 2392 ittel osrnox.“
2459 2379 3667 2492 den Betrag zu kennen, für den Herr Harz seine
1192 2375 1414 2449 .s ita.
2462 2423 3731 2531 Vorräte hergibt und eventuell das neue Verlags-
2472 2462 3730 2577 verhältnis auf dem Umschlag dem Publikum kennt-
2466 2507 3718 2635 lich zu machen. (Es ist nach wie vor ein Irr-
