3895 3576
2152 699 2574 776 l'ischer,
2968 785 3240 894 1.3.1930.
2401 965 2928 1066 Hieber Herr Doktor.
2770 1036 3746 1128 Das Verfilmungerscht von "Märchen"
2408 1111 3748 1177 ist begreiflicherweise noch frei. Zu einer 10sigen
2399 1157 3741 1226 Provision an den Vermittler wäre ich gern bereit;
2404 1199 3671 1261 die Forderung nach 50% "des etwa jenseits eines
2413 1239 3647 1320 festgesetzten Freises erzielten Ueberbetrages“
2411 1286 3674 1355 erscheint mir problematisch, da wir uns hier ins
2414 1330 3706 1398 Gebiet des Unkontroltierbaren begeben. Ich würde
2411 1369 3676 1443 also für das Verfilmungsrecht des "Märchen" der
2416 1414 3755 1495 Einfachheit halber eine Pauschalsumme von $ 12.000
2396 1455 3706 1536 (zwölftausend Dollar) beanspruchen und halte mich
2404 1500 3655 1615 mit diesem Vorschlag bis zum 15. März gebunden.
2782 1576 3332 1677 Mit herzlichem Gruss
2807 1647 2911 1726 Ihr
2411 1733 3667 1840 Herr Hans Lotz, Hamburg, Regisseur des Deutschen
2420 1810 3634 1887 Schauspielhauses, fragt wegen des "Reigen" bei
2420 1839 3775 1925 mir an und hat sich auch schon, wie er mir schreibt,
2423 1908 3730 1977 an Sie gewendet. Ich möchte die Erlaubnis vorläu-
2426 1938 3740 2017 fig nicht erteilen und will lieber einen Berliner
2420 1985 3610 2059 Antrag abwarten, der ja schon im vorigen Jahr
2416 2042 2896 2132 sehr nahe sohien.
2416 2201 2603 2276 Herrn
2411 2206 3069 2347 2. Fischer, Verlag, Berlih.
