3879 3560
1639 611 1815 721 19 x
2210 673 2763 767 Tischler.
3162 710 3494 811 19.10.1929.
2370 915 3065 1004 Lieber Herr Doktor Maril.
2725 1024 3753 1122 Danke für Uebersendung der rumänischen
2377 1055 3581 1142 Abschrift. Die Angelegenheit Wlse habe ich
2373 1122 3693 1190 Zsolnay übermittelt; was die "Traumnovelle" anbe-
2382 1170 3680 1236 langt bitte Ihrem Ermessen nach zu verfügen. Na-
2392 1216 3698 1313 türlich Vorauszahlung und nicht zu weit gestreck-
2389 1277 2688 1349 ten Termin!
2761 1315 3678 1422 Die Anfrage der Firma Albin Michel
2389 1366 3692 1462 werde ich vorläufig persönlich und insoferne auf-
2380 1433 3685 1501 schiebend beantworten, als in wenigen Wochen eine
2385 1484 3615 1544 Sovellensammlung von mir bei Stock erscheinen
2392 1530 3762 1588 soll, wo auch die "Else" herausgekommen ist. Vor we-
2385 1566 3685 1634 nigen Wochen ist auch „Beate und ihr Sohn“ bei
2382 1600 3717 1663 Attinger erschienen; nach den mir vorliegenden Re-
2387 1649 3714 1713 geraten mit auffallendem Erfolg,sowie eine Anzahl
2380 1692 3618 1759 Novellen in der „Revue de France“ ("Geronimo
2389 1747 3630 1796 und im "Gringoi" 4 oder 5 andere,von denen mir
2387 1779 3587 1868 bisher erst der "Leisenbogh" zugekommen ist.
2761 1856 3314 1943 Mit herzlichem Grues
2761 1923 3152 2001 Ihr ergebener
2380 2245 2993 2339 Herrn Dr.Konrad Maril,
2430 2320 2857 2396 Fischer.Verlag.
2384 2363 2606 2450 Berlin.
