3872 3594
436 796 1644 940 dürfte noch nicht als definitiv gedacht sein.
520 814 625 892 G.H.F.P
436 845 1571 989 Jedenfalls bleibt zu überlegen, ob der Um-
429 853 1669 1028 schlag im Ganzen nicht etwas lebendiger zu ge-
434 914 1734 1075 stalten wäre. Bei "Traum und Schicksal" ist Ihnen
439 959 1714 1113 das gut gelungen. Sehr hübsch fand ich auch die
445 1010 1690 1170 Einbände von "Traumnovelle" und "Spiel im Mor-
465 1029 1737 1201 grauen", sowie “Casanova“, von den hübachen Titel-
453 1101 1587 1241 Illustrationen gar nicht zu reden. Es wäre
465 1127 1651 1282 doch ganz gut, meinen Sie nicht, wenn sich der
468 1176 1683 1354 "Reigen" nicht gar so nüchtern pepräsentieren
463 1326 662 1408 wollte.
759 1347 1388 1434 Mit herzlichen Grüssen
744 1396 1241 1524 Ihr sehr ergebener
514 1827 1173 1967 Her rn Dr. Konred Maril,
533 1900 997 2010 Fischer,Verlag.
532 1972 734 2052 Berlin.
1998 703 2445 793 J. Tischer
3171 726 3466 832 22.4.1931.
2331 948 3039 1085 Lieber Herr Doktor Maril,
2687 1060 3639 1170 Sie wie sen vielleicht, dass kürzlich
2356 1130 3556 1232 der "Anatol" in Amerika aufgeführt wurde (wie
2356 1181 3641 1274 schon oftmals früher. Meine Rechte waren in die-
2351 1223 3563 1325 sem Fall teilweise dadurch geschützt, dass die
2359 1258 3561 1351 Uebersetzung von Granville Barker copyrightes
2357 1274 3670 1411 Ist. Doch Verhandlungen wegen des Sprechfilmrecht
2362 1347 3656 1445 tes ergaben und ergeben noch allerhand Schwierig
2365 1396 3630 1499 keiten, dadurch dass der „Anatol“, wie so manche
2367 1436 3550 1535 meiner anderen späteren Werke in Amerika des
2373 1452 3628 1574 Copyright ermangeln. Mein Anwalt dort. Dr. Block,
2369 1520 3600 1628 nahm nun Anlass sich in Washington so weit als
2375 1558 3608 1672 möglich über den Stand meiner Angelegenheit zu
2377 1582 3688 1713 informieren und es scheint, dass eine ganze Anzahl
2382 1652 3659 1749 meiner Werke auch nach 1902 dort nicht ordnungs-
2377 1692 3621 1791 mässig eingetragen und daher nicht ausreichend
2387 1732 3623 1834 geschützt ist. Ich möchte Sie nunme sehr bitten
2385 1776 3621 1887 mir freudlichst mitzuteilen, ob und über welche
2375 1830 3654 1923 meiner Werke der S.Fischer-Verlag Bestätigungen
2387 1848 3690 1959 des Capyricht besitzt. Es wäre mir sehr wertvoll,
2387 1915 3600 2002 die berüglichen Dokumente in Händen zu haben.
2708 1972 3713 2070 Gern nehme ich zur Kenntnis, dass Ihre
2382 2046 3633 2126 Reklamation im Falle der italienischen Sendung
2390 2080 3602 2183 von "Weihnachtseinkäufe" von Erfolg begleitet
2403 2117 3659 2225 war. Zugleich bitte ich die ganze Angelegenheit
2395 2186 3284 2272 Rökk Richter weiter zu verfolgen.
2695 2253 3220 2344 Mit besten Grüssen
2692 2321 3062 2419 Ihr ergebener
2404 2465 3003 2571 Herrn Dr. Konrad Maril,
2418 2551 2878 2625 Slfischer, Verlag.
2404 2602 2628 2675 Berlin.
