3880 3688
2147 915 2621 998 S. Fischer
3267 993 3554 1073 28.9.1931.
2457 1174 3003 1281 Lieber Doktor Maril.
2824 1274 3757 1362 Meine Novelle "Casanovas Heimfahrt"
2466 1351 3747 1414 ist tatsächlich für Spanien noch nicht vergeben.
2466 1387 3701 1465 Ich hätte also gar nichts dagegen, wenn Sie mit
2470 1439 3662 1502 der von ihnen erwähnten spanischen Firma Ver-
2466 1463 3749 1543 handlungen zu günstigen Bedingungen abschliessen
2466 1520 3760 1592 wollten. Unverständlich ist mir nur warum Sie die
2465 1564 3773 1641 spanische Firma anonym halten und mir ihren Namen
2462 1605 3646 1683 nicht nennen, wie Sie das in ähnlichen Fällen
2462 1641 3662 1718 meistens zubtun pflegen, Warum? Es ist nicht
2463 1675 3737 1763 meine Absicht hinter Ihrem Rücken mit Leuten zu
2476 1726 3664 1801 verhandeln, die sich direkt an Sie wenden. Und
2465 1775 3667 1843 wenn auch,-die Leute wissen ja im allgemeinen
2462 1817 3747 1881 nicht, dass ich nach dem Ausland freies Verfügungs-
2462 1868 3209 1958 recht über meine Werke habe.
2829 1928 3437 2006 Mit den besten Grüssen
2830 1993 3320 2073 Ihr sehr ergebener
2491 2269 3119 2372 Herrn Dr. Konrad Maril,
2480 2351 2935 2422 S.Fischer, Verlag.
2480 2406 2679 2473 Berlin.
