3890 3560
786 879 1757 971 Gelegentliche Einzahlung der für die
607 948 1734 1032 Neuauflagen "Therese" mir freundlichst zur
633 996 1695 1093 Verfügung gestellten Summe an meine Bank
615 1045 1299 1146 wäre mir recht erwünecht.
636 1977 1231 2074 Herrn Dr. Konrad Maril,
659 2056 1114 2125 Fischer, Verlag.
646 2099 853 2176 Berlin.
1251 2503 1463 2595 a une lettre
2089 687 2581 784 Tischer
3097 781 3376 884 2.10.1930.
2337 912 2791 1017 Lieber Dr. Maril.
2592 1032 3587 1133 Ich bin natürlich sehr einverstanden,
2347 1108 3508 1167 dass der Verlag Velhagen & Klasing in seine
2351 1133 3643 1231 Schulausgabe auch etwas von mir aufnimmt. Immer-
2347 1193 3560 1248 hin schiene es mir richtiger, wenn statt eines
2355 1244 3628 1303 Bruchstückes aus dem "Grünen Kakadu" einer mei¬
2347 1277 3639 1346 ner kleineren Einakter in Gänze abgedruckt würde
2347 1341 3583 1392 und hiezu schiene mir der zynakter "Lebendige
2347 1373 3587 1445 Stunden" (der erste aus dem gleichnamigen Zyk-
2346 1409 3578 1478 lus) am ehesten geeignet. Vielleicht legen Sie
2352 1461 3547 1512 das dem Herausgeber nahe, aber auch gegen den
2351 1507 3669 1581 Schluss des "Kakadu" würde ich keine Einwendungen
2347 1553 2576 1626 erheben.
2618 1604 3657 1690 Ueber die Bühnenrechte „Anatol“,selbst
2336 1685 3633 1742 Aires bitte ich Sie zu verfügen, wenn die Leute
2347 1728 3664 1797 xxx für die Rechte nur einakimum zahlen wollen,
2351 1779 3606 1825 so wäre ihnen selbstverständlich zu erwiedern,
2351 1808 3623 1869 dass sie einfach die üblichen Tantièmen zahlen
2347 1857 3657 1917 sollen, was in diesem Auslandsfalle wohl 7.aller.
2344 1899 3560 1959 mindestens 5% betrüge. Oder, wenn es sich um
2355 1936 3611 2007 ein einziges Theater handelt, könnte man ja auch
2352 1984 3662 2043 ein Pauschale vorschlagen. Besser aber Tantièmen
2341 2030 3169 2114 mit vorher zahlbarer Garantie.
2640 2088 3585 2175 Dass die Verhandlungen wegen Verfil=
2341 2143 3597 2224 mung von "Märchen" mit Hollywood sich zerschla¬
2352 2208 3542 2286 gen haben, nehme ich dankend aber gefaest zur
2351 2250 2597 2332 Kenntnis.
2604 2311 3301 2411 Mit verbindlichen Grüssen
2618 2379 3113 2461 Ihr sehr ergebener
2341 2485 2928 2561 Herrn Dr. Konrad Maril,
2351 2554 2992 2643 S.Fischer,Verlag, Berlin.
