3889 3528
573 774 1743 913 Folgerichtig müssten Sie mich nun vor die
370 876 1701 961 Wahl stellen, für die 4 Bände der Theaterstücke je
1258 895 1660 989 Kinden oder auf
372 932 1264 1006 einen zusammenfassenden Titel zu
384 948 1650 1050 einen Neudruck zu verzichten, doch hoffe ich von
375 994 1639 1087 diesem Dilemna bewahrt zu bleiben, umso mehr als
356 1045 1648 1153 sich gewiss noch kein Autor, der es einmal bis zu
372 1066 1731 1188 einer Gesamtausgabe gebracht hat, und immerhin seit
382 1132 1623 1221 dem ersten Erscheinen dieser Gesamtausgabe, an
377 1179 1650 1276 Namen nichts eingebüsst hat, einer solchen Frage
379 1255 758 1348 gegenübersah.
608 1276 1729 1392 Wie schwer es ist solche zusammenfassende
393 1355 1681 1435 Titel ohne Gewaltsamkeit zu erfinden, ersehen wir
407 1398 1747 1495 ja am besten daraus, dass Sie selbst bisher nur den
395 1431 1755 1532 einzigen für den Ergänzungsband vorzuschlagen wuss-
407 1482 1685 1574 ten: Die Dreizahl, der mir übrigens so wenig ver-
398 1521 1738 1616 kaufsfördernd erschiene als etwa die Zehnzahl für
414 1579 1687 1660 den ersten und die Elfzahl für den zweiten Band.
411 1606 1747 1715 (An dieser Stelle möchte ich einfügen, dass Zsolnay
398 1659 1699 1754 nach meinem Vertrag mit ihm gegen das Erscheinen
404 1704 1690 1787 des "Fräulein Else innerhalb der Gesamtausgabe,
407 1745 1773 1849 also auch in einem Ergänzungsband dieser Gesamtaus-
411 1787 1703 1889 gabe Einwände zu erheben nicht nur nicht berech-
414 1824 1724 1925 tigt wäre, sondern dass er, als ich ihm von dem be-
411 1875 1680 1970 vorstehenden Erscheinen dieses Ergänzungsbandes
405 1923 1725 2023 Mitteilung machte, ausdrücklich erklärte, dass sei-
411 1967 1710 2057 ner Ueberzeugung nach dieser Ergänzungsband, der
409 2011 1710 2111 bei ihm weiter erscheinenden Separatusgabe kei-
416 2078 1126 2161 nerlei Konkurrenz bedeute.
659 2119 1694 2224 Als würdigste Lösung des Titelproblems
418 2170 1720 2289 für Verlag sowie für Autor, erscheint mir demnach
421 2228 1711 2321 es vor allem einmal bei den Obertitel "Novellen"
425 2284 1701 2378 für die zwei ersten Bände zu belasten. Eine mir
425 2314 1755 2416 nicht sympathische leise Möglichkeit bestände die
428 2351 1844 2455 zwei anderen Bände mit je drei Novellen als "Kleine"
428 2418 1736 2522 Romane" zu bezeichnen (wie solche Erzeugnisse in
432 2452 1701 2552 Frankreich z.B. fälschlicherweise immer genannt
427 2483 1733 2589 werden; streng genommen müsste dann freilich auch
444 2547 1838 2631 "Bertha Garlan". In diese Gruppe gehören). Zu erwägen
432 2589 1762 2709 wäre endlich noch, ob man xxxx xxxx die zwei
527 2695 1176 2787 Järe endlich noch, ou man
3097 663 3447 772 Fischer, Bl.2
3301 728 3539 811 7.7.1928
2297 800 3567 887 ersten Bände nach je einer der in ihnen enthal-
2297 864 3652 938 tenen charakteristischen Einzelnovelle bezeichnen
2295 924 3573 976 könnte, den ersten z.B.: "Sterben" und andere No-
2304 969 3606 1019 vellen" und den zweiten!"Die Hirtenflöte und an-
2300 1003 3571 1058 dere Novellen“, Es kämen ferner in Betracht für
2297 1042 3594 1109 den Band: Graesler, Beate, Casanova der Obertitel:
2318 1098 3541 1156 "Die Alternden" und für den Band Else, Frau des
2291 1139 3506 1190 Richters, Traumnovelle: "Die Erwachenden". Es
2295 1186 3574 1239 müsste dann natürlich umso mehr darauf geachtet
2297 1220 3585 1295 werden, dass ja nicht bei naiverem Käuferpublikum
2295 1273 3592 1329 die Meinung erweckt würde,es handle sich um neue
2291 1315 3551 1371 Werke, was durch eine entsprechende Ankündigung
2297 1354 3617 1417 einer solchen Neuausgabe meiner Gesammelten Werke
2295 1408 3527 1463 wohl vermieden werden könnte, Jedenfalls aber
2295 1452 3520 1503 denke ich, dass wir endlich zu einem Resultate
2288 1498 3578 1560 kommen sollten, umso mehr als ein Neudruok Ihnen
2288 1547 3567 1595 schon vor fast einem Jahre - anläglich unseren
2295 1584 3592 1644 Gespräches in Klobenstein eine ziemlich dringen-
2297 1627 3331 1701 de Notwendigkeit xxxxk zu sein schien.
2584 1690 3146 1792 Mit herzlichen Gruss
2584 1761 2683 1838 Ihr
2286 2215 2929 2319 Herrn „Fischer,Verlag.
2284 2289 2499 2371 Berlin.
