<?xml version="1.0" encoding="UTF-8" standalone="yes"?>
<PcGts xmlns="http://schema.primaresearch.org/PAGE/gts/pagecontent/2013-07-15" xmlns:xsi="http://www.w3.org/2001/XMLSchema-instance" xsi:schemaLocation="http://schema.primaresearch.org/PAGE/gts/pagecontent/2013-07-15 http://schema.primaresearch.org/PAGE/gts/pagecontent/2013-07-15/pagecontent.xsd">
    <Metadata>
        <Creator>prov=READ-COOP:name=TrHtr:version=2.1.0:model_id=51170:date=27_07_2023_17:40</Creator>
        <Created>2023-05-02T08:01:13.970+02:00</Created>
        <LastChange>2023-07-27T17:40:30.156+02:00</LastChange>
        <TranskribusMetadata docId="1416741" pageId="54952695" pageNr="56" tsid="131275872" status="IN_PROGRESS" userId="64420" imgUrl="https://files.transkribus.eu/Get?id=RZTECSHUKYMFKKPVKBLJSKJS&amp;fileType=view" xmlUrl="https://files.transkribus.eu/Get?id=JEEDBXKYRIMJXPHODQEJBONS" imageId="44456420"/>
    </Metadata>
    <Page imageFilename="1416741_0056.jpg" imageWidth="3884" imageHeight="3512">
        <ReadingOrder>
            <OrderedGroup id="ro_1711827621885" caption="Regions reading order">
                <RegionRefIndexed index="0" regionRef="tr_2"/>
                <RegionRefIndexed index="1" regionRef="tr_3"/>
                <RegionRefIndexed index="2" regionRef="tr_1"/>
            </OrderedGroup>
        </ReadingOrder>
        <TextRegion id="tr_2" custom="readingOrder {index:0;}">
            <Coords points="343,720 1857,720 1857,2207 343,2207"/>
            <TextLine id="tr_2_tl_1" custom="readingOrder {index:0;}">
                <Coords points="333,790 1682,797 1852,776 1852,714 1623,744 1364,701 1038,750 907,710 718,752 333,720"/>
                <Baseline points="343,785 379,785 424,782 468,782 513,785 558,785 603,788 648,788 692,788 737,788 782,785 827,785 872,785 916,785 961,785 1006,785 1051,785 1096,785 1140,785 1185,782 1230,782 1275,782 1319,782 1364,782 1409,782 1454,779 1499,776 1543,773 1588,773 1633,776 1678,773 1723,773 1767,770 1812,776 1857,776"/>
                <TextEquiv>
                    <Unicode>von der Auferge irgend eines anderen hoecandischen</Unicode>
                </TextEquiv>
            </TextLine>
            <TextLine id="tr_2_tl_2" custom="readingOrder {index:1;}">
                <Coords points="386,877 1259,896 1524,850 1727,884 1750,795 386,826"/>
                <Baseline points="397,872 406,875 450,875 495,872 540,872 585,869 630,869 674,869 719,869 764,863 809,860 854,863 898,863 943,863 988,863 1033,860 1078,857 1122,857 1167,854 1212,854 1257,854 1302,851 1346,851 1391,848 1436,848 1481,845 1526,845 1570,842 1615,842 1660,842 1705,839 1750,842"/>
                <TextEquiv>
                    <Unicode>Verlags über „Therese“, die wohl weiter keine Folge</Unicode>
                </TextEquiv>
            </TextLine>
            <TextLine id="tr_2_tl_3" custom="readingOrder {index:2;}">
                <Coords points="386,937 490,926 534,939 562,924 591,930 640,920 674,937 697,926 697,882 676,875 636,881 612,867 576,888 523,879 487,888 386,882"/>
                <Baseline points="397,925 433,922 477,919 522,916 567,916 612,916 657,913 701,919"/>
                <TextEquiv>
                    <Unicode>gehabt hat.</Unicode>
                </TextEquiv>
            </TextLine>
            <TextLine id="tr_2_tl_4" custom="readingOrder {index:3;}">
                <Coords points="604,1009 1718,981 1720,911 1096,954 843,918 606,954"/>
                <Baseline points="615,1003 648,1000 692,1000 737,1000 782,1000 827,997 872,997 916,994 961,997 1006,991 1051,991 1096,988 1140,988 1185,985 1230,985 1275,985 1319,979 1364,979 1409,979 1454,979 1499,976 1543,979 1588,976 1633,973 1678,973 1723,979"/>
                <TextEquiv>
                    <Unicode>Nimmt die Angelegenheit "Bernhardi", Lugt,</Unicode>
                </TextEquiv>
            </TextLine>
            <TextLine id="tr_2_tl_5" custom="readingOrder {index:4;}">
                <Coords points="392,1060 1718,1021 1691,975 555,1023 394,977"/>
                <Baseline points="403,1057 421,1054 465,1051 510,1051 555,1048 600,1048 645,1045 689,1045 734,1045 779,1045 824,1042 869,1039 913,1036 958,1036 1003,1036 1048,1033 1093,1033 1137,1030 1182,1030 1227,1030 1272,1030 1317,1027 1361,1024 1406,1024 1451,1021 1496,1021 1540,1018 1585,1018 1630,1015 1675,1012 1720,1015"/>
                <TextEquiv>
                    <Unicode>einen Fortgang, nachdem wir die Zwige Tantiene nur</Unicode>
                </TextEquiv>
            </TextLine>
            <TextLine id="tr_2_tl_6" custom="readingOrder {index:5;}">
                <Coords points="403,1129 829,1095 1095,1129 1453,1068 1668,1110 1723,1102 1727,1019 407,1062"/>
                <Baseline points="415,1098 430,1096 474,1098 519,1096 564,1096 609,1093 654,1090 698,1090 743,1090 788,1087 833,1087 878,1084 922,1084 967,1081 1012,1081 1057,1081 1101,1081 1146,1075 1191,1075 1236,1072 1281,1072 1325,1069 1370,1069 1415,1066 1460,1066 1505,1063 1549,1063 1594,1063 1639,1060 1684,1060 1729,1063"/>
                <TextEquiv>
                    <Unicode>als Anzahlung in Empfang zu nehmen erklärt haben?</Unicode>
                </TextEquiv>
            </TextLine>
            <TextLine id="tr_2_tl_7" custom="readingOrder {index:6;}">
                <Coords points="610,1182 1670,1159 1670,1108 1492,1076 1437,1110 1093,1131 917,1131 860,1100 754,1142 612,1125"/>
                <Baseline points="621,1176 645,1173 689,1173 734,1173 779,1173 824,1170 869,1170 913,1167 958,1167 1003,1167 1048,1167 1093,1164 1137,1161 1182,1161 1227,1158 1272,1158 1317,1158 1361,1155 1406,1155 1451,1155 1496,1152 1540,1149 1585,1149 1630,1149 1675,1146"/>
                <TextEquiv>
                    <Unicode>Herr Rokk Richter hat sich weiter nicht</Unicode>
                </TextEquiv>
            </TextLine>
            <TextLine id="tr_2_tl_8" custom="readingOrder {index:7;}">
                <Coords points="398,1242 1593,1214 1649,1208 1651,1161 646,1193 400,1165"/>
                <Baseline points="409,1233 444,1230 489,1224 534,1224 579,1221 624,1221 668,1221 713,1218 758,1218 803,1218 848,1215 892,1212 937,1209 982,1209 1027,1209 1072,1209 1116,1206 1161,1206 1206,1206 1251,1203 1296,1206 1340,1203 1385,1200 1430,1197 1475,1194 1520,1194 1564,1194 1609,1194 1654,1194"/>
                <TextEquiv>
                    <Unicode>gemeldet. Diese Sache bitte ich jedesfalls so</Unicode>
                </TextEquiv>
            </TextLine>
            <TextLine id="tr_2_tl_9" custom="readingOrder {index:8;}">
                <Coords points="400,1301 1530,1288 1543,1204 401,1244"/>
                <Baseline points="412,1272 427,1275 471,1272 516,1272 561,1269 606,1266 651,1266 695,1263 740,1263 785,1263 830,1260 875,1260 919,1260 964,1257 1009,1257 1054,1254 1098,1254 1143,1251 1188,1251 1233,1248 1278,1248 1322,1248 1367,1245 1412,1242 1457,1245 1502,1242 1546,1242"/>
                <TextEquiv>
                    <Unicode>energisch als möglich weiter zu verfolgen.</Unicode>
                </TextEquiv>
            </TextLine>
            <TextLine id="tr_2_tl_10" custom="readingOrder {index:9;}">
                <Coords points="617,1354 1744,1329 1744,1276 1642,1269 1557,1297 619,1301"/>
                <Baseline points="627,1355 671,1352 716,1349 761,1349 806,1349 851,1349 895,1346 940,1343 985,1343 1030,1343 1075,1340 1119,1337 1164,1337 1209,1337 1254,1337 1299,1334 1343,1331 1388,1334 1433,1328 1478,1328 1523,1328 1567,1325 1612,1322 1657,1322 1702,1319 1747,1317"/>
                <TextEquiv>
                    <Unicode>Dr.Sulzbach, Therese Schweden, Mervin Rosen-</Unicode>
                </TextEquiv>
            </TextLine>
            <TextLine id="tr_2_tl_11" custom="readingOrder {index:10;}">
                <Coords points="602,1403 1223,1382 1507,1411 1816,1373 1818,1316 604,1358"/>
                <Baseline points="613,1392 630,1391 674,1394 719,1394 764,1394 809,1394 854,1391 898,1391 943,1388 988,1388 1033,1388 1078,1385 1122,1382 1167,1382 1212,1379 1257,1382 1302,1370 1302,1370 1349,1373 1394,1376 1439,1376 1484,1376 1529,1376 1573,1373 1618,1370 1663,1370 1708,1367 1753,1367 1797,1367 1821,1370"/>
                <TextEquiv>
                    <Unicode>"Theresse", Polen, Dr.Koller, "Therese", Frankreich</Unicode>
                </TextEquiv>
            </TextLine>
            <TextLine id="tr_2_tl_12" custom="readingOrder {index:11;}">
                <Coords points="407,1405 434,1411 451,1403 494,1411 511,1405 530,1415 549,1413 564,1426 591,1407 608,1409 608,1354 591,1358 566,1350 555,1358 538,1350 498,1364 473,1360 460,1346 453,1352 422,1331 407,1331"/>
                <Baseline points="418,1403 433,1400 477,1400 522,1400 567,1406 613,1392"/>
                <TextEquiv>
                    <Unicode>sweig.“</Unicode>
                </TextEquiv>
            </TextLine>
            <TextLine id="tr_2_tl_13" custom="readingOrder {index:12;}">
                <Coords points="400,1481 1303,1468 1305,1386 564,1424 401,1405"/>
                <Baseline points="412,1448 456,1445 501,1445 546,1445 591,1442 636,1442 680,1442 725,1439 770,1439 815,1436 860,1439 904,1433 949,1433 994,1433 1039,1433 1084,1433 1128,1427 1173,1427 1218,1424 1263,1424 1308,1427"/>
                <TextEquiv>
                    <Unicode>haben sich weiter nicht gemeldet.</Unicode>
                </TextEquiv>
            </TextLine>
            <TextLine id="tr_2_tl_14" custom="readingOrder {index:13;}">
                <Coords points="640,1530 678,1545 691,1532 778,1545 814,1530 900,1532 951,1564 1034,1532 1106,1553 1108,1468 1079,1483 1000,1468 833,1481 801,1466 746,1487 703,1470 642,1475"/>
                <Baseline points="651,1526 662,1526 707,1529 752,1526 797,1526 842,1523 886,1523 931,1523 976,1523 1021,1520 1066,1520 1110,1520"/>
                <TextEquiv>
                    <Unicode>Herzliche Grüsse</Unicode>
                </TextEquiv>
            </TextLine>
            <TextLine id="tr_2_tl_15" custom="readingOrder {index:14;}">
                <Coords points="678,1583 693,1581 703,1593 718,1587 739,1600 773,1591 803,1598 835,1587 856,1595 858,1538 826,1540 814,1530 799,1542 778,1545 769,1534 746,1543 729,1532 680,1536"/>
                <Baseline points="689,1570 725,1570 770,1570 815,1567 860,1567"/>
                <TextEquiv>
                    <Unicode>Ihr se</Unicode>
                </TextEquiv>
            </TextLine>
            <TextLine id="tr_2_tl_16" custom="readingOrder {index:15;}">
                <Coords points="542,2148 674,2176 1165,2172 1167,2077 1131,2094 1011,2079 833,2100 807,2083 544,2083"/>
                <Baseline points="552,2141 597,2144 642,2144 686,2144 731,2141 776,2141 821,2138 866,2138 910,2135 955,2138 1000,2135 1045,2135 1090,2135 1134,2138 1170,2141"/>
                <TextEquiv>
                    <Unicode>Herrn S.-fischer,Verlag.</Unicode>
                </TextEquiv>
            </TextLine>
            <TextLine id="tr_2_tl_17" custom="readingOrder {index:16;}">
                <Coords points="417,2187 449,2189 479,2210 502,2208 523,2223 544,2225 547,2219 562,2227 631,2229 627,2163 530,2148 506,2132 479,2142 437,2117 413,2115"/>
                <Baseline points="427,2183 471,2186 516,2192 561,2192 606,2195 633,2197"/>
                <TextEquiv>
                    <Unicode>Berlin.</Unicode>
                </TextEquiv>
            </TextLine>
        </TextRegion>
        <TextRegion id="tr_3" custom="readingOrder {index:1;}">
            <Coords points="1988,586 3616,586 3616,1419 1988,1419"/>
            <TextLine id="tr_3_tl_1" custom="readingOrder {index:0;}">
                <Coords points="1977,657 2002,648 2043,674 2077,657 2104,665 2146,655 2163,667 2227,634 2299,655 2320,642 2346,646 2350,576 2316,568 2299,579 2244,562 2201,579 2178,562 2083,593 2059,579 2040,593 1979,587"/>
                <Baseline points="1988,648 1994,648 2039,648 2084,648 2129,642 2174,642 2218,642 2263,639 2308,636 2353,636"/>
                <TextEquiv>
                    <Unicode>Y W F</Unicode>
                </TextEquiv>
            </TextLine>
            <TextLine id="tr_3_tl_2" custom="readingOrder {index:1;}">
                <Coords points="3009,714 3032,716 3049,731 3094,716 3115,725 3132,716 3176,722 3193,712 3204,720 3269,722 3271,657 3242,657 3217,642 3174,650 3161,640 3138,661 3106,659 3068,676 3041,657 3011,661"/>
                <Baseline points="3019,716 3052,716 3096,713 3141,713 3186,713 3231,710 3276,713"/>
                <TextEquiv>
                    <Unicode>7.7.1928.</Unicode>
                </TextEquiv>
            </TextLine>
            <TextLine id="tr_3_tl_3" custom="readingOrder {index:2;}">
                <Coords points="1977,784 2009,776 2028,793 2055,792 2121,771 2189,786 2229,780 2246,792 2274,773 2354,782 2356,697 2333,704 2297,676 2242,701 2193,670 2170,682 2155,672 2108,699 2062,684 2032,710 1979,716"/>
                <Baseline points="1988,761 1997,758 2042,749 2087,746 2132,743 2177,746 2221,746 2266,743 2311,743 2356,746"/>
                <TextEquiv>
                    <Unicode>Tischer</Unicode>
                </TextEquiv>
            </TextLine>
            <TextLine id="tr_3_tl_4" custom="readingOrder {index:3;}">
                <Coords points="2606,797 2653,801 2674,820 2772,786 2803,811 2878,811 2878,729 2863,723 2829,731 2808,723 2729,761 2706,750 2674,759 2630,725 2606,727"/>
                <Baseline points="2616,797 2660,791 2705,794 2750,794 2795,794 2840,794 2884,791"/>
                <TextEquiv>
                    <Unicode>Ge. M.</Unicode>
                </TextEquiv>
            </TextLine>
            <TextLine id="tr_3_tl_5" custom="readingOrder {index:4;}">
                <Coords points="3348,845 3378,837 3395,850 3413,848 3443,829 3473,845 3503,828 3549,850 3611,854 3611,676 3560,678 3498,640 3447,636 3395,651 3363,674 3348,670"/>
                <Baseline points="3358,822 3404,821 3449,821 3494,824 3538,821 3583,821 3616,821"/>
                <TextEquiv>
                    <Unicode>Tribé</Unicode>
                </TextEquiv>
            </TextLine>
            <TextLine id="tr_3_tl_6" custom="readingOrder {index:5;}">
                <Coords points="2223,953 2640,913 2769,934 2805,905 2824,922 2890,888 2979,884 2983,831 2843,809 2772,826 2723,801 2617,862 2545,835 2229,854"/>
                <Baseline points="2236,925 2266,925 2311,922 2356,922 2401,922 2445,919 2490,916 2535,916 2580,913 2625,913 2669,913 2714,904 2759,895 2804,892 2849,883 2893,883 2938,880 2983,886"/>
                <TextEquiv>
                    <Unicode>Lieber Freund.</Unicode>
                </TextEquiv>
            </TextLine>
            <TextLine id="tr_3_tl_7" custom="readingOrder {index:6;}">
                <Coords points="2661,964 2682,968 2689,966 2693,970 2699,966 2716,975 2725,971 2733,977 2736,973 2746,973 2746,926 2721,926 2718,930 2714,926 2706,928 2691,915 2685,920 2680,918 2672,926 2661,926"/>
                <Baseline points="2672,946 2717,946 2750,946"/>
                <TextEquiv>
                    <Unicode>G.C.F.P</Unicode>
                </TextEquiv>
            </TextLine>
            <TextLine id="tr_3_tl_8" custom="readingOrder {index:7;}">
                <Coords points="2761,1007 2844,987 2858,994 2979,992 2979,799 2952,805 2918,795 2863,820 2803,809 2778,833 2761,831"/>
                <Baseline points="2771,976 2804,967 2849,967 2893,967 2938,970 2983,973"/>
                <TextEquiv>
                    <Unicode>Titel</Unicode>
                </TextEquiv>
            </TextLine>
            <TextLine id="tr_3_tl_9" custom="readingOrder {index:8;}">
                <Coords points="2435,1060 3553,1025 3556,956 3435,951 3371,989 2437,994"/>
                <Baseline points="2445,1048 2481,1045 2526,1045 2571,1042 2616,1045 2660,1042 2705,1039 2750,1039 2795,1036 2840,1039 2884,1033 2929,1030 2974,1030 3019,1027 3064,1024 3108,1024 3153,1021 3198,1018 3245,1021 3245,1021 3291,1015 3335,1009 3380,1012 3425,1009 3470,1006 3514,1009 3556,1015"/>
                <TextEquiv>
                    <Unicode>Ihrer Forderung für jeden der vier Bände.</Unicode>
                </TextEquiv>
            </TextLine>
            <TextLine id="tr_3_tl_10" custom="readingOrder {index:9;}">
                <Coords points="2250,1114 3553,1070 3570,1026 2254,1038"/>
                <Baseline points="2263,1101 2272,1098 2317,1098 2362,1096 2407,1096 2451,1093 2496,1090 2541,1090 2586,1087 2631,1084 2675,1084 2720,1084 2765,1081 2810,1081 2854,1081 2899,1078 2944,1072 2989,1072 3034,1069 3078,1069 3123,1066 3168,1063 3213,1060 3258,1057 3302,1060 3347,1057 3392,1054 3437,1051 3482,1051 3526,1051 3571,1057"/>
                <TextEquiv>
                    <Unicode>von denen der erste zehn, der zweite elf kleinere,</Unicode>
                </TextEquiv>
            </TextLine>
            <TextLine id="tr_3_tl_11" custom="readingOrder {index:10;}">
                <Coords points="2250,1170 3142,1112 3556,1131 3558,1064 2252,1114"/>
                <Baseline points="2260,1143 2263,1143 2308,1143 2353,1140 2398,1140 2442,1137 2487,1134 2532,1131 2577,1131 2625,1128 2625,1128 2672,1128 2717,1125 2762,1122 2807,1122 2852,1125 2896,1122 2941,1119 2986,1116 3031,1113 3075,1113 3120,1110 3165,1107 3210,1104 3255,1104 3299,1101 3344,1101 3389,1098 3434,1098 3479,1096 3523,1096 3562,1096"/>
                <TextEquiv>
                    <Unicode>die anderen zwei Bände je drei grössere Novellen</Unicode>
                </TextEquiv>
            </TextLine>
            <TextLine id="tr_3_tl_12" custom="readingOrder {index:11;}">
                <Coords points="2255,1193 3445,1159 3509,1104 2255,1165"/>
                <Baseline points="2266,1188 2302,1188 2347,1185 2392,1185 2436,1182 2481,1182 2526,1179 2571,1176 2616,1176 2660,1173 2705,1173 2750,1170 2795,1167 2840,1167 2884,1164 2929,1167 2974,1161 3019,1158 3064,1158 3108,1158 3153,1152 3198,1152 3243,1149 3288,1146 3332,1146 3377,1143 3422,1140 3467,1137 3512,1137"/>
                <TextEquiv>
                    <Unicode>enthalten, neue Titel zu finden, resp. zu erfin-</Unicode>
                </TextEquiv>
            </TextLine>
            <TextLine id="tr_3_tl_13" custom="readingOrder {index:12;}">
                <Coords points="2259,1261 3558,1208 3560,1146 2263,1193"/>
                <Baseline points="2272,1236 2311,1233 2356,1233 2401,1230 2445,1227 2490,1224 2535,1221 2580,1221 2625,1218 2669,1215 2714,1215 2759,1215 2804,1212 2849,1209 2893,1209 2938,1206 2983,1206 3028,1203 3073,1203 3117,1200 3162,1197 3207,1194 3252,1194 3296,1191 3341,1188 3386,1188 3431,1188 3476,1188 3520,1185 3565,1185"/>
                <TextEquiv>
                    <Unicode>den, stehe ich immer ratloser gegenüber. Ohne mich</Unicode>
                </TextEquiv>
            </TextLine>
            <TextLine id="tr_3_tl_14" custom="readingOrder {index:13;}">
                <Coords points="2265,1292 3475,1242 3505,1201 2267,1237"/>
                <Baseline points="2278,1275 2299,1275 2344,1275 2389,1272 2433,1269 2478,1269 2523,1266 2568,1263 2613,1263 2657,1263 2702,1260 2747,1257 2792,1257 2837,1254 2881,1251 2926,1251 2971,1251 3016,1248 3061,1245 3105,1242 3150,1239 3195,1239 3240,1236 3285,1233 3329,1233 3374,1233 3419,1230 3464,1230 3509,1227"/>
                <TextEquiv>
                    <Unicode>den buchhändlerischen Dringlichkeiten als Ur¬</Unicode>
                </TextEquiv>
            </TextLine>
            <TextLine id="tr_3_tl_15" custom="readingOrder {index:14;}">
                <Coords points="2255,1324 3443,1274 3543,1303 3556,1239 2255,1293"/>
                <Baseline points="2266,1319 2308,1319 2353,1319 2398,1317 2442,1314 2487,1314 2532,1311 2577,1308 2622,1308 2666,1305 2711,1305 2756,1305 2801,1302 2846,1299 2890,1296 2935,1299 2980,1293 3025,1293 3070,1290 3114,1287 3159,1284 3204,1281 3249,1281 3293,1278 3338,1278 3383,1275 3428,1275 3473,1272 3517,1269 3562,1266"/>
                <TextEquiv>
                    <Unicode>sachen und Rechtfertigung Ihres Wunsches zu ver-</Unicode>
                </TextEquiv>
            </TextLine>
            <TextLine id="tr_3_tl_16" custom="readingOrder {index:15;}">
                <Coords points="2259,1373 3369,1335 3481,1326 3483,1286 2261,1322"/>
                <Baseline points="2269,1367 2278,1364 2323,1364 2368,1361 2413,1361 2457,1358 2502,1355 2547,1355 2592,1352 2636,1349 2681,1349 2726,1346 2771,1346 2816,1343 2860,1340 2905,1340 2950,1337 2995,1334 3040,1334 3084,1331 3129,1328 3174,1328 3219,1325 3264,1322 3308,1322 3353,1322 3398,1319 3443,1317 3488,1317"/>
                <TextEquiv>
                    <Unicode>schliessen, möchte ich vor allem bemerken, dass</Unicode>
                </TextEquiv>
            </TextLine>
            <TextLine id="tr_3_tl_17" custom="readingOrder {index:16;}">
                <Coords points="2259,1435 2985,1432 3134,1379 3416,1365 3466,1394 3511,1381 3515,1322 2261,1373"/>
                <Baseline points="2269,1409 2308,1409 2353,1406 2398,1403 2442,1403 2487,1400 2532,1397 2577,1397 2622,1397 2666,1394 2711,1391 2756,1391 2801,1391 2846,1388 2890,1385 2935,1385 2980,1382 3025,1379 3070,1376 3114,1376 3159,1373 3204,1373 3249,1370 3293,1370 3338,1367 3383,1367 3428,1361 3473,1361 3517,1358"/>
                <TextEquiv>
                    <Unicode>die von Ihnen herangezogenen Analogien mit den</Unicode>
                </TextEquiv>
            </TextLine>
        </TextRegion>
        <TextRegion id="tr_1" custom="readingOrder {index:2;}">
            <Coords points="2278,1392 3709,1392 3709,2614 2278,2614"/>
            <TextLine id="tr_1_tl_1" custom="readingOrder {index:0;}">
                <Coords points="2267,1504 3549,1464 3568,1394 3395,1367 3212,1430 2269,1441"/>
                <Baseline points="2278,1493 2317,1496 2362,1493 2407,1496 2451,1490 2496,1487 2541,1484 2586,1484 2631,1481 2675,1481 2720,1481 2765,1478 2810,1478 2854,1475 2899,1472 2944,1472 2989,1469 3034,1466 3078,1466 3123,1463 3168,1460 3213,1460 3258,1457 3302,1454 3347,1454 3392,1451 3437,1448 3482,1451 3526,1448 3571,1442"/>
                <TextEquiv>
                    <Unicode>übrigen Gesamtausgaben in Einzelausgabeben kaum in</Unicode>
                </TextEquiv>
            </TextLine>
            <TextLine id="tr_1_tl_2" custom="readingOrder {index:1;}">
                <Coords points="2271,1543 3520,1515 3536,1458 2272,1504"/>
                <Baseline points="2281,1540 2287,1537 2332,1537 2377,1537 2421,1535 2466,1532 2511,1532 2556,1529 2601,1526 2645,1526 2690,1526 2735,1523 2780,1520 2825,1517 2869,1517 2914,1517 2959,1514 3004,1514 3049,1511 3093,1511 3138,1508 3183,1505 3228,1502 3273,1499 3317,1499 3362,1496 3407,1493 3452,1493 3497,1490 3541,1487"/>
                <TextEquiv>
                    <Unicode>einem Falle wirklich zutreffen. Die Wassermann-</Unicode>
                </TextEquiv>
            </TextLine>
            <TextLine id="tr_1_tl_3" custom="readingOrder {index:2;}">
                <Coords points="2274,1589 3484,1549 3500,1504 2276,1545"/>
                <Baseline points="2284,1585 2290,1585 2335,1582 2380,1579 2424,1579 2469,1576 2514,1573 2559,1573 2604,1570 2648,1570 2693,1567 2738,1564 2783,1564 2828,1561 2872,1558 2917,1555 2962,1555 3007,1555 3052,1555 3096,1552 3141,1549 3186,1549 3231,1546 3276,1543 3320,1543 3365,1540 3410,1537 3455,1535 3500,1537"/>
                <TextEquiv>
                    <Unicode>Bände, beinahe durchaus Romane, sind seit jeher</Unicode>
                </TextEquiv>
            </TextLine>
            <TextLine id="tr_1_tl_4" custom="readingOrder {index:3;}">
                <Coords points="2271,1642 3534,1602 3553,1517 3327,1559 2272,1589"/>
                <Baseline points="2281,1630 2299,1627 2344,1624 2389,1624 2433,1624 2478,1621 2523,1618 2568,1618 2613,1615 2657,1612 2702,1612 2747,1609 2792,1609 2837,1606 2881,1603 2926,1603 2971,1600 3016,1600 3061,1597 3105,1597 3150,1591 3195,1591 3240,1588 3285,1588 3329,1585 3374,1582 3419,1582 3464,1579 3509,1582 3553,1585"/>
                <TextEquiv>
                    <Unicode>naturgemäss unter einem Einzeltitel erschienen,</Unicode>
                </TextEquiv>
            </TextLine>
            <TextLine id="tr_1_tl_5" custom="readingOrder {index:4;}">
                <Coords points="2267,1682 3526,1638 3528,1598 2267,1646"/>
                <Baseline points="2278,1669 2320,1669 2365,1672 2410,1669 2454,1666 2499,1666 2544,1663 2589,1660 2634,1657 2678,1654 2723,1654 2768,1651 2813,1651 2857,1651 2902,1648 2947,1645 2992,1645 3037,1642 3081,1642 3126,1639 3171,1636 3216,1633 3261,1633 3305,1630 3350,1627 3395,1627 3440,1624 3485,1624 3529,1624"/>
                <TextEquiv>
                    <Unicode>dasselbe gilt für Thomas Mann, bei dem überdies</Unicode>
                </TextEquiv>
            </TextLine>
            <TextLine id="tr_1_tl_6" custom="readingOrder {index:5;}">
                <Coords points="2276,1718 3437,1689 3541,1680 3545,1627 2278,1684"/>
                <Baseline points="2287,1714 2293,1714 2338,1717 2383,1714 2427,1711 2472,1708 2517,1708 2562,1705 2607,1702 2651,1702 2696,1699 2741,1699 2786,1696 2831,1693 2875,1693 2920,1693 2965,1690 3010,1687 3055,1684 3099,1684 3144,1681 3189,1681 3234,1678 3279,1675 3323,1675 3368,1672 3413,1672 3458,1669 3503,1666 3547,1666"/>
                <TextEquiv>
                    <Unicode>die beiden Novellenbände auch weiterhin als No-</Unicode>
                </TextEquiv>
            </TextLine>
            <TextLine id="tr_1_tl_7" custom="readingOrder {index:6;}">
                <Coords points="2280,1757 3443,1729 3541,1680 2282,1718"/>
                <Baseline points="2290,1758 2335,1758 2380,1756 2424,1756 2469,1753 2514,1750 2559,1750 2604,1747 2648,1747 2693,1744 2738,1741 2783,1741 2828,1738 2872,1738 2917,1735 2962,1732 3007,1732 3052,1729 3096,1726 3141,1726 3186,1723 3231,1723 3276,1720 3320,1717 3365,1714 3410,1714 3455,1714 3500,1711 3544,1705"/>
                <TextEquiv>
                    <Unicode>vellen in zwei Bänden in der Gesamtausgabe ent-</Unicode>
                </TextEquiv>
            </TextLine>
            <TextLine id="tr_1_tl_8" custom="readingOrder {index:7;}">
                <Coords points="2276,1816 3490,1773 3534,1763 3536,1714 2278,1771"/>
                <Baseline points="2287,1806 2329,1800 2374,1800 2418,1800 2463,1797 2508,1794 2553,1794 2598,1794 2642,1791 2687,1788 2732,1785 2777,1785 2822,1782 2866,1782 2911,1782 2956,1776 3001,1776 3046,1773 3090,1770 3135,1770 3180,1767 3225,1764 3270,1764 3314,1761 3359,1758 3404,1758 3449,1756 3494,1756 3538,1753"/>
                <TextEquiv>
                    <Unicode>halten sind, ohne dass jeder dieser Bände einen</Unicode>
                </TextEquiv>
            </TextLine>
            <TextLine id="tr_1_tl_9" custom="readingOrder {index:8;}">
                <Coords points="2274,1858 3545,1827 3564,1763 2276,1816"/>
                <Baseline points="2284,1848 2314,1848 2359,1845 2404,1845 2448,1839 2493,1839 2538,1839 2583,1833 2628,1833 2672,1830 2717,1830 2762,1830 2807,1827 2852,1827 2896,1824 2941,1821 2986,1821 3031,1818 3075,1815 3120,1812 3165,1812 3210,1809 3255,1806 3299,1806 3344,1803 3389,1803 3434,1803 3479,1803 3523,1800 3568,1797"/>
                <TextEquiv>
                    <Unicode>separaten Titel führt. Bei Gerhart Hauptmann und</Unicode>
                </TextEquiv>
            </TextLine>
            <TextLine id="tr_1_tl_10" custom="readingOrder {index:9;}">
                <Coords points="2280,1907 3473,1862 3524,1858 3524,1812 2282,1856"/>
                <Baseline points="2290,1893 2320,1890 2365,1890 2410,1887 2454,1884 2499,1881 2544,1881 2589,1881 2634,1878 2678,1875 2723,1872 2768,1872 2813,1872 2857,1869 2902,1869 2947,1866 2992,1863 3037,1860 3081,1860 3126,1857 3171,1857 3216,1854 3261,1854 3305,1851 3350,1848 3395,1848 3440,1845 3485,1845 3529,1842"/>
                <TextEquiv>
                    <Unicode>Ibsen haben die einzelnen Bände meines Wissens</Unicode>
                </TextEquiv>
            </TextLine>
            <TextLine id="tr_1_tl_11" custom="readingOrder {index:10;}">
                <Coords points="2278,1947 3562,1903 3589,1846 2280,1901"/>
                <Baseline points="2290,1932 2293,1932 2338,1935 2383,1932 2427,1932 2472,1929 2517,1926 2562,1926 2607,1923 2651,1920 2696,1920 2741,1917 2786,1917 2831,1914 2875,1914 2920,1911 2965,1911 3010,1905 3055,1905 3099,1905 3144,1902 3189,1899 3234,1899 3279,1896 3323,1896 3368,1893 3413,1893 3458,1890 3503,1890 3547,1887 3592,1890"/>
                <TextEquiv>
                    <Unicode>auch nicht jeder einen separaten Titel. Gleiches</Unicode>
                </TextEquiv>
            </TextLine>
            <TextLine id="tr_1_tl_12" custom="readingOrder {index:11;}">
                <Coords points="2288,1990 3483,1947 3513,1903 2290,1935"/>
                <Baseline points="2299,1979 2308,1979 2353,1979 2398,1976 2442,1974 2487,1971 2532,1971 2577,1968 2622,1968 2666,1965 2711,1962 2756,1962 2801,1959 2846,1959 2890,1956 2935,1956 2980,1953 3025,1953 3070,1950 3114,1947 3159,1944 3204,1944 3249,1941 3293,1938 3338,1938 3383,1935 3428,1932 3473,1932 3517,1932"/>
                <TextEquiv>
                    <Unicode>trifft auf Hofmannsthals Prosaische Schriften</Unicode>
                </TextEquiv>
            </TextLine>
            <TextLine id="tr_1_tl_13" custom="readingOrder {index:12;}">
                <Coords points="2286,2038 3505,1990 3566,1979 3568,1924 2288,1990"/>
                <Baseline points="2299,2024 2314,2024 2359,2024 2404,2021 2448,2018 2493,2015 2538,2015 2583,2012 2628,2009 2672,2009 2717,2009 2762,2006 2807,2003 2852,2003 2896,2000 2941,2000 2986,1997 3031,1994 3075,1994 3120,1991 3165,1988 3210,1985 3255,1982 3299,1985 3344,1982 3389,1982 3434,1979 3479,1976 3523,1976 3568,1974"/>
                <TextEquiv>
                    <Unicode>zu. Es bleibt also wohl der erste Fall, dass ein</Unicode>
                </TextEquiv>
            </TextLine>
            <TextLine id="tr_1_tl_14" custom="readingOrder {index:13;}">
                <Coords points="2280,2074 3543,2040 3589,2028 3591,1977 2282,2040"/>
                <Baseline points="2290,2066 2296,2066 2341,2066 2386,2063 2430,2063 2475,2066 2520,2060 2565,2057 2610,2054 2654,2054 2699,2054 2744,2051 2789,2048 2834,2048 2878,2045 2923,2045 2968,2042 3013,2039 3058,2039 3102,2036 3147,2033 3192,2033 3237,2030 3282,2027 3326,2027 3371,2027 3416,2024 3461,2021 3506,2021 3550,2021 3595,2018"/>
                <TextEquiv>
                    <Unicode>Autor genötigt werden sollte für einen Band mit</Unicode>
                </TextEquiv>
            </TextLine>
            <TextLine id="tr_1_tl_15" custom="readingOrder {index:14;}">
                <Coords points="2282,2117 3416,2085 3515,2074 3517,2028 2284,2070"/>
                <Baseline points="2293,2114 2311,2111 2356,2111 2401,2111 2445,2105 2490,2105 2535,2102 2580,2102 2625,2099 2669,2099 2714,2096 2759,2096 2804,2093 2849,2090 2893,2090 2938,2087 2983,2087 3028,2084 3073,2081 3117,2081 3162,2078 3207,2075 3252,2075 3296,2072 3341,2069 3386,2069 3431,2069 3476,2069 3520,2066"/>
                <TextEquiv>
                    <Unicode>10, einen andern mit 11 und zwei andere mit je</Unicode>
                </TextEquiv>
            </TextLine>
            <TextLine id="tr_1_tl_16" custom="readingOrder {index:15;}">
                <Coords points="2286,2157 3543,2123 3568,2053 2288,2127"/>
                <Baseline points="2296,2156 2317,2153 2362,2153 2407,2153 2451,2150 2496,2150 2541,2147 2586,2147 2631,2144 2675,2141 2720,2138 2765,2138 2810,2138 2854,2135 2899,2135 2944,2132 2989,2132 3034,2129 3078,2126 3123,2123 3168,2123 3213,2120 3258,2117 3302,2117 3347,2114 3392,2114 3437,2111 3482,2111 3526,2108 3571,2108"/>
                <TextEquiv>
                    <Unicode>3 Novellen Sammeltitel zu finden mit dem Bedeu-</Unicode>
                </TextEquiv>
            </TextLine>
            <TextLine id="tr_1_tl_17" custom="readingOrder {index:16;}">
                <Coords points="2301,2204 3572,2168 3670,2146 3674,2077 3543,2125 2303,2161"/>
                <Baseline points="2311,2203 2332,2200 2377,2200 2421,2197 2466,2195 2511,2195 2556,2192 2601,2189 2645,2186 2690,2186 2735,2186 2780,2183 2825,2180 2869,2177 2914,2177 2959,2174 3004,2174 3049,2171 3093,2171 3138,2168 3183,2165 3228,2165 3273,2162 3317,2159 3362,2159 3407,2156 3452,2156 3497,2156 3541,2153 3586,2141 3631,2132 3676,2132"/>
                <TextEquiv>
                    <Unicode>ten, dass sonst ein Neudruck überhaupt nicht mög###</Unicode>
                </TextEquiv>
            </TextLine>
            <TextLine id="tr_1_tl_18" custom="readingOrder {index:17;}">
                <Coords points="2295,2248 3613,2216 3651,2144 2297,2204"/>
                <Baseline points="2305,2245 2308,2248 2353,2245 2398,2242 2442,2239 2487,2236 2532,2236 2577,2236 2622,2230 2666,2227 2711,2227 2756,2227 2801,2227 2846,2221 2890,2221 2935,2221 2980,2218 3025,2218 3070,2218 3114,2215 3159,2212 3204,2209 3249,2206 3293,2206 3338,2203 3383,2203 3428,2200 3473,2200 3517,2197 3562,2197 3607,2195 3652,2195"/>
                <TextEquiv>
                    <Unicode>lich wäre. Was Slaw anbelangt, so möchte ich darauf</Unicode>
                </TextEquiv>
            </TextLine>
            <TextLine id="tr_1_tl_19" custom="readingOrder {index:18;}">
                <Coords points="2291,2303 3532,2255 3592,2250 3594,2210 2293,2255"/>
                <Baseline points="2302,2290 2344,2290 2389,2287 2433,2284 2478,2281 2523,2281 2568,2278 2613,2278 2657,2275 2702,2275 2747,2272 2792,2269 2837,2269 2881,2266 2926,2266 2971,2263 3016,2260 3061,2260 3105,2257 3150,2257 3195,2254 3240,2251 3285,2251 3329,2248 3374,2248 3419,2248 3464,2245 3509,2242 3553,2242 3598,2239"/>
                <TextEquiv>
                    <Unicode>hinweisen, dass zusammenfassende Titel wenigstens</Unicode>
                </TextEquiv>
            </TextLine>
            <TextLine id="tr_1_tl_20" custom="readingOrder {index:19;}">
                <Coords points="2301,2337 3447,2307 3591,2291 3592,2248 2303,2295"/>
                <Baseline points="2311,2332 2341,2332 2386,2332 2430,2326 2475,2326 2520,2326 2565,2323 2610,2320 2654,2317 2699,2317 2744,2317 2789,2314 2834,2314 2878,2311 2923,2311 2968,2308 3013,2305 3058,2305 3102,2302 3147,2302 3192,2299 3237,2296 3282,2296 3326,2293 3371,2293 3416,2290 3461,2290 3506,2284 3550,2284 3595,2284"/>
                <TextEquiv>
                    <Unicode>für zwei Bände schon in der englischen Urausgabe</Unicode>
                </TextEquiv>
            </TextLine>
            <TextLine id="tr_1_tl_21" custom="readingOrder {index:20;}">
                <Coords points="2291,2384 3513,2352 3647,2333 3649,2293 2293,2327"/>
                <Baseline points="2302,2380 2308,2380 2353,2377 2398,2374 2442,2371 2487,2371 2532,2368 2577,2368 2622,2365 2666,2362 2711,2362 2756,2359 2801,2359 2846,2356 2890,2356 2935,2353 2980,2350 3025,2350 3070,2347 3114,2347 3159,2344 3204,2344 3249,2341 3293,2338 3338,2338 3383,2335 3428,2335 3473,2332 3517,2332 3562,2332 3607,2329 3652,2332"/>
                <TextEquiv>
                    <Unicode>bestanden haben, die bereits 1897 in meinem Besitze</Unicode>
                </TextEquiv>
            </TextLine>
            <TextLine id="tr_1_tl_22" custom="readingOrder {index:21;}">
                <Coords points="2471,2418 3496,2396 3498,2343 2473,2375"/>
                <Baseline points="2482,2412 2529,2413 2574,2410 2619,2410 2663,2407 2708,2404 2753,2404 2798,2407 2843,2401 2887,2398 2932,2398 2977,2398 3022,2395 3067,2392 3111,2389 3156,2386 3201,2386 3246,2386 3291,2386 3335,2386 3380,2383 3425,2380 3470,2380 3500,2380"/>
                <TextEquiv>
                    <Unicode>Pleasant Plays.Unpleasant Pays“, etwas</Unicode>
                </TextEquiv>
            </TextLine>
            <TextLine id="tr_1_tl_23" custom="readingOrder {index:22;}">
                <Coords points="2303,2430 2324,2426 2343,2437 2360,2422 2371,2430 2388,2426 2394,2420 2409,2424 2416,2416 2433,2422 2435,2390 2403,2382 2384,2382 2379,2388 2375,2384 2363,2388 2356,2382 2348,2390 2305,2390"/>
                <Baseline points="2314,2421 2347,2418 2392,2415 2437,2414"/>
                <TextEquiv>
                    <Unicode>war:</Unicode>
                </TextEquiv>
            </TextLine>
            <TextLine id="tr_1_tl_24" custom="readingOrder {index:23;}">
                <Coords points="2307,2469 3666,2443 3708,2356 2308,2424"/>
                <Baseline points="2317,2466 2320,2466 2365,2463 2410,2460 2454,2460 2499,2460 2544,2457 2589,2454 2634,2451 2678,2451 2723,2448 2768,2448 2813,2445 2857,2445 2902,2442 2947,2442 2992,2439 3037,2439 3081,2436 3126,2436 3171,2433 3216,2430 3261,2427 3305,2427 3350,2427 3395,2427 3440,2424 3485,2424 3529,2421 3574,2421 3619,2418 3664,2418 3709,2421"/>
                <TextEquiv>
                    <Unicode>später glaube ich erschienen die "Plays for Puritans</Unicode>
                </TextEquiv>
            </TextLine>
            <TextLine id="tr_1_tl_25" custom="readingOrder {index:24;}">
                <Coords points="2303,2515 3530,2483 3592,2471 3594,2432 2303,2468"/>
                <Baseline points="2314,2514 2344,2511 2389,2508 2433,2505 2478,2502 2523,2499 2568,2499 2613,2496 2657,2496 2702,2496 2747,2493 2792,2493 2837,2490 2881,2490 2926,2487 2971,2487 3016,2484 3061,2484 3105,2481 3150,2478 3195,2475 3240,2475 3285,2475 3329,2475 3374,2472 3419,2472 3464,2469 3509,2469 3553,2466 3598,2463"/>
                <TextEquiv>
                    <Unicode>Oh die "Komödien des Glaubens" auch in England zu-</Unicode>
                </TextEquiv>
            </TextLine>
            <TextLine id="tr_1_tl_26" custom="readingOrder {index:25;}">
                <Coords points="2310,2562 3206,2577 3420,2522 3591,2541 3592,2471 2312,2517"/>
                <Baseline points="2320,2556 2341,2553 2386,2550 2430,2550 2475,2547 2520,2547 2565,2547 2610,2547 2654,2544 2699,2541 2744,2538 2789,2538 2834,2535 2878,2535 2923,2535 2968,2532 3013,2529 3058,2529 3102,2526 3147,2526 3192,2526 3237,2523 3282,2523 3326,2520 3371,2520 3416,2520 3461,2517 3506,2517 3550,2514 3595,2517"/>
                <TextEquiv>
                    <Unicode>sammen in einem Band erschienen sind, weiss ich</Unicode>
                </TextEquiv>
            </TextLine>
            <TextLine id="tr_1_tl_27" custom="readingOrder {index:26;}">
                <Coords points="2297,2625 2312,2621 2324,2627 2343,2615 2379,2632 2420,2630 2443,2621 2458,2627 2466,2619 2485,2623 2485,2576 2475,2576 2451,2555 2430,2560 2405,2555 2394,2562 2373,2553 2333,2568 2312,2557 2299,2558"/>
                <Baseline points="2308,2604 2311,2604 2356,2598 2401,2598 2445,2598 2490,2595"/>
                <TextEquiv>
                    <Unicode>nicht.</Unicode>
                </TextEquiv>
            </TextLine>
        </TextRegion>
    </Page>
</PcGts>
