3869 3561
579 799 1611 899 Ich würde bitten an Frau Dr. T.J.Arne,
382 854 1580 951 Skillinggränd 3,Stockholm für den Verein der
389 902 1667 991 Oesterreicher.Ortsgruppe Stockholm ein Exemplar
396 947 1665 1034 meiner Erzählenden Schriften in meinem Auftrage
396 982 1698 1086 freundlichst senden zu wollen. Der Verein bittet
389 1029 1647 1119 mit zugleich bei Ihnen zu intervenieren, ob Sie
405 1087 1623 1167 ihm nicht eventuell auch andere Erscheinungen
401 1124 1644 1201 Ihres Verlags gütigst überlassen könnten, wofür
405 1193 992 1295 er sehr dankbar wäre.
2019 645 2427 750 P. Tischer
2659 648 2890 768 Sterl
3238 688 3551 785 13.5.1929.
2852 686 3070 835 sul
2728 745 2823 840 54
2638 783 3086 934 Wirke Spothleit
2258 928 2818 1036 Lieber Doktor Maril.
2610 1025 3599 1132 Zufällig erhielt ich gerade zugleich
2256 1075 3648 1182 mit Ihrem Schreiben die letzte Abrechnung von Stock
2273 1153 3565 1231 die ich Ihnen der Einfachheit halber zusende und
2273 1203 3639 1276 um deren baldigste Rücksendung ich ersuche. Sie er-
2265 1246 3523 1310 sehen daraus, dass ich 12% vom Ladenpreis jedes
2263 1290 3527 1357 Exemplars erhalte, im ganzen sind es schon ein
2275 1326 3592 1409 paar tausend Francs gewesen. Ich weiss mich nicht
2275 1378 3603 1468 ganz genau zu erinnern, wie hoch der Vorschuss bei
2277 1421 3547 1488 Abschluss des Vertrages gewesen ist.ich glaube
2280 1466 3606 1530 tausend Francs. Aber das kommt ja hier weniger in
2275 1504 3549 1578 Betracht, da es sich um einen durchaus korrekten
2277 1547 3547 1623 Verlag handelt. Stock schreibt mir übrigens zu-
2280 1573 3604 1668 gleich, dass er eben eine Neuausgabe von "Fräulein
2292 1635 3573 1727 else“ zu billigerem Preis vorbereitet. Darf ich
2289 1667 3649 1769 bei der Gelegenheit fragen,wie unsere Angelegenhei-
2285 1730 3591 1805 ten mit der T.I.L.A. stehen? Die Leute schreiben
2292 1767 3658 1843 mir heute, dass sie mir binnen kurzem zwei Exemplare
2291 1817 3591 1893 der italienisc en Ausgabe von „Therese“ schicken
2291 1858 3502 1950 werden. Haben sie schon die Garantie bezahlt?
2574 1915 3534 2016 Ich hoffe Sie befinden sich wieder
2282 1995 3535 2073 ganz wohl und bin mit den herzlichsten Grüssen
2576 2042 3096 2118 Ihr sehr ergebener
2292 2244 2892 2332 Herrn Dr. Konrad Maril,
2294 2317 2540 2372 Berlin W.
2301 2330 2775 2429 5. Fischer, Verlag.
2261 2441 3528 2548 N.S. Ich erhalte von der Preussischen Akademie
2268 2519 3601 2590 das Ersuchen meinen „Herrn Verleger“ zu veranlas-
2280 2562 3490 2628 sen mehrere meiner Werke gebunden der Sektion
2280 2607 3430 2667 für ein internationales Fest des Sportklubs
2280 2643 3613 2709 Charlottenburg zur Verfügung zu stellen. Darf ich
