3927 3499
2634 566 3201 663 S.Fischer,1.10.1928.
2618 631 2823 711 Blatt 2
1873 729 3173 859 zu sagen, wird sich in unseren Beziehungen nichts
374 785 1511 876 Natürlich hat resp. hätte dieser Brief an
1873 829 2081 900 ändern.
159 842 1390 911 Harz nur den einen Sinn, wenn wir ihn als ein
2138 881 3184 957 Für Ihre freundlichen Mitteilungen die
150 896 1490 968 Eltimatum betrachten würden und wir wirklich fest
1879 913 3310 1007 Gesamelten Werke betreffend danke ich bestens. Nicht
172 952 1442 1007 entschlossen wären ihm entweder diese 2500 Mark
1875 972 3264 1052 ein eventueller Vorschuss ist mir das Wichtige (von
168 981 1490 1050 zu bezahlen oder im Falle mangelnden Entgegenkom-
1879 1022 3206 1101 dem ich augenblicklich keinen Gebrauch zu machen
167 1031 1392 1090 mens von seiner Seite ohne jede Rücksicht auf
1885 1042 3304 1148 wünsche), sondern der Verkauf. Wegen der Theaterstücke
167 1063 1537 1133 seine Verwahrungen oder Drohungen das Buch erschei¬
1879 1114 3262 1177 - hier sind doch jedesfalls auch neue Auflagen not-
163 1124 1514 1183 nen zu lassen. Ond ich bitte nun um gefällige end-
1883 1148 3266 1231 wenig - haben Sie mir noch nicht geantwortet. Nicht
172 1161 1522 1226 gültige Erklärung, inwiefern resp. ob ich überhaupt
1885 1196 3258 1279 ganz unmöglich, dass ich mit einem Schema früher wie-
172 1218 1479 1268 auf Ihre Mitwirkung rechnen kann. Es bedarf kaum
1883 1237 3292 1314 der zur Stelle bin als mit einer Novelle. Ihr Rat im
174 1248 1551 1309 no hmaliger Versicherung,dass es sich hier nicht um
176 1287 1574 1363 eine geschäftliche, sondern vor allem um eine Rechts-
1883 1287 3206 1363 Frühjahr wieder mit einer Novelle (a 30 Auflagen)
1890 1337 3262 1409 da zu sein ist ja sehr freundlich und sehr gut, aber
174 1350 1518 1396 frage handelt und um die Erbringung des Beweises,
170 1381 1503 1446 dass Herr Harz es nicht in der Hand hat mich ein-
1890 1387 3112 1455 so was ist leichter gesagt als gedichtet. Ich
1890 1427 3242 1498 möchte die Hoffnung noch immer nicht aufgeben, dass
174 1424 1500 1488 fach auf Lebenszeit und noch auf länger hinaus an
1890 1474 3310 1596 auch meine älteren Sachen einen Auftrieb erleben wür-
174 1448 1553 1537 dem Gebrauch meines Urheberrechtes am "Reigen",sei
181 1524 1466 1577 es fahrlässig oder böswillig zu verhindern. Dass
1890 1538 2012 1594 den.
174 1555 1500 1622 weder der Verlag Fischer noch ich innerhalb ihres
2181 1568 3249 1668 Im übrigen höffe ich in absehbarer Zeit
172 1605 1451 1662 Lebenswerkes gerade auf den "Reigen" angewiesen
1886 1649 3193 1725 nach Berlin zu kommen, da können wir über all das
178 1640 1390 1703 sind, weiss der Verlag Fischer so gut wie ich.
1898 1655 3260 1761 und über die verschiedenen anderen Dinge, von denen
167 1679 1548 1749 Trotzdem empfände ich es als eine persönliche Genug
181 1735 1524 1792 tuung. wenn gerade dieses Buch in meinem angestam-
1899 1718 3358 1803 der letzte Brief Dr.Marila handelt, ausführlicher spre-
1898 1783 3295 1846 chen. „Eur in der “Reigen“-Sache bitte ich, falle Sie
174 1781 1372 1836 ten Verlage endlich erschiene und sich der
1364 1773 1500 1831 Vertag
1898 1814 3347 1914 sich ein für alle Mal desinteressiert erklären wollen.
172 1818 1524 1879 damit gerade zu einem Werke bekennen würde, das, wie
174 1866 1551 1925 kaum ein anderes blödsinnigen Feigen Angriffen aus-
1894 1879 2523 1970 um ein einfaches Nein.
0 1879 1477 1972 Kinderlichen gesetzt war. Diese Gefahr, wenn man sie überhaupt
2199 1935 3219 2025 In jedem Falle freue ich mich sehr Sie
174 1946 1503 2010 so nennen soll, ist fr ilich auch heute noch nicht
1903 1992 3249 2109 recht bald wieder zu sehen. Mit vielen Grüssen wie
176 1997 1529 2062 verschwunden, die Möglichkeit einer Beschlagnahmung
172 2044 1481 2109 dürfte ja nach Fritz Engels freundlicher Benach-
1898 2062 2055 2122 immer
191 2081 1509 2157 richtigung überhaupt nicht mehr bestehen. Sollten
2410 2086 2495 2149 1hr
167 2131 1472 2192 Sie aber und der Verlag Fischer diese meine An-
178 2173 1559 2240 sicht nicht teilen, dass hier - ich spreche es offen
178 2214 1422 2283 aus - eine keineswegs unwürdige Aufgabe, ja man
1899 2201 2542 2299 Herrn 3.Fischer,Verlag.
168 2264 1549 2329 könnte vielleicht sogar sagen eine Art Ehrenpflicht
1901 2281 2114 2342 Berlin.
178 2316 1446 2366 des Verlages vorläge, so wollen wir doch nun die
174 2357 1562 2425 Sache ein für alle Mal erledigt sein lassen und ich
174 2399 1574 2462 erbitte ein endgültiges Nein, für das ich Ihnen eben-
174 2453 1496 2518 so herzlich, wenn vielleicht auch nicht ebenso er-
174 2488 1481 2553 freut danken werde, wie für ein Ja, In dem einen
168 2525 1557 2625 wie in dem anderen Falle, das brauche ich nicht erst
1116 2784 1207 2864 me
