3951 3512
2138 631 2569 775 tischer
3281 671 3608 769 21.11.1927.
2739 728 3083 926 Therev
2285 907 2718 1017 Lieber Freund.
2695 1017 3668 1119 Ich wusste nicht, dass Ultstein die
2294 1074 3708 1172 Fahnen der "Therese" an Sie zurück gesandt hat. Aber
2300 1143 3765 1217 es ist mir ganz recht so. Sie wissen jedesfalls schon,
2300 1193 3689 1263 dass Ullstein auf den Vorabdruck nicht reflektiert.
2298 1244 3640 1306 der Hauptgrund ist wohl, wie mir krell schrieb, der
2308 1253 3812 1353 pessimistische Grundton des Ganzen. Für die "Illustrier-
2310 1317 3680 1395 te kam es ja wohl überhaupt kaum in Betracht. Ich
2294 1361 3799 1442 will aber doch die finanzielle Chance eines Vorabdrucks
2300 1412 3748 1484 nicht voltkommen fahren lassen und korrespondiere mit
2304 1463 3716 1527 Bittner (von Knorr & Hirth), der sich bereits im Som-
2300 1504 3725 1572 mer weegen eines eventuellen Vorabdrucks mit mir in
2306 1542 3697 1614 Verbindung gesetzt hat. Ich derke wohl, dass die nun
2310 1565 3778 1667 bei Ihnen liegenden Korrekturen für den Satz der Buch-
2306 1631 3646 1703 ausgabe werden massgebend sein können. Im übrigen
2310 1669 3651 1752 hoffe ich Anfang nächster Woche in Berlin zu sein
2315 1693 3754 1790 (dürfte diesmal im Fristol wohnen) und da werden wir
2310 1765 3825 1833 über diese und wohl noch über allerlei andere Angelegen-
2310 1818 3205 1890 heiten in Musse reden können.
2686 1869 3300 1966 Mit herzlichen Grüssen
2319 2281 2956 2378 Herrn S.Fischer, Verlag.
2319 2361 2527 2431 Berlin.
