3891 3497
2379 505 2577 620 & 7/4
2860 553 3201 666 Therev
2093 570 2516 688 Fischer
3040 639 3298 731 7.4.1928.
2338 796 3041 921 Lieber Herr Doktor Maril.
2651 923 3721 1019 Zu den Uebersetzungsanträgen "Therese";
2341 978 3557 1062 In Holland sind meine letzten NovelIen : "Else
2348 1046 3338 1122 "Traumnovelle",“Casanovas Heimfahrt“,
3377 1034 3720 1117 Doktor Graes-
2336 1101 3709 1161 ler", ich glaube auch schon “Spiel im Morgengrauen“,
2332 1147 3636 1199 alle in besonders hübschen Ausgaben, von Alice v.
2336 1180 3639 1233 Nahuys im Querido-Verlag erschienen. Gestern er-
2332 1221 3595 1281 hielt ich auch schon eine Anfrage von dort we-
2336 1281 3560 1348 gen "Therese", Bindung besteht nicht. Honorare
2339 1324 3512 1367 schwankten zwischen 150 und 250 Gulden. Als
2341 1355 3641 1425 Garantie gedacht aber niemals überschritten. Ich
2329 1409 3630 1459 werde für "Therese" 500 Gulden fordern. Sie nen-
2336 1452 3630 1509 nen die holländische Firma nicht, die sich an Sie
2336 1497 3627 1558 gewendet hat; ich habe natürlich nichts dagegen.
2329 1545 3610 1606 dass Sie auch dieser ein Exemplar zur Einsicht-
2329 1582 3572 1635 nahme schicken und würde, wenn Sie die Verhand-
2327 1620 3535 1683 lungen weiterführen, natürlich auch Ihnen den
2326 1670 2911 1757 Abschluss überlassen.
2618 1728 3560 1815 In Ungarn hat meine letzten Sachen
2324 1798 3608 1858 der Pantheon-Verlag veröffentlicht, der sich nun
2327 1851 3648 1899 gleichfalls schon wegen „Therese“ an mich gewen-
2327 1892 3595 1959 det hat. Tantièmengarantie mässig und nie über-
2329 1945 3579 1998 schritten. Wenn Sie vom „Ashanneum“, das glaube
2324 1980 3654 2043 ich seinerzeit "Komödie der Worte“ ins Ungarische
2326 2024 3648 2100 veröffentlichte, gute Bedingungen erzielen können,
2327 2072 3302 2146 so gilt das Gleiche wie für Holland.
2636 2118 3600 2211 Hinsichtlich Czachoslduskei "Melan-
2319 2165 2502 2262 trich“
2557 2211 3516 2293 sei Ihnen alles Weitere überlassen.
2637 2267 3629 2353 Für alle Fülle bitte ich auch unver-
2308 2308 3630 2386 bindlich ausser an dei von Ihnen bisher vorgese-
2320 2382 3624 2454 henen fremdländischen Firmen auch an Frau Alice
2327 2430 3584 2487 von Nahuys, Amsterdam, Kaisersgraacht 332 und an
2320 2468 3648 2543 Pantheon-Verlag, Budapest V. Vilmos osarcar ut 28,
2314 2514 3651 2612 Exemplare, resp.Aushängebogen freundlichet zu sen-
2302 2550 2428 2642 den.
