3873 3593
500 900 1266 999 guten Glauben vorzutäuschen.
716 987 1818 1078 Die Europeen Books Ltd in London ist mir
509 1059 1794 1113 nicht bekannt; gegen eine Option mit notwendiger
504 1090 1816 1159 Sicherstellung wird wohl nichts einzuwenden sein.
504 1145 1796 1201 Sonderbar genug wäre es freilich, wenn das "Spiel
495 1190 1884 1251 der Sommerlüfte" in England früher gespielt werden
507 1233 1816 1283 sollte als in Deutschland. Und wir haben gewiss
504 1278 1806 1330 keinerlei Grund es für wahrscheinlich zu halten.
514 1321 1870 1368 "Der Gang zum Weiher" war, wie Sie wohl auch aus den
512 1359 1858 1408 deutschen Zeitungen erfahren haben, (oder haben Sie
507 1397 1863 1468 kein Abonnement bei Goldschmied mehr?) ein sehr be-
509 1451 1813 1502 trächtlicher künstlerischer Erfolg, auch die Kasse
509 1492 1827 1544 lässt sich bisher gut an. Ich nehme an, dass Ihnen
504 1528 1797 1592 Berichte zu Propagandazwecken.wie es ja auch mit
507 1566 1860 1635 andern in Ihrem Verlag erscheinenden Stücken regel-
500 1613 1887 1682 mässig der Fall ist, zur Verfügung stehen. Wenn nicht
495 1658 1497 1735 lassen Sie es mich gefälliget wissen.
814 1727 1320 1803 Mit besten Grüssen
847 1792 1337 1870 Ihr sehr ergebener
488 2072 1099 2165 Herrn Dr.Konrad Maril
495 2137 995 2217 S.Fischer, Verlag,
492 2180 692 2265 Berlin.
3107 719 3355 830 7.3.1931.
2051 657 2465 819 S. Tiocher
2286 921 2964 1052 Lieber Herr Doktor Maril.
2641 1016 3616 1128 Ich habe Sie immer gebeten in Berlin
2298 1076 3533 1194 nichts zu unternehmen ohne sich vorher mit mir
2301 1094 3633 1252 ins Einvernehmen zu setzen, resp. Berlin ruhig mir
2305 1157 3616 1287 allein zu überlassen. Nun erfahre ich aus Ihrem
2308 1201 3591 1328 freundlichen Schreiben und dem beigelegten Brief
2306 1254 3636 1368 Reinhardts, dass Sie ihn auf den Erfolg des "Gang
2310 1301 3614 1420 zum Weiher" hingewiesen haben. Reinhardt muss na-
2310 1327 3631 1456 turgem###s annehmen, dass ich versucht habe auf die
2308 1378 3598 1513 sem Wege an ihn heranzukommen und ich kann Ihnen
2305 1418 3624 1559 kaum sagen, wie unangenehm mir das ist. Nun ist es
2310 1478 3604 1599 einmal geschehen und ich kann nichts anderes tun
2310 1516 3576 1646 als meine zuAufang dieses Briefes erinnerte
2318 1604 3014 1703 Bitte nochmals zu betonen.
2670 1620 3641 1746 In Hinsicht auf Wiesbaden möchte ich
2320 1682 3641 1813 die Entscheidung Ihnen überlassen. Ich kenne wede
2322 1732 3652 1846 das Personal noch die Stellung dieser Bühne inner-
2327 1758 3686 1896 halb des deutschen Theatersbetriebs und weiss nicht
2332 1822 3595 1934 ob eine Aufführung des "Gang zum Weiher" irgend
2332 1854 3647 1984 eine Bedeutung beanspruchen könnte. Die Bedingung
2332 1906 3669 2017 Wiesbadens, es müsse die alleinige Uraufführung für
2329 1948 3676 2068 Deutschland haben, erscheint mir einigermassen über
2330 1998 3621 2110 heblich, aber da sich ohnedies keine andere Bühne
2337 2029 3650 2168 um das Stück bewirbt hat diese meine Ansicht wohl
2341 2068 3662 2201 nur eine akademische Bedeutung. Sie erinnern sich
2337 2117 3679 2251 vielleicht, dass schon vor Jahren Reucker in Dres-
2344 2156 3707 2289 den die alleinige Uraufführung des "Gang zum Weiher
2349 2217 3419 2362 beanspruchte, worauf ich verzichtet habe.
2727 2284 3702 2389 "La campagna" (soll wohl heissen Com-
2351 2346 3685 2463 pigna) kann wohl nichts anderes sein als mein Ein-
2356 2387 3664 2505 akter "Die Gefährtin"; von einer Aufführung unter
2356 2425 3669 2550 der Direktion von Pirandello im Testro d'Arte di
2363 2475 3652 2594 Roma ist mir bisher nichts bekannt geworden. Ich
2355 2513 3686 2658 habe natürlich nichts gegen eine Radioübertragung
