3879 3560
454 796 1679 948 hin mit jener Sachlichkeit behandeln, in der
473 875 1648 981 der guten alten) alles Notwendige zum gegense
472 935 1329 1048 tigen Verständnis enthalten ist.
761 988 1315 1103 Mit herzlichen Gruss
763 1070 1128 1170 Ihr ergebener
523 1917 1134 2041 Herrn Dr. Konrad Maril,
580 1988 1002 2082 Fiecher,Verlag.
537 2043 737 2133 Berlin.
2079 595 2531 741 F. Fiscker
2895 691 3226 796 14.10.1929.
2278 926 2840 1039 Lieber Doktor Maril.
2886 938 2984 1022 P.
2643 1015 2960 1075 G.C.H.F.P.
2658 1024 3577 1125 1.) Wie Sie sich ganz richtig er-
2284 1086 3557 1173 innern steht eine Dramatisierung von "Fräulein"
2298 1139 3581 1219 "else" keineswegs bevor. Das weiss auch Direktor
2293 1182 3643 1262 Rober Klein, von dem ich übrigens seit persönlichem
2298 1225 3536 1309 Vertragsabschluss keinerlei Nachricht habe als
2298 1267 3588 1357 das Ereuchen den vertragsmässig auf Ende Oktober
2298 1317 3559 1391 festgesetzten Termin eventuell bis gegen Weih-
2298 1355 3562 1435 nachten hinausschieben zu dürfen. Wenn also das
2288 1405 3516 1489 Künstlertheater behauptet, dass ich "mit Klein
2298 1429 3565 1526 in andauernder Korrespondenz über diese von mir
2302 1485 3555 1562 tatsächlich zu erwartende Arbeit stehe“,so be-
2302 1530 3541 1607 findet es sich im Irrtum. Die Novelle soll, wie
2302 1578 3572 1655 alle Beteiligten wissen, so wie sie geschrieben
2302 1604 3593 1701 ist, in einer eigentümlichen Inszenierung auf die
2310 1658 3488 1746 Bühne gebracht werden, -das Ganze stellt also
2312 1706 3557 1787 ein vorläufig an die künstlerische Persönlich-
2310 1758 3548 1832 keit von Elisabeth Bergner gebundenes thatra-
2310 1790 3547 1874 lisches experiment vor und es schiene mir ganz
2317 1835 3519 1917 inopportun vor stattgekander. Uraufführung mit
2314 1874 3581 1964 irgend einer Bühne zu verhandeln. Indessen steht
2314 1933 3588 2012 es jedem Direktor frei die Novelle, zu deren Ver-
2312 1976 3550 2077 sendung keinerlei Anlass besteht, durch Lektüre
2312 2036 2777 2133 kennen zu lernen.
3219 2043 3372 2118 G.H.F.P
2794 2082 3710 2164 Wann Wo und wann die Urauftührung
2657 2111 2744 2175 2.
2326 2139 3663 2221 von "Spiel der Sommerlüfte" stattfinden wird, dürf-
2326 2190 3674 2266 te sich innerhalb der nächsten zehn Tage wohl ent-
2326 2236 3559 2322 scheiden; Vielleicht schon vor Ende d.N., wahr-
2329 2271 3680 2356 scheinlicher zu Beginn des nächsten Jahres. Natür¬
2329 2314 3672 2399 lich wäre nun nichts mehr dagegen einzuwenden, dass
2326 2372 3574 2444 man ernetzunehmenden Direktoren das Manuscript
2326 2399 3679 2492 zur Einsicht überliesse, Eine Aufführungserlaubnis
2332 2459 3639 2530 vor feststehendem Termin der Urauführung dürfte
2326 2497 3672 2581 natürlich in keinem Fall erteilt werden. Da sich
2320 2547 3703 2641 jedoch die Bihnen im allgemeinen zur Annahme eines
3512 2643 3648 2715 O. S. C.
