3883 3497
2048 552 2590 759 S. Fischer
632 686 817 763 P.S.
3156 679 3453 770 17.3.1928.
2310 851 2974 991 Verehrter Herr Eipper.
2736 998 3614 1084 Ich habe Ihnen eben telegraphiert
2322 1057 3630 1125 dass ich den neuen roten Einbald, den Sie mir mit
2327 1120 3681 1180 einigen anderen geschickt haben, ansprechend finde.
2327 1151 3609 1210 Ich wusste nicht, dass derselbe Einband auch für
2327 1200 3606 1255 die gesamelten W erke bestimmt sein sollte. Die
2324 1250 3626 1302 Zierleiste, die sich etwa auf Grau meiner Ansicht
2327 1292 3611 1364 nach ganz hübsch und nicht so unruhig ausnehmen
2321 1335 3524 1389 würde (einen grauen Musterband haben Sie mir
2305 1376 3676 1442 nicht geschickt, nur noch einen braunen und grünen,
2315 1423 3558 1486 die beide gar zu unbendig sind) scheint mir
2317 1464 3677 1534 auf dem nun in Betracht gezogenen Rot, insbesonde-
2314 1522 3585 1577 re für eine Bandreihe, nicht sonderlich gut ge-
2317 1561 3614 1622 wählt und ich gebe zu bedenken, ob Sie nicht ein-
2312 1605 3604 1658 fachero Linien vorziehen sollten. Die Sache ist
2309 1651 3575 1697 natürlich nicht wichtig genug als dass wir da-
2309 1694 3594 1745 rum einen weiteren Aufschub haben sollten; wäre
2315 1742 3602 1791 es ohne erhe liche Verzögerung und ohne Schaden
2317 1784 3638 1835 für den Vertrieb möglich mich noch weitere Muster
2309 1827 3618 1910 sehen zu lassen; so würde ich freilich darum bit-
2315 1866 2436 1924 ten.
2607 1926 3623 2016 Bei dieser Gelegenheit wiederhole ich
2305 1997 3599 2053 auch mein höfliches Ersuchen um freundliche Zu-
2312 2057 3674 2111 sendung der Liste der Resensions- und Freiexemplare
2309 2103 3652 2155 in doppelter Ausfertigung. Ich sende dann gleich
2309 2133 3536 2229 wie in früheren Fällen mein Verzeichnis ein.
2601 2191 3175 2288 Mit herzlichem Gruss
2610 2268 2983 2353 Ihr ergebener
2303 2441 2797 2525 Herrn Paul Eipper,
2309 2481 2778 2566 S.Fischer,Verlag.
2293 2532 2515 2598 Berlin.
