3875 3497
641 725 1885 842 Darf ich ferner bitten einen Band des Harris-
533 793 1885 887 schen Shakespeare an meinen Sohn Heinrich Schnitz-
538 851 1752 926 ler, Berlin W. Matthöikirchstr.4, bei Dernburg.
538 889 1933 975 senden zu wollen und mir auf die Rechnung zu setzen
542 935 1910 1020 Herr Fischer sagte mir einmal, dass Sie ohne weitere
538 982 1888 1063 mir auch Bücher aus anderen Verlagen zu Buchhänd-
542 1023 1899 1118 lerpreisen verschaffen könnten. Falls das wirklich
547 1064 1815 1152 ohne jede Mühe für den Verlag und ohne sonstige
542 1109 1890 1199 Unzukömmlichkeiten möglich ist, möchte ich wohl ge-
537 1142 1919 1255 legentlich von dieser Freundlichkeit Gebrauch mache
709 1276 1292 1373 Mit herzlichem Gruss
713 1330 1213 1438 Ihr sehr ergebener
565 2159 1172 2263 Herrn Dr. Konrad Maril,
578 2240 1046 2316 S. Fischer.Verlag.
571 2294 786 2371 Berlin.
2059 587 2491 750 J. Fischer
3197 693 3527 777 19.12.1927.
2312 851 2707 962 Lieber Freund.
2657 973 3755 1102 Das Berliner Tageblatt schreibt mir, dass
2312 1057 3669 1129 es ihm von grossem Wert
2312 1100 3739 1174 wäre einen Roman aus meiner Feder zu veröffentlichen,
2310 1149 3737 1222 dass die xxx Prüfung des Manuscript frühestens inner-
2303 1201 3662 1258 halb von 14 Tagen erfolgen könnte, ein Abdruck vor
2307 1246 3701 1305 dem Herbst nächsten Jahres wegen Vertragsverpflich-
2314 1282 3626 1337 tungen unmöglich wäre. Ich frage nun an, wann Sie
2308 1332 3748 1402 den Roman frühestens veröffentlichen können, wenn ich,
2303 1380 3698 1445 in Anbetracht des späten Termins, auf den Vorabdruck
2305 1422 3671 1502 ohne weitere Verhandlungen zu verzichten mich ent-
2299 1458 2552 1520 schlösse.
2538 1526 3071 1632 Herzlichst grüssend
2547 1594 2635 1668 Ihr
2292 2071 2919 2158 Herrn S.Fischer,Verlag,
2289 2122 2491 2204 Berlin.
