3880 3497
598 750 1781 858 Darf ich darum bitten in den nächsten Tagen
398 833 1726 914 für mein Konto an die Bank für auswärtigen Handel
393 861 1783 955 als zweite Rate "Therese-Honorar Mk. 5000.- freund-
405 937 1166 1022 lichst überweisen zu wollen.
616 978 1758 1075 Wie steht es nun eigentlich mit dem Ergän-
407 1059 1730 1132 zungsband der Gesammelten Werke und dem Neudruck
416 1102 1689 1187 der übrigen Bände? Herr Fischer sprach schon im
410 1153 1197 1247 August von der Notwendigkeit?
651 1217 1772 1304 Und könnte man nicht vielleicht doch bald
416 1261 1838 1367 eine anständige Neuausgabeb von "Casanovas Heimfahrt“
414 1353 690 1431 rikieren?
653 1380 1698 1482 Donnerstag verlasseich Wien, fahre nach
419 1443 1769 1537 Triest und von dort xxxx
424 1500 1744 1578 ich mich mit der Stelle d'Italia auf eine Mittel-
423 1544 1723 1625 meerfahrt (Corfu,AthenmConstantinopel, Ragusa und
423 1572 1755 1673 wieder zurück nach Triest 30. April). Ich schreibe
421 1631 1725 1740 natürlich noch vorher und geben nähere Adressen.
683 1705 1305 1811 Mit herzlichen Grüssen
753 1778 1104 1868 Ihr ergebener
435 2156 1029 2257 Herrn Dr. Konrad Maril,
444 2227 914 2312 S.Fischer,Verlag.
432 2273 640 2354 Berlin.
2023 561 2451 723 S. Fischer
2973 651 3279 759 12.4.1928.
2319 844 2851 982 Lieber Herr Doktor.
2977 851 3055 930 G.C.P.
2895 922 2996 982 G.C.F.P.
2646 953 3635 1051 Besten Dank für die Uebersendung des
2335 1015 3585 1120 holländischen Briefes, den ich zugleich zurück-
2335 1065 3656 1159 sende. Selbstverständlich bin ich nicht gesonnen,
2338 1114 3589 1201 von Herrn Lugt ein Almosen anzunehmen als wel-
2335 1146 3629 1245 ches ich seine zweiporzentige Ablindung betrach-
2344 1189 3638 1291 ten müsste. Uebrigens bin ich überzeugt, dass wir
2344 1224 3656 1334 zu unserem Rechte kommen müssten. Der "Bernhardi"
2335 1284 3568 1369 ist ja in holländischer Sprache zu einer Zeit
2344 1325 3589 1420 in Holland zum ersten Male aufgeführt worden,
2338 1367 3509 1468 als er noch geschützt war und wir erhielten
2342 1411 3562 1498 regelmässig Tantiemen. (Sie sehen vielleicht
2345 1459 3622 1553 freundlichst gelegentlich in Ihren Büchern nach
2344 1500 3568 1590 wann und wie viel). Es ist kaum denkbar, dass
2352 1549 3626 1645 auch diese holländischen Uebersetzungen, die ge-
2352 1588 3605 1686 schützt waren. 10 Jahre nach Erscheinen des Bu-
2356 1634 3576 1723 ches in Deutschland von einem Tag auf den an-
2354 1675 3628 1778 dern sozusagen frei werden. Dies ist der Stand-
2352 1730 3529 1822 punkt, den Ihr Vertreter meiner Ansicht nach
2354 1767 3518 1870 vor allem betonen müsste. Herr van Lugt ist
2360 1790 3660 1914 gewiss nicht gezwungen, wie er sich Ihrem Vertre-
2368 1852 3658 1942 ter gegenüber ausdrückte, die Gesetze seines Lan-
2365 1900 3594 1986 des zu verbessern, er ist aber noch weniger ge-
2365 1926 3656 2032 zuungen meine Tartiemen einzustecken. Ich erinne-
2372 1995 3557 2082 re mich, dass dieser Herr Lugt sich schon vor
2361 2020 3601 2135 Jahren - ich glaube anlässlich einer holländi-
2372 2082 3557 2172 schen "Reigen -Aufführung - ähnlich benommen
2372 2115 3614 2207 hat. Ich habe leider augenblick nicht Zeit die
2367 2170 3530 2269 Korrespondenz herauszusuchen. Ihr Vertreter
2372 2183 3677 2306 möge, damit die Sache ordnungsmässig weitergeht,
2372 2255 3617 2345 auf Zahlung der gleichen Tantième bestehen, wie
2383 2306 3523 2390 seinerzeit von anderen Gesellschaften für
2383 2356 3555 2446 "Bervhardi" gezahlt wurde. (7 oder 5⅞). Die
2379 2377 3652 2490 Sache muss unbedingt zu Ende geführt werden, auf
2381 2441 3497 2561 die Gefahr hin, dass wir Unrecht behalten.
