3883 3561
2045 656 2461 809 S. Fischer,
2978 795 3304 903 10.10.1931.
2349 1044 3164 1134 Verehrter Herr Doktor Hermann.
2785 1092 2860 1166 Von
2638 1160 3501 1248 Danke sehr für den Mustereinband
3098 1216 3517 1276 t. ich finde die
2344 1215 3103 1293 zu "Flucht in die Finsternis
2342 1255 3536 1355 Zeichnung und die ganze Ausstat-
2349 1311 2791 1392 tung sehr schön.
2638 1367 3530 1454 Was “Spiel im Morgengrauen“ anbe-
2346 1430 3536 1496 langt, so ist es tatsächlich für England noch
2349 1482 3515 1530 frei doch nach einer früheren Abmachung mit
2346 1512 3534 1580 Simon & Schuster hat er ein Optionsrecht auf
2347 1564 3539 1625 meine Sachen auch für England; eine Klausel
2352 1609 3541 1667 die heute nicht mehr gilt. Doch da "Daybreak
2362 1646 3486 1713 (Spiel im Morgengrauen) in Amerika vo etwa
2352 1670 3594 1755 drei Jahren erschienen ist, habe ich vorsichts-
2349 1737 3642 1818 halber in dieser Angelegenheit an Simon & Schus-
2346 1791 2786 1869 ter geschrieben.
2622 1845 3589 1921 Ist die Angelegenheit mit Rökk Rich-
2358 1910 3616 1984 ter (Rundfunk in Italien), unberechtigte Einkas-
2355 1951 3354 2042 sierungen etc.) zum Austrag gekommen?
2606 2022 3542 2103 Haben Sie irgendwelche persönliche
2352 2087 3415 2154 Erfahrungen mit dem Schriftsteller Graix
2362 2093 3512 2201 (Beapel), der sich wegen „Komödie der Worte“
2346 2178 3142 2272 neulich an mich gewendet hat?
2621 2233 3589 2320 Ist die Sache Gisala Nadler (Polen,
2955 2310 3406 2381 weitergediehen?
2365 2304 2896 2391 ("Traum und Schickse,
2625 2362 3493 2476 Ist mit dem Staatsthanter Berlin
2952 2429 3652 2516 ein Vertrag abgeschlossen
2355 2445 2933 2529 über "Gang zum Weiher"
2349 2495 2558 2560 worden!
