3879 3560
585 892 1838 1000 tum von Ihnen, dass ich nur dann das Recht hätte
585 969 1727 1048 den Kontrakt mit Harz zu lösen, wenn ich ihm
581 1015 1736 1096 nachweisen könnte, dass er das Werk nicht in
590 1044 1811 1137 der richtigen Form vertreibt. Der Kontrakt ist
590 1098 1809 1185 mit der bereits erschienenen 100. Auflage erle-
588 1132 1873 1231 digt, ich habe das Recht die 101. Auflage wann und
590 1185 1888 1269 wo es mir beliebt und xxx wäre durch kein Geset:
590 1226 1802 1307 der Welt verpflichtet 200
588 1274 1799 1357 Jahre oder auch nur eines zu warten, bis Harz
588 1315 1844 1398 seine Vorräte abgesetzt hat. Das ist nicht nur
593 1358 1844 1453 logisch, sondern auch juridisch über allem Zwei-
602 1401 1856 1487 fel erhaben. Harz hat ja auch niemals angedroht
600 1446 1874 1533 einen Prozess anzustrengen, sondern nur, falls ein
593 1485 1885 1569 anderer Verlag den "Heigen" herausgäbe,seine Vor-
593 1535 1852 1614 räte billig auf den Markt zu werfen. Was wieder
602 1578 1616 1665 ich ihm nicht hätte verbieten können.)
784 1650 1897 1732 Auch mich hat es herzlich gefreut nach un-
600 1705 1780 1792 gewohnt langer Zeit einen persönlichen Brief
600 1751 1777 1840 von Ihnen zu erhalten. Hoffentlich dauert es
1271 1789 1885 1864 bis wir uns auch
602 1813 1197 1881 nicht mehr allzu lange
602 1837 1849 1924 mündlich wieder, und nicht nur über geschäftli-
609 1881 1566 1983 che Dinge werden unterhalten können.
845 1947 1840 2046 Auf Wiedersehen also hoffentlich noch
600 2013 1821 2113 in diesem Jahre und die schönsten Grüsse von
1007 2103 1158 2190 Ihrem
612 2494 1058 2593 Herrn S.Fischer,
623 2555 811 2622 Verlag.
621 2595 844 2686 Berlin W
2103 592 2540 741 S. Fischer
3207 703 3550 792 18.11.1929.
2317 888 3020 991 Lieber Herr Doktor Maril.
2646 983 3651 1091 Für heute nur die Mitteilung, dass das
2332 1070 3674 1159 "Spiel der Sommerlüfte“ im Laufe der nächsten Zeit
2326 1115 3565 1199 im Deutschen Volkstheater (voraussichtlich mit
2320 1149 3612 1242 Moiess als Kaplan zur Aufführung kommen wird.
2334 1214 3596 1285 Der Tag der Draufführung steht noch nicht fest.
2332 1249 3655 1334 Was Berlin anbelangt, bitte gar nichts zu verfügen
2334 1300 3665 1372 und eventuelle Anfragen direkt an mich zu überwei-
2332 1346 3605 1429 sen. Ich danke für die Uebersendung der Liste,
2341 1387 3653 1463 in den allernächsten Tagen werde ich Ihnen meine
2331 1459 2854 1518 Ergänzung zusenden.
2689 1525 3557 1595 Darf ich Sie zugleich bitten ein
2334 1544 3629 1643 Exemplar meiner gesammelten Schriften (Erzählen-
2338 1597 3629 1681 des, die neue Ausgabe, im schönen Einband) an Frau
2341 1653 3656 1730 Suanne Clauser,Wien IV.Viktorgasse 1,ehebaldiget
2346 1693 3677 1766 zusenden zu wollen. Frau Clauser hat in der letz-
2344 1744 3687 1809 ten Zeit einen grossen Teil xxx kürzeren Novellen
2344 1778 3660 1864 ins Französische übersetzt; eine Anzahl sind im "
2353 1826 3631 1905 "Gringroi" und in der “Revue de France“ erschie-
2343 1878 3653 1945 nen,ein Band,,10 dieser Novellen enthaltend,er-
2336 1921 3629 1986 scheint im Januar bei Stock. Dass "Beate und ihr
2332 1957 3581 2029 Sohn“ bei Attinger herausgekommen ist, habe ich
2338 1993 3653 2087 Ihnen wohl schon geschrieben, Demnächst erscheint
2341 2065 3195 2132 dort auch "Casanovas Heimfahrt“.
2693 2118 3567 2207 Ueber alles andere, auch über die
2351 2164 3686 2257 "Reigen"-Sache allernächstens. Oder würde es nicht
2322 2223 3617 2310 vielleicht genügen, wenn wir einander die Briefe
2338 2262 3713 2351 vom vorigen Jahr uns gegenseitig zuschioken würden?
2334 2322 3343 2418 Die Datierung könnten wir ja ändern.
2696 2382 3308 2492 Mit herzlichen Grüssen
2691 2461 2790 2536 Ihr
2350 2567 2950 2667 Herrn Dr. Konrad Maril.
2356 2634 2828 2720 Fischer, Verlag.
