3915 3560
2131 685 2618 790 P. Tischer
3171 736 3439 838 8.1.1931.
2353 931 2939 1036 Lieber Herr Dr. Maril.
2703 1040 3554 1128 Von einer römischen Sendung der
2368 1120 3632 1198 "Weihnachtseinkäufe" ist mir nicht das Geringste
2364 1140 3704 1226 bekannt, ich persönlich habe überhaupt noch niemals
2359 1195 3677 1283 einen Hjndfunkvertrag gemacht. Wegen Bundfunksen-
2364 1248 3657 1310 dung von "Fräulein Else" hat natürlich Zsolnay
2364 1290 3689 1368 interveniert. Ich bitte Sie also in dem von Ihnen
2363 1346 3422 1423 erwähnten Fall meine Rechte zu wahren,
2714 1373 3736 1483 Darf ich Sie auch in der Angelegenheit
2364 1448 3641 1531 des hovellenbuches bemühen, über die ich gestern
2371 1505 3659 1575 an Dr. Hermann geschrieben habe? Man glaubt hier,
2371 1543 3637 1625 dass der Unterschied von Mk.2.85 und 3.75 sich
2368 1580 3659 1666 im Verkaufe sehr erheblich auswirken könnte, dass
2371 1615 3694 1710 also der billigere Preis für uns alle von Vorteil
2368 1675 3706 1768 wäre. Diese Meinung stammt aus Buchnändlerkreisen.
2696 1746 3029 1846 Besten Gruss
2721 1820 2816 1893 Ihr
2454 2048 3064 2153 Herrn Dr.Konrad Maril,
2459 2128 2928 2203 S.Fischer,Verlag,
2486 2176 2689 2253 Berlin.
