3880 3688
2227 795 2608 881 Tischer
3317 876 3576 968 5.9.1931.
2413 1057 2951 1163 Lieber Herr Doktor.
2736 1173 3797 1264 Sie wissen, wie sehr mir die Zeichnungen
2418 1225 3802 1313 von Hans Meid immer gefallen haben und wie gebungen.
2291 1294 3666 1354 ich insbesondere seine auf meine Werke bezüglichen
2427 1328 3754 1409 Illustrationen finde. So darf ich ebenso freimütig
2431 1370 3681 1449 gestehen, dass die Umschlagzeichnung zur "Flucht
2394 1411 3707 1489 in die Finsternis“ mir nicht sonderlich geeglückt
2396 1452 3738 1528 scheint, weder vom buchhändlerisch-praktischen, noch
2393 1485 3757 1580 vom rein künstlerischen Standpunkt. Meiner Empfindung
2398 1542 3759 1625 nach wären aus der Novelle selbst dankbarere Motive
2394 1589 3752 1663 zu gewinnen gewesen. Und wenn es noch Zeit wäre - wa
2394 1632 3733 1704 ja wahrscheinlich nicht der Fall ist - würde ich
2394 1670 3752 1746 mir selbst Vorschläge erlauben. Wenn aber an dem vo
2394 1716 3752 1785 liegenden Bilde noch etwas zu ändern wäre,so glaube
2398 1754 3760 1832 ich, dass die Haltung resp. die Stellung, die Robert
2389 1797 3729 1872 einnimmt, sich zeichnerisch eindrucksvoller und zu-
2394 1858 3360 1939 gleich natürlicher gestalten liesse.
2734 1920 3764 2022 Mit Legal hatte ich über "Gang zum Wei
2389 1966 3731 2048 her" und "Medardus" korrespondiert und ihn ersucht
3171 2027 3728 2087 Verbindung zu setzen.
2403 2041 3102 2104 sich persönlich mit mir in
2398 2068 3714 2139 Sie wissen ja, dass ich Berlin, ebenso wie Wien, mir
2401 2106 3766 2179 immer vorbehalten habe, die Fälle ausgenommen, wo ich
2403 2149 3766 2217 den Verlag Fischer bitte die Ange
2398 2199 3735 2268 legenheit zu behandeln und abzuschliessen. Da sich
2401 2236 3752 2313 nun Legal an Sie gewandt hat überlasse ich es auch
2403 2275 3759 2363 Ihnen eventuell abzuschliessen. In welchem Falle, un-
2398 2325 3683 2396 serer Abmachung gemäss, wie Immer für Berlin eine
2403 2365 3774 2434 5/5ige Provision für Sie in Anrechnung käme. In jede
2399 2408 3742 2477 Fall lege ich wert darauf, dass die Intendanz sich
2405 2448 3778 2531 in Besetzungsfragen mit mir persönlich ins Einverne###
2399 2512 2672 2598 men setzt.
2712 2510 3774 2606 Mit der von Ihnen vorgeschlagenen Rege-
2401 2586 3678 2648 lung. Druck von 15000 Exemplaren stat: der früher
2413 2629 3785 2708 vorgeschlagenen 20.000 der neuen Hovelle, bin ich na-
2403 2684 3005 2762 türlich einverstanden.
