3898 3576
2734 639 3079 761 Baut
2086 627 2480 793 Fischer
3114 717 3407 832 14.4.1930.
2349 933 2927 1037 Lieber Doktor Maril.
2739 1016 3790 1120 Ich bestätige hiemit den Auszug aus den
2369 1083 3737 1176 Einnahmen der Zentralstelle, sowie den Empfang Ihrer
2374 1129 3759 1219 Verrechnung vom 12. April. Einiges ist mir nicht ganz
2372 1173 3660 1291 klar und ich bitte Sie um gefällige Aufschlüsse.
2716 1219 3691 1349 1. Wiese sind durch die Zentralstelle
2372 1293 3750 1404 10% von meinen Tantièmen bei den å Konto-Zahlungen
2377 1344 3750 1464 (1000 plus 750 plus 750) abgereohnet worden?
2372 1425 2879 1517 xxx xxxx
2718 1434 3782 1554 2. Wieso figurieren in Ihrer Abrechnung
2381 1521 3755 1616 die Tantièmen nur bis zum 16. März d.J., während doch
2383 1551 3794 1653 um der Abrechnung der Zentralstelle auch die Vorstel-
2386 1602 3785 1708 lungen vom 17. März bis 31. durch Schecks vom 4.April
2384 1669 3218 1756 und 9,April gedeckt erscheinen?
2704 1719 3755 1823 3. Auffallend erscheinen jedenfalls die
2395 1779 3762 1879 verhältnismässig geringen, von Theater selbst ausge-
2399 1814 3762 1911 wissenen Abendeinnahmen bei einem Stück, das es auf
2392 1867 3713 1962 mehr als 60 Aufführungen gebracht hat. Auffallend
2393 1906 3808 2010 sage ich, weil der Direktor selbst sich anlässlich des
2399 1952 3808 2054 Stückes. in dem Frau Massary auftrat, zu Siegfried Tre-
2407 1987 3817 2089 bitsoh geäussert hat, dass seine Samstag-und Sonntags.
2402 2040 3794 2144 Einnahmen in der Königgrätzerstrasse sich nie unter
2402 2089 3801 2195 6-7000 Mark und dass die Wochentagseinnahmen
2402 2127 3796 2225 sich zwischen 4-500 Mark bewegen. Wie unverhältnis-
2404 2160 3815 2277 mässig erscheint dagegen der Ausweis über "Bernhardi"
2402 2220 3771 2326 wo nurdratimal die Abendeinnahme über 3000 Mark er-
2411 2247 3827 2360 geben hat (am 1. Februar 3005, am 22.Febr.3232.-,am 8.
2402 2312 3704 2399 März 3269.-Mark). Dass sel bet die ausverkauften
2402 2319 3813 2460 Sonntagshäuser hier kaum die Hälfte der Einnahmen des
2404 2392 3787 2492 früheren Stücks erreicht haben sollten, erscheint mir
2404 2441 3785 2554 merkwürdig. Es liegt mir natürlich fern irgendetwas
2404 2485 3787 2584 wie eine Inkorrektheit anzunehmen, aber ist es nicht
2407 2529 3826 2623 möglich, dass hier Irrtümer geschehen? Man hat es mehr
2406 2566 3815 2701 als einmal erlebt, dass die Abonnementsbeträge in die
