3898 3576
656 880 2017 1006 als wir zwei andere Chanoen gerade hinsichtlich des
658 950 1911 1032 “Bernhardi“, eine geringere am Staatstheater und
661 1000 1893 1086 eine sehr wesentliche für das nächste Jahr bei
652 1070 1425 1162 Klein mit Bassermann hatten.
896 1119 1948 1208 Es ist mir auch nicht klar,ob Barnowsky
663 1190 1948 1269 noch andere Verpflichtungen hat als gegen mich,
665 1203 1977 1307 insbesondere ob den Arbeitern an seiner Blhne und
672 1267 1922 1387 den Schauspielern Geld schuldig geblieben ist.
907 1314 1948 1427 Irgendwelche Rücksichten gegenüber Bar-
676 1396 1932 1479 nowsky scheinen mir aus einer ganzen Anzahl von
672 1436 1931 1529 Gründen durchaus unangebracht. Das Vorgehen und
685 1481 1956 1565 Benehmen Barnowskys mir gegenüber im Lauf dieser
676 1511 1988 1608 letzten Jahre dieser Mangel an primitivster Höf-
683 1568 1884 1656 lichkeit gegenüber einem Autor, der vielleicht
685 1606 1993 1699 auch auf mehr als auf Höflichkeit Anspruch machen
685 1649 1948 1742 dürfte, die komische Ueberheblichkeit,mit der er
681 1699 1988 1789 sich allen Ernstes einbildete durch die Verweige-
688 1739 1954 1832 rung einer eventuellen Aufführung von "Fräulein
687 1792 1895 1873 Else“ Grund zur Entrüstung mir (und Elisabeth
692 1809 2131 1918 Bergner) gegenüber zum Ausdruck zu bringen, nur zu duchen
688 1893 1882 1963 sind keineewegs geeignet meiner persönlichen
692 1911 2002 2002 Sympathis, so weit sie noch bestandenhat,besonders
694 1943 2078 2052 förderlich zu sein. Dazu kommt, dass die Aufführungen
688 2013 1999 2090 letzte Aufführungserie des "Bern-
697 2052 1981 2140 hardi" in Berlin so ziemlich in rein materiellem
697 2101 1977 2176 Sinne die beinahe einzige erheblichere Einnahme-
687 2142 1957 2224 möglichkeit bedeutete, die im Laufe der letzten
697 2194 1981 2273 Jahre in Berlin, ja in ganz Deutschland beinahe,
701 2221 2034 2314 in Betracht gekommen ist und ich nicht die gering-
701 2271 2029 2361 ste Lust verspüre gerade um diese gebracht zu wer-
706 2316 1999 2395 den. Endlich zweifle ich nicht daran, dass es für
699 2350 2017 2443 Barnowsky keine besonderen Schwierigkeiten haben
706 2391 2040 2492 dürfte sich einer Schuld zu entledigen, die im er
710 2440 2051 2529 meines Erachtens unter allen aus den hier angedeu-
697 2495 2026 2585 teten Gründen als die allerdringendste
710 2567 1188 2633 empfinden müsste.
982 2583 2020 2682 Falls die Angelegenheit aber nicht auf
744 2640 1934 2766 bürzestem Wege in meinem Sinne erledigt sein
934 2723 1776 2846 sage in meinem ganz alldig sein
3476 796 3689 866 Fischer
3483 828 3730 914 5.3.1930.
3481 896 3682 968 Matt 2
2510 955 3732 1034 sollte, erkläre ich ausdrücklich mir sämtliche
2510 1009 3741 1102 mir geeignet erscheinenden Schritte ohne wei-
2513 1059 3359 1131 tere Verzögerung vorzubehalten.
2698 1129 3741 1217 Ich glaube mit diesem Briefe Ihnen zu-
2510 1183 3675 1266 gleich in dem von Ihnen gewünschten Sinne
2508 1231 3087 1323 geantwortet zu haben.
2683 1287 3304 1405 Mit herz.lichem Gruss
2714 1361 3225 1450 Ihr sehr ergebener
2488 2004 3085 2104 Herrn Dr. Konrad Maril,
2486 2056 2958 2149 S.Fiecher,Verlag.
2483 2097 2707 2190 Berlin.
