3887 3512
2313 534 2540 641 2874
2110 616 2599 700 F. Tischer
3152 669 3429 773 7.6.1928.
2794 694 3052 816 Niesch
2856 791 2972 869 Esq
2895 880 3154 991 Kuger
2344 892 2744 1009 Lieber Freund.
2722 971 3725 1060 Bin Herr, namens Cornela Albrecht Mit-
2328 1025 3713 1119 sehe aus Braunschweig schreibt mir, dass er an einem
2326 1075 3731 1155 grösseren Werke arbeitet, das die "literaturgeschich-
2328 1123 3748 1205 te und Biographie des 19. und 20. Jahrhunderts“ zusam-
2326 1182 3675 1241 menfassen solle, und wünscht dafür eine Manuscript-
2326 1210 3682 1280 seite zur Verfügung gestellt, sowie allerlei Fragen
2322 1258 3754 1344 beantwortet. Ist Ihnen der Name dieses Herrn bekannt!
2695 1324 3636 1414 Ferner schreibt mir Prof. Dr. Eduard
2319 1371 3679 1480 Engel, dass er für eine Neuauflage seiner deutschen
2320 1440 3690 1526 Eiteraturgeschichte meine Arbeiten aus den letzten
2331 1487 3632 1548 12 Jahren benötige. Wie pflegen Sie sich solchen
3527 1524 3618 1583 G.F.P.
2328 1532 3277 1601 Forderungen gegenüber zu verhalten?
2704 1599 3690 1680 Ich finde in meiner "Reigen"-Korres-
2328 1644 3659 1728 pondenz einen Brief meines Anwalts Dr.Nosenberger
2340 1699 3686 1787 vom 11.12.1926, aus dem hervorgeht, dass damals sich
2331 1744 3636 1812 bei Harz noch 4521 Exemplare auf Lager befanden.
2335 1799 3672 1851 Darnach scheint es, dass Harz Im Laufe der letzten
2340 1837 3593 1896 anderthalb Jahre fast kein oder überhaupt kein
2331 1860 3686 1946 Exemplar mehr abgesetzt hat - ein neuer Beweis da-
2340 1928 3695 1985 für, dass sein Lagerbestand zum Teile oder gänzlich
2337 1976 3722 2022 auf irgend eine Weise seiner persönlichen Verfügung
2340 2013 3668 2080 entzogen ist. Hierüber mehr, wenn ich Ihre Antwort
2335 2060 3477 2142 auf mein letztes Schreiben in Händen habe.
2708 2117 3374 2210 Mit herzlichsten Grüssen
2710 2201 2810 2265 Ihr
2335 2347 2963 2462 Herrn S.Fischer,Verlag.
2329 2428 2553 2501 Berlin.
