3832 3496
2441 543 2614 636 G.C.P.
2562 576 2836 717 G.H.F.P
2472 617 2583 698 be
2960 602 3204 706 S.Fischer
584 745 724 835 G.C.F.P.
2398 728 3287 844 10. Trotzdem die nähnische Angelen.
360 767 1785 915 nachdenken. Wie ist das nun mit der Honorarfrage bei
2173 767 3592 900 „Spiel im Morgengrauen“ schon vor einem Jahre erledig
370 835 1689 942 diesen Gesemelten Werken in Einzelausgaben? Hier
2171 852 3601 948 und die Summe von 150 Mk. mir verrechnet wurde, glaube
371 878 1735 990 können natürlich nicht die Bestimmungen gelten, die
2178 892 3588 994 ich doch, dass wir Bedingungen dieser Art prinzipiell
379 915 1751 1033 seinerzeit über die Zahlungsbedingungen der Gesamt-
2175 935 3592 1040 nicht akzeptieren sollten. Dergleichen Honorare sind
2184 981 3575 1114 eigentlich nicht viel bessere als ein Alibi für Dieb
377 1003 1343 1110 ausgabe xxxxkkssss getroffen wurden.
671 1033 1822 1158 4. Zum Fälle Rökk Richter lege ich die Ab-
2180 1075 2359 1144 stall.
386 1112 1744 1218 schrift eines Briefes bei, den ich heute an ihn ge-
2537 1077 3577 1197 Über „Therese“ habe ich persönlich mit
2411 1142 2502 1201 11
392 1125 1835 1264 richtet habe. Ich glaube, Sie schrieben mir seinerzeit
2178 1164 3577 1301 Pantneon (7½ mit Garantie von S.1500.-) abgeschlos-
388 1199 1807 1297 auch über Verhandlungen mit ihm, nicht aber von einem
2184 1249 2311 1328 sen.
2457 1254 3628 1387 12. In Amerika erscheint "Therese" wie alle
395 1280 728 1376 Abschluss:
730 1301 878 1378 G.C.F.P.
695 1293 1820 1421 5. Gibt es -Neues in der holländischen An-
2189 1356 3394 1467 meine letzten Novellen bei Schuster & Simon.
3466 1338 3651 1406 G.C.H.F.P
325 1362 1801 1491 gelegenheit "Bernhardi«? Wenn dieser Herr Lugt (mit
412 1402 1868 1528 dem ich schon vor Jahren mit unberechtigten Aufführun-
2455 1387 3662 1506 13. Ueber “Cananovas Heimfahrt“ habe ich mit
405 1463 1772 1576 gen des "Beigen" üble Erfahrungen gemacht zu haben
2193 1465 3606 1569 Nathan- und Morris Rémon abgeschlossen in Frankreich.
412 1491 1799 1617 glaube) nicht zahlen will, mochte ich die Sache doch
2211 1508 3538 1611 (Ich glaube nicht, dass die verramschten Exemplare
406 1554 1846 1681 durch einen holländischen Rechtsfreund weiter verfol-
2223 1524 3708 1642 „Casanova“ in der üblen Kriegsausgabe einem anständigen
2204 1605 3564 1696 Neudruck in hübscher Ausstattung Konkurrenz machen
418 1629 968 1720 gen lassen.
2204 1642 3562 1740 könnten, Uebrigens existieren auch die "Schwestern"
1467 1652 1622 1700 G.C.F.P.
950 1654 1145 1722 G.C.H.
750 1674 844 1729 G.H.F.P
689 1659 1883 1775 6. Ich finde in meinen Aufzeichnungen keine
491 1690 654 1742 G.C.F.P
2211 1689 3562 1781 ("Casanova in Spa") in einer solchen schon an sich
2204 1738 3658 1831 kaum mehr heute verkäufligen Ausgabe. Die Entschlies-
405 1722 1827 1846 Antorisationserteilung an Lawrence M.Price, Berkeley
423 1742 1868 1888 für "Geronimo", Ich glaube nicht, dass. die für xxxx
2210 1790 3279 1905 sungen stehen natürlich ganz bei Ihnen.
456 1816 1848 1921 die englischen Schulen erteil
434 1868 1816 1966 te Autorisation uns für Amerika im geringsten hin-
2466 1836 3645 1951 Und nun ist es vielleicht schon an der Zeit
434 1901 1846 2012 dert. Eine Autorisation für die amerikanischen Schu-
2210 1918 3516 2016 nach Ihren Som erplänen zu fragen. Ich habe eine
460 1949 1842 2051 en existiert hineichtlich "xxxan (Alfred A,Knopf),
2208 1966 3569 2051 schöne Schiffereise hinter mir, wie Sie wissen gehe
2221 1993 3597 2093 vielleicht im Lauf des Juni für ein paar Tage ins Ge-
436 2008 1668 2104 (Kakdu", "Parazelsus" Gefährtin") doch ist die
438 2014 1855 2169 Ausgabe bisher weder erschienen noch bezahlt worden.
2221 2051 3616 2139 birge und bleibe dann bis gegen den Herbst in Wien.
2226 2095 3597 2228 Ich hoffe, es geht Ihnen Ellen gut und bin mit herz-
992 2115 1083 2169 G.C.F.P.
748 2093 1912 2219 7. Haben Sie betreffs „Therese“ aus Holland
2210 2167 2657 2263 lichen Grüssen
440 2199 1134 2311 Näheres gehört?
913 2248 1022 2308 G.H.F.P.
711 2230 1881 2396 8. Hat sich Melantrich, Czecholsowakei wie-
1478 2328 1648 2374 G.C.F.P.
1042 2350 1219 2396 G. A. M.
442 2346 863 2452 der gemeldät?
837 2357 1842 2490 Auch betreffs Schweden habe ich eine
2527 2424 2631 2485 cher
2365 2420 2494 2509 S.F.S.
445 2446 1794 2546 Anfrage von Dr. Sulzbach erhalten. Hat Linden noch
477 2463 1897 2592 ein Optionsrecht? Wie lange währt eine solche Option?
495 2527 1901 2657 at er sich in der Rantfunksache irgendwie geäussert?
