3887 3512
2256 471 2489 652 2/2/4
2060 567 2152 671 1
2067 618 2458 734 J. Tischei
2995 621 3284 732 9.6.1928.
2666 713 2976 829 Allerle
2232 856 2799 979 Lieber Doktor Maril.
2611 979 3526 1069 1. Herr Rökk Richter benimmt sich
2244 1033 3604 1119 konsequent. Auch mir hat er nicht geantwortet. Ich
2251 1085 3597 1159 bitte nun sich unverzüglich in dieser Sache an die
2247 1131 3581 1221 in Betracht kommende italienische Gesellschaft zu
2254 1204 2453 1280 wenden.
2623 1230 3553 1329 2. An Lugt bitte ich zu schreiben,
2246 1285 3521 1387 dass Sie die Zeige Tantiene als einen Vorschuss
2249 1336 3578 1438 auf die von uns verlangten 5 (oder 7)% betrachten
2251 1396 3562 1481 und innerhalb der nächsten drei Wochen Ergänzung
2254 1455 3306 1548 verlangen, dann wollen wir weiter sehen.
3372 1503 3588 1583 "There-
2630 1505 3393 1600 3. 300 Gulden Pauschale für
2252 1573 3569 1661 se" Holland, wäre natürlich zu wenig. Ich erwarte
2263 1621 3557 1692 nun Entscheidung, resp. einen Vorschlag von Alice
3085 1652 3585 1723 "Casanova" „Traumno-
2263 1668 3053 1761 v. Nahuys (die auch "Graesler"
2266 1690 3540 1785 velie übersetzt hat und an die Sie wohl, meiner
2263 1730 3588 1839 Bitte entsprechend, ein Exemplar geschickt haben?)
2633 1816 3526 1925 4. Czechoslowakei ist also noch
2256 1882 2410 1977 frei.
2645 1945 3571 2047 5. Ich dachte Linden hätte ein all
2254 2029 3512 2131 gemeines Optionsrecht; umso besser wenn nicht.
2645 2085 3095 2201 6.,7. erledigt.
2635 2164 3572 2263 8. Die Briefe von Herrn Merwin und
2266 2209 3655 2310 Fräulein Rosenzweig folgen hier zurück; ich glaube,
2277 2287 3655 2360 wir sollten (suerst von Herrn Dr. Mervin) für "The-
2259 2323 3548 2400 rese" 7ige Tantième garantiert bei Abschluss
2396 2372 3206 2470 mindestens 800 Mark verlangen.
3090 2420 3562 2524 Koller fragen Sie
2946 2455 3040 2514 „Pau
2732 2448 2894 2528 Herr 1
2268 2472 3621 2623 Vielleicht gütigst,ob er mit Pariser Verlegern in
