3869 3561
517 903 1790 979 Buchausgabe vorbereitet werden, die Feststekungg
525 968 1705 1012 des Erscheinungstermine aber mir vorbehalten
528 999 1709 1051 bleiben, Zusendungen dieser Exemplare an die
517 1051 1758 1094 Sühnen dürften bis auf weiteres erst mit mei-
525 1099 1795 1144 ner Zustimmung oder in meinem Auftrag geschehen.
518 1133 1748 1184 Eine eventuelle Uraufrührung würde ja doch nur
522 1176 1753 1230 in einer der grösseren Städte erfolgen. Es hat
518 1218 1785 1280 sich bisher wenigstens bei meinen Stücken abso-
522 1257 1802 1319 lut nicht bewährt vor einer solchen Uraufführung
522 1305 1615 1360 den Direktoren oder Dramaturgen kleinerer
531 1344 1807 1400 Bühnen ein neues Stück einfach zur Ansicht zuzu-
522 1386 1759 1450 senden. Ob man gelegentlich dem einen oder dem
522 1432 1646 1489 andern Theater Korrekturbogen zur Einsicht
531 1485 1798 1534 wird überlas en können, bleibe späterer Entschei-
525 1521 1798 1578 dung vorbehalten. Eine gwisse Anzahl der Bücher,
525 1573 1803 1625 die Bühnen zur Verfügung gestellt werden sollen.
522 1612 1779 1679 xxx könnteh mir wohl als Freiexemplare zugebil-
522 1656 852 1731 ligt werden.
760 1718 1839 1790 Das Stück ist nicht sehr lang, drei Akte;
518 1774 1810 1834 eine einzige Dekoration, sechs Personen, abendfül-
517 1825 1816 1877 lend. Es läge mir natürlich daran, wenn der Druck
525 1866 1836 1921 so rasch als möglich bewerkstelligt und in leicht
525 1910 1781 1973 versendbaren gleichmässigen Fahnen durchgeführt
517 1957 1782 2009 würde. Ich würde Ihnen das Stück als Ganzes zu-
522 1993 1763 2049 senden und wünsche sehr auch die Korrektur als
518 2036 1769 2106 Ganzes zu empfangen. Bitte sagen Sie mir recht
528 2080 1815 2147 bald innerhalb xxxx welchen Zeitraums das Buch
528 2122 1810 2199 - es wird zirka 8 Bogen umfassen - fertiggesetzt
526 2171 862 2251 sein könnte.
871 2230 1413 2327 Mit herzlichem Gruss
871 2302 1365 2376 Ihr sehr ergebener
522 2446 1130 2551 Herrn Dr. Konrad Maril,
528 2523 999 2600 5.Fischer,Verlag,
523 2569 729 2645 Berlin.
1996 656 2838 782 Cayser, Fischer
3178 731 3473 831 8.8.1929.
2549 782 3121 898 Holmsch Stof¬
2333 876 2938 989 Verrehrter Herr Kayer.
2627 992 3566 1079 Dass ich Sie in Wien nicht gesehen
2336 1069 3594 1141 habe, hat mir sehr leid getan. Ueber meine Mit-
2349 1099 3479 1192 arbeiterhaft an einem Gedächtnisheft für
2343 1127 3595 1231 Hofmannsthal kann ich Ihnen beim besten Willen
2349 1195 3587 1270 noch nichts sagen. Es ist mir unendlich schwer
2351 1246 3540 1310 Dinge zu schreiben, wie sie bei einem solchen
2349 1280 3556 1352 Anlass erwartet und gefordert werden. So viel
2349 1326 3566 1400 ich weiss oder annehme werden wohl bei dieser
2348 1373 3540 1452 Gelegenheit nicht nur Essays und dergleichen
2364 1406 3569 1488 erscheinen, sondern wohl auch Briefe von Hof-
2354 1457 3501 1530 mannsthal und es wäre nicht ganz undeukbar,
2354 1485 3519 1576 dass einer oder der andere von Hofmannsthals
2354 1547 3532 1620 an mich gerichteten Briefen sich zur Veröffe
2354 1576 3648 1658 lichung in einem solchen Heft eignen könnte. Ich
2359 1633 3489 1705 habe alle diese Briefe jetzt an Frau Gerty
2358 1679 3600 1756 Hofmannsthal geschickt, will aber nichts unter-
2354 1723 3499 1790 nehmen, bevor ich mit ihr schriftliche oder
2361 1759 3541 1838 lieber noch mündliche Rücksprache gepflogen.
2361 1812 3626 1908 Was ich Ihnen also hier gesagt habe iet durch-
2361 1869 2884 1949 auch unverbindlich.
2655 1942 3263 2005 Mit herzlichen Grüssen
2654 1990 3162 2063 Ihr sehr ergebener
2366 2238 2889 2323 Herrn Rudolf Kayser
2390 2302 2861 2364 ie Neue Hundschau.
2376 2349 2843 2428 Fischer, Verlag,
2376 2397 2578 2472 Berlin.
