3890 3560
2089 616 2502 778 T. Fischer
3183 815 3486 912 24.5.1930.
2450 815 2809 902 Fischer-Harz,
2457 937 3100 1046 Für Dr. Norbert Hofmann.
2447 1068 3768 1152 1. Ich bin nach wie vor bereit von den 4000 Mark,
2450 1143 3712 1210 die Harz für xxxx die noch bei ihm erlie-
2454 1192 3640 1259 genden Hestexemplare fordert die Hälfte d.i.
2450 1229 3035 1311 Mk. 2000.- zu zahlen.
2447 1302 3701 1374 2. Nach Empfang der 4000 Mark hat Harz eine Er-
2447 1361 3701 1408 klärung auszustellen, dass (wie übrigensaus un-
2454 1401 3691 1465 serem Vertrag hervorgeht, nach dem von der 101.
2447 1443 3662 1491 Auflage an das Verlagsrecht "Reigen" uneinge-
2450 1476 3784 1545 schränkt an mich zurückfällt) das Urheberrecht nun-
2450 1538 3692 1595 mehr sich in meinem ausschliesslichen Besitze
2447 1578 2830 1655 sich befindet.
2457 1642 3711 1731 3. Die neue Ausgabe bei Fischer hat spätestens
2454 1712 3339 1788 30. September d.J. zu erscheinen.
2419 1769 3764 1855 4 Es bleibt vorbehalten,ob er zu dieser Jusgabe die
2447 1851 3719 1910 noch vorhandenen Exemplare Harz nach ausgewech¬
2447 1886 3734 1942 seltem Titelblatt, Verlag Fischer verwenden will,
2454 1940 3724 2014 oder ob die ganzen Exemplare einfach vernichtet
2454 1978 2839 2060 werden sollen.
2450 2037 3726 2116 5. Die Bedingungen für die Herausgabe des "Rei:
2457 2107 3779 2169 gen bei Fischer sind konform mit den Bedingungen
2457 2154 3737 2219 über meine anderen bei Fischer erschienenen Wer-
2449 2198 2546 2261 ke.
