3869 3561
3424 660 3542 795 A
1972 625 2356 788 S. Fischer
2747 710 3136 823 cope 1m
3089 773 3413 859 2.3.1929.
2214 941 2924 1045 Lieber Herr Doktor Maril.
2571 1066 3571 1160 Ich danke für Ihre Nachricht, dass die
2222 1113 3559 1219 Abrechnung für "Die grosse Szene" von der Societa
2228 1182 3464 1243 italiana degli Autori eingetroffen ist und für
2228 1217 3530 1288 sechs Auffuhrung einen Betrag von Lire 95.37 otm
2235 1267 3552 1337 zirka 25 Mark) ausweist. Sie haben gewiss recht,
2288 1320 3537 1368 wenn Sie sagen, dass die Nachforschung nach den
2231 1354 3415 1415 Gründen, vielmehr nach der Richtigkeit dieses
2228 1398 3580 1467 kläglichen Ergebnisses mehr Arbeit und Mühe kosten
2228 1460 3528 1502 würde, als das (finanzielle) Resultat am Ende wert
2231 1493 3408 1549 wäre; trotzdem glaube ich nicht, dass wir die
2228 1511 3624 1601 Sache auf sich beruhen lassen dürfen. Es ist selbst-
2240 1583 3551 1636 verständlich recht belanglos,ob wir am Ende durch
2228 1632 3545 1679 Energie 1 oder 200 Lire mehr herausbekommen könn-
2238 1670 3547 1726 ten oder nicht, aber es kommt ja auch nicht darauf
2231 1707 3575 1787 an, sondern auf die Frage, ob man sich wirklich jede
2228 1757 3502 1811 Lumperei von gewissen Subjekten gefallen lassen
2235 1809 3570 1860 soll oder sie zum mindesten nicht in Zweifel darü-
2228 1851 3547 1898 ber lassen, dass man sie für Lampem hält. Sie müss
2238 1887 3556 1950 ten wohl, lieber Herr Doktor Maril, von der Societa
2226 1936 3485 1986 eine genaue Aufstellung verlangen, Eventuell
2231 1981 3514 2054 beglaubigte Abschriften der Theaterabrechnungen,
2577 2021 3523 2077 Grund dieser lächerliche Betrag für
2231 2026 2492 2077 aus deren
2235 2040 3502 2120 6 Aufführungen, wenn auch nur eines Einakters, an
2228 2115 3495 2170 Sie überwiesen worden ist. Selbst wenn auf uns
2228 2162 3615 2212 pro Abend nur 2 1/0 Tantième entfiele - es lässt sich
2231 2207 3535 2268 unschwer berechnen, dass Einnahmen solcher Art an
2231 2229 3580 2297 einem noch so, kleinen Theater in Rom kaum denkbar
2231 2285 3533 2340 sind. Wo, sagen wir, das Versehen erfolgt ist, kann
2231 2323 3606 2391 ich natürlich nicht bestimmen. Jedenfalls erinnere
2231 2377 3561 2429 ich daran, dass ich den Uebersetzer die Autorisa-
2235 2420 3587 2483 tion auf Grund meines von ihm erhaltenen Eindrucke
2231 2469 3585 2518 verweigert habe, dass Sie ohne Einholung meiner Zu-
2228 2514 3582 2578 stimmung ihm diese Autorisation erteilten und dass
2228 2561 3559 2613 der Vertrag, den Sie mit ihm schlossen, eigentlich
2226 2611 3582 2681 schon abgelaufen war, als er davon Gebrauch machte.
2577 2662 3049 2757 Mit herzlichen C
