<?xml version="1.0" encoding="UTF-8" standalone="yes"?>
<PcGts xmlns="http://schema.primaresearch.org/PAGE/gts/pagecontent/2013-07-15" xmlns:xsi="http://www.w3.org/2001/XMLSchema-instance" xsi:schemaLocation="http://schema.primaresearch.org/PAGE/gts/pagecontent/2013-07-15 http://schema.primaresearch.org/PAGE/gts/pagecontent/2013-07-15/pagecontent.xsd">
    <Metadata>
        <Creator>prov=READ-COOP:name=TrHtr:version=2.1.0:model_id=51170:date=27_07_2023_17:40</Creator>
        <Created>2023-05-02T08:01:10.577+02:00</Created>
        <LastChange>2023-07-27T17:40:21.632+02:00</LastChange>
        <TranskribusMetadata docId="1416741" pageId="54952591" pageNr="36" tsid="131275829" status="IN_PROGRESS" userId="64420" imgUrl="https://files.transkribus.eu/Get?id=CIDOXJGKKVZABOYIYTTZNIZZ&amp;fileType=view" xmlUrl="https://files.transkribus.eu/Get?id=QIBHNTNWMIVQWPOZJOJVOOSH" imageId="44456317"/>
    </Metadata>
    <Page imageFilename="1416741_0036.jpg" imageWidth="3883" imageHeight="3497">
        <ReadingOrder>
            <OrderedGroup id="ro_1711827606629" caption="Regions reading order">
                <RegionRefIndexed index="0" regionRef="tr_1"/>
            </OrderedGroup>
        </ReadingOrder>
        <TextRegion id="tr_1" custom="readingOrder {index:0;}">
            <Coords points="170,612 3658,612 3658,2543 170,2543"/>
            <TextLine id="tr_1_tl_1" custom="readingOrder {index:0;}">
                <Coords points="3059,706 3131,701 3146,687 3157,692 3174,682 3184,689 3215,667 3224,674 3350,670 3352,620 3294,627 3268,610 3213,622 3141,620 3124,632 3062,612"/>
                <Baseline points="3070,674 3085,671 3129,674 3174,671 3219,668 3264,665 3309,662 3353,668"/>
                <TextEquiv>
                    <Unicode>29.3.1928.</Unicode>
                </TextEquiv>
            </TextLine>
            <TextLine id="tr_1_tl_2" custom="readingOrder {index:1;}">
                <Coords points="2007,692 2084,677 2118,701 2183,703 2519,672 2517,614 2391,619 2343,596 2302,614 2247,596 2170,651 2104,636 2067,650 2005,629"/>
                <Baseline points="2017,665 2061,671 2106,677 2151,677 2196,677 2240,674 2285,674 2330,677 2375,677 2419,680 2464,680 2509,686 2524,680"/>
                <TextEquiv>
                    <Unicode>J. Tischer,</Unicode>
                </TextEquiv>
            </TextLine>
            <TextLine id="tr_1_tl_3" custom="readingOrder {index:2;}">
                <Coords points="2679,692 2721,672 2780,701 2867,670 2910,708 2948,721 2973,709 2977,552 2937,554 2895,528 2836,548 2775,531 2682,535"/>
                <Baseline points="2688,683 2709,680 2754,677 2798,674 2843,674 2888,671 2933,674 2977,677"/>
                <TextEquiv>
                    <Unicode>/Hary</Unicode>
                </TextEquiv>
            </TextLine>
            <TextLine id="tr_1_tl_4" custom="readingOrder {index:3;}">
                <Coords points="2211,960 3002,949 3145,925 3148,838 2214,871"/>
                <Baseline points="2222,930 2255,930 2300,927 2345,930 2390,924 2434,921 2479,919 2524,919 2569,916 2613,916 2658,913 2703,913 2748,910 2792,907 2837,907 2882,904 2927,901 2971,901 3016,898 3061,898 3106,901 3150,904"/>
                <TextEquiv>
                    <Unicode>Sehr verehrter Herr Doktor Maril.</Unicode>
                </TextEquiv>
            </TextLine>
            <TextLine id="tr_1_tl_5" custom="readingOrder {index:4;}">
                <Coords points="2648,1047 3561,1013 3577,968 2649,1001"/>
                <Baseline points="2658,1041 2682,1041 2727,1041 2771,1038 2816,1038 2861,1035 2906,1032 2950,1032 2995,1029 3040,1029 3085,1026 3129,1023 3174,1020 3219,1017 3264,1017 3309,1014 3353,1011 3398,1008 3443,1011 3488,1008 3532,1008 3577,1008"/>
                <TextEquiv>
                    <Unicode>So sind wir denn in der Sache Harz</Unicode>
                </TextEquiv>
            </TextLine>
            <TextLine id="tr_1_tl_6" custom="readingOrder {index:5;}">
                <Coords points="2228,1117 3369,1076 3542,1059 3544,1013 2231,1063"/>
                <Baseline points="2237,1109 2249,1106 2294,1104 2339,1104 2384,1104 2428,1101 2473,1101 2518,1098 2563,1095 2607,1092 2652,1089 2697,1089 2742,1086 2786,1086 2831,1080 2876,1080 2921,1077 2965,1077 3010,1074 3055,1071 3100,1068 3144,1065 3189,1065 3234,1062 3279,1059 3323,1056 3368,1056 3413,1056 3458,1053 3502,1053 3547,1053"/>
                <TextEquiv>
                    <Unicode>genau dort, wo wir vor einem halben Jahre standen.</Unicode>
                </TextEquiv>
            </TextLine>
            <TextLine id="tr_1_tl_7" custom="readingOrder {index:6;}">
                <Coords points="2219,1176 3422,1121 3475,1116 3479,1064 2221,1119"/>
                <Baseline points="2228,1157 2273,1151 2318,1148 2363,1148 2407,1145 2452,1145 2497,1142 2542,1136 2586,1136 2631,1133 2676,1133 2721,1130 2765,1130 2810,1127 2855,1124 2900,1121 2944,1121 2989,1118 3034,1118 3079,1112 3124,1109 3168,1109 3213,1109 3258,1106 3303,1104 3347,1101 3392,1101 3437,1098 3482,1098"/>
                <TextEquiv>
                    <Unicode>Harz soll zuerst seine Exemplare verkaufen und</Unicode>
                </TextEquiv>
            </TextLine>
            <TextLine id="tr_1_tl_8" custom="readingOrder {index:7;}">
                <Coords points="2228,1218 3153,1217 3270,1160 3575,1174 3577,1121 3491,1087 2230,1170"/>
                <Baseline points="2237,1199 2282,1196 2327,1196 2372,1193 2416,1187 2461,1187 2506,1184 2551,1184 2595,1181 2640,1178 2685,1178 2730,1175 2774,1178 2819,1172 2864,1169 2909,1166 2953,1166 2998,1163 3043,1160 3088,1157 3132,1154 3177,1154 3222,1154 3267,1151 3312,1148 3356,1145 3401,1145 3446,1142 3491,1142 3535,1139 3580,1142"/>
                <TextEquiv>
                    <Unicode>dann käme der Verlag Fischer mit einer Neuausgabe.</Unicode>
                </TextEquiv>
            </TextLine>
            <TextLine id="tr_1_tl_9" custom="readingOrder {index:8;}">
                <Coords points="2631,1268 3522,1241 3537,1170 3412,1206 3100,1206 3054,1230 2997,1203 2896,1229 2781,1212 2739,1242 2632,1224"/>
                <Baseline points="2640,1265 2643,1265 2688,1265 2733,1262 2777,1259 2822,1256 2867,1256 2912,1253 2956,1250 3001,1250 3046,1247 3091,1244 3135,1241 3180,1241 3225,1241 3270,1238 3314,1238 3359,1235 3404,1235 3449,1229 3494,1229 3538,1226"/>
                <TextEquiv>
                    <Unicode>Die Sache steht aber doch so, dass</Unicode>
                </TextEquiv>
            </TextLine>
            <TextLine id="tr_1_tl_10" custom="readingOrder {index:9;}">
                <Coords points="2233,1340 3570,1282 3587,1224 2235,1277"/>
                <Baseline points="2243,1330 2246,1327 2291,1324 2336,1324 2381,1321 2425,1318 2470,1315 2515,1315 2560,1312 2604,1309 2649,1309 2694,1306 2739,1306 2783,1303 2828,1300 2873,1300 2918,1300 2962,1297 3007,1297 3052,1294 3097,1288 3141,1286 3186,1286 3231,1283 3276,1283 3320,1280 3365,1277 3410,1274 3455,1274 3499,1274 3544,1271 3589,1271"/>
                <TextEquiv>
                    <Unicode>der Weiterverkauf der Exemplare bei Harz gar nicht</Unicode>
                </TextEquiv>
            </TextLine>
            <TextLine id="tr_1_tl_11" custom="readingOrder {index:10;}">
                <Coords points="2231,1388 3400,1347 3511,1318 3513,1280 2233,1342"/>
                <Baseline points="2240,1375 2264,1375 2309,1372 2354,1369 2398,1366 2443,1366 2488,1363 2533,1360 2577,1357 2622,1357 2667,1354 2712,1351 2757,1348 2801,1348 2846,1345 2891,1345 2936,1342 2980,1339 3025,1336 3070,1336 3115,1333 3159,1333 3204,1330 3249,1327 3294,1324 3338,1324 3383,1321 3428,1318 3473,1318 3517,1315"/>
                <TextEquiv>
                    <Unicode>fortschreitet, wenn nicht, was mir nicht ganz un-</Unicode>
                </TextEquiv>
            </TextLine>
            <TextLine id="tr_1_tl_12" custom="readingOrder {index:11;}">
                <Coords points="163,1349 171,1349 175,1342 195,1356 199,1354 202,1357 218,1349 225,1352 238,1349 235,1266 223,1266 214,1260 189,1280 175,1272 159,1273"/>
                <Baseline points="170,1321 214,1321 241,1324"/>
                <TextEquiv>
                    <Unicode>G.F.</Unicode>
                </TextEquiv>
            </TextLine>
            <TextLine id="tr_1_tl_13" custom="readingOrder {index:12;}">
                <Coords points="2238,1443 3304,1392 3474,1373 3491,1333 2242,1383"/>
                <Baseline points="2249,1417 2285,1414 2330,1414 2375,1411 2419,1408 2464,1405 2509,1405 2554,1402 2598,1402 2643,1399 2688,1396 2733,1393 2777,1396 2822,1393 2867,1390 2912,1384 2956,1384 3001,1381 3046,1381 3091,1378 3135,1375 3180,1372 3225,1372 3270,1369 3314,1369 3359,1363 3404,1363 3449,1360 3494,1360"/>
                <TextEquiv>
                    <Unicode>wahrscheinlich dünkt, der Verkauf überhaupt aus</Unicode>
                </TextEquiv>
            </TextLine>
            <TextLine id="tr_1_tl_14" custom="readingOrder {index:13;}">
                <Coords points="2262,1470 3537,1428 3541,1359 2264,1426"/>
                <Baseline points="2273,1462 2291,1462 2336,1459 2381,1453 2425,1453 2470,1450 2515,1447 2560,1447 2604,1444 2649,1441 2694,1441 2739,1438 2783,1438 2828,1435 2873,1432 2918,1429 2962,1429 3007,1426 3052,1426 3097,1423 3141,1420 3186,1417 3231,1417 3276,1417 3320,1411 3365,1408 3410,1408 3455,1405 3499,1405 3544,1402"/>
                <TextEquiv>
                    <Unicode>Susseren oder inneren Gründen speziell für Harz</Unicode>
                </TextEquiv>
            </TextLine>
            <TextLine id="tr_1_tl_15" custom="readingOrder {index:14;}">
                <Coords points="2243,1518 3304,1458 3515,1484 3541,1424 2245,1458"/>
                <Baseline points="2252,1506 2291,1503 2336,1500 2381,1497 2425,1497 2470,1494 2515,1494 2560,1491 2604,1488 2649,1488 2694,1485 2739,1482 2783,1479 2828,1479 2873,1479 2918,1476 2962,1473 3007,1471 3052,1468 3097,1465 3141,1465 3186,1462 3231,1459 3276,1459 3320,1456 3365,1453 3410,1453 3455,1453 3499,1450 3544,1447"/>
                <TextEquiv>
                    <Unicode>lahmgelegt ist. Jedesfalls erscheint es mir aus-</Unicode>
                </TextEquiv>
            </TextLine>
            <TextLine id="tr_1_tl_16" custom="readingOrder {index:15;}">
                <Coords points="2245,1558 3438,1517 3474,1482 2247,1518"/>
                <Baseline points="2255,1554 2267,1551 2312,1545 2357,1545 2401,1542 2446,1542 2491,1539 2536,1539 2580,1536 2625,1533 2670,1530 2715,1527 2760,1527 2804,1524 2849,1521 2894,1521 2939,1518 2983,1512 3028,1512 3073,1512 3118,1509 3162,1506 3207,1500 3252,1500 3297,1500 3341,1497 3386,1497 3431,1500 3476,1500"/>
                <TextEquiv>
                    <Unicode>geschlossen, dass die noch vorhandenen 4-5000</Unicode>
                </TextEquiv>
            </TextLine>
            <TextLine id="tr_1_tl_17" custom="readingOrder {index:16;}">
                <Coords points="2245,1601 3517,1561 3520,1505 2247,1560"/>
                <Baseline points="2255,1590 2270,1590 2315,1590 2360,1590 2404,1587 2449,1584 2494,1584 2539,1581 2583,1578 2628,1575 2673,1572 2718,1572 2762,1569 2807,1569 2852,1566 2897,1563 2942,1560 2986,1560 3031,1557 3076,1554 3121,1554 3165,1551 3210,1548 3255,1545 3300,1545 3344,1542 3389,1542 3434,1542 3479,1542 3523,1539"/>
                <TextEquiv>
                    <Unicode>Exemplare,wenn sie in Harzens Besitz bleiben, im</Unicode>
                </TextEquiv>
            </TextLine>
            <TextLine id="tr_1_tl_18" custom="readingOrder {index:17;}">
                <Coords points="2245,1640 3335,1611 3515,1599 3517,1563 2247,1601"/>
                <Baseline points="2255,1638 2267,1638 2312,1635 2357,1632 2401,1629 2446,1626 2491,1626 2536,1623 2580,1620 2625,1620 2670,1617 2715,1617 2760,1614 2804,1611 2849,1608 2894,1608 2939,1608 2983,1605 3028,1602 3073,1596 3118,1596 3162,1596 3207,1593 3252,1593 3297,1590 3341,1587 3386,1587 3431,1584 3476,1584 3520,1584"/>
                <TextEquiv>
                    <Unicode>Laufe der nächsten 10-20 Jahre verkauft werden.</Unicode>
                </TextEquiv>
            </TextLine>
            <TextLine id="tr_1_tl_19" custom="readingOrder {index:18;}">
                <Coords points="2245,1685 3410,1643 3489,1637 3491,1599 2247,1645"/>
                <Baseline points="2255,1682 2282,1679 2327,1679 2372,1676 2416,1670 2461,1670 2506,1667 2551,1667 2595,1667 2640,1664 2685,1664 2730,1661 2774,1658 2819,1658 2864,1653 2909,1653 2953,1650 2998,1647 3043,1647 3088,1644 3132,1641 3177,1638 3222,1638 3267,1635 3312,1632 3356,1632 3401,1629 3446,1629 3491,1629"/>
                <TextEquiv>
                    <Unicode>Darum eben lag es mir daran das Buch von Harz</Unicode>
                </TextEquiv>
            </TextLine>
            <TextLine id="tr_1_tl_20" custom="readingOrder {index:19;}">
                <Coords points="2243,1743 3554,1685 3568,1631 2247,1697"/>
                <Baseline points="2255,1727 2273,1724 2318,1724 2363,1721 2407,1718 2452,1715 2497,1715 2542,1712 2586,1709 2631,1709 2676,1706 2721,1703 2765,1703 2810,1700 2855,1697 2900,1694 2944,1694 2989,1691 3034,1688 3079,1688 3124,1685 3168,1682 3213,1679 3258,1679 3303,1679 3347,1676 3392,1676 3437,1670 3482,1667 3526,1667 3571,1664"/>
                <TextEquiv>
                    <Unicode>auch praktisch vollkommen frei zu bekomnen (theo-</Unicode>
                </TextEquiv>
            </TextLine>
            <TextLine id="tr_1_tl_21" custom="readingOrder {index:20;}">
                <Coords points="2248,1770 3400,1738 3518,1722 3520,1681 2250,1746"/>
                <Baseline points="2258,1772 2270,1769 2315,1766 2360,1766 2404,1763 2449,1760 2494,1757 2539,1754 2583,1754 2628,1751 2673,1751 2718,1751 2762,1745 2807,1745 2852,1742 2897,1739 2942,1736 2986,1736 3031,1736 3076,1733 3121,1733 3165,1730 3210,1724 3255,1724 3300,1721 3344,1721 3389,1718 3434,1715 3479,1715 3523,1715"/>
                <TextEquiv>
                    <Unicode>retisch habe ich ja das Verfügungsrecht von der</Unicode>
                </TextEquiv>
            </TextLine>
            <TextLine id="tr_1_tl_22" custom="readingOrder {index:21;}">
                <Coords points="2248,1834 3489,1777 3505,1721 2250,1777"/>
                <Baseline points="2258,1817 2297,1814 2342,1814 2387,1808 2431,1805 2476,1805 2521,1805 2566,1799 2610,1799 2655,1796 2700,1796 2745,1793 2789,1790 2834,1787 2879,1787 2924,1784 2968,1784 3013,1781 3058,1778 3103,1778 3147,1775 3192,1772 3237,1769 3282,1766 3326,1763 3371,1763 3416,1763 3461,1760 3505,1760"/>
                <TextEquiv>
                    <Unicode>101, Auflage an schon lange genug). Aber es wird</Unicode>
                </TextEquiv>
            </TextLine>
            <TextLine id="tr_1_tl_23" custom="readingOrder {index:22;}">
                <Coords points="2267,1870 3558,1829 3577,1769 2269,1829"/>
                <Baseline points="2276,1861 2282,1861 2327,1855 2372,1855 2416,1849 2461,1849 2506,1846 2551,1846 2595,1843 2640,1840 2685,1840 2730,1838 2774,1835 2819,1832 2864,1832 2909,1829 2953,1829 2998,1826 3043,1823 3088,1820 3132,1820 3177,1817 3222,1817 3267,1814 3312,1811 3356,1808 3401,1808 3446,1808 3491,1805 3535,1802 3580,1805"/>
                <TextEquiv>
                    <Unicode>ja immer klarer, dass es vollkommen in Harzens Be-</Unicode>
                </TextEquiv>
            </TextLine>
            <TextLine id="tr_1_tl_24" custom="readingOrder {index:23;}">
                <Coords points="2255,1926 3462,1866 3479,1820 2259,1871"/>
                <Baseline points="2267,1906 2273,1903 2318,1900 2363,1897 2407,1894 2452,1894 2497,1891 2542,1888 2586,1888 2631,1885 2676,1882 2721,1882 2765,1879 2810,1876 2855,1873 2900,1873 2944,1870 2989,1870 3034,1867 3079,1864 3124,1864 3168,1861 3213,1858 3258,1855 3303,1855 3347,1852 3392,1852 3437,1852 3482,1849"/>
                <TextEquiv>
                    <Unicode>lieben steht dieses mein Recht illusorisch zu</Unicode>
                </TextEquiv>
            </TextLine>
            <TextLine id="tr_1_tl_25" custom="readingOrder {index:24;}">
                <Coords points="2255,1961 3559,1907 3563,1834 2257,1925"/>
                <Baseline points="2264,1948 2309,1945 2354,1942 2398,1942 2443,1942 2488,1936 2533,1933 2577,1933 2622,1933 2667,1930 2712,1927 2757,1924 2801,1921 2846,1921 2891,1918 2936,1915 2980,1915 3025,1915 3070,1909 3115,1906 3159,1906 3204,1903 3249,1900 3294,1897 3338,1900 3383,1897 3428,1894 3473,1891 3517,1891 3562,1891"/>
                <TextEquiv>
                    <Unicode>machen. H.hat offenbar wenig Interesse daran den</Unicode>
                </TextEquiv>
            </TextLine>
            <TextLine id="tr_1_tl_26" custom="readingOrder {index:25;}">
                <Coords points="2255,1997 3549,1954 3580,1907 2257,1955"/>
                <Baseline points="2264,1990 2285,1990 2330,1990 2375,1987 2419,1984 2464,1981 2509,1981 2554,1978 2598,1975 2643,1975 2688,1972 2733,1969 2777,1969 2822,1966 2867,1963 2912,1963 2956,1963 3001,1960 3046,1957 3091,1954 3135,1951 3180,1951 3225,1948 3270,1945 3314,1942 3359,1942 3404,1942 3449,1942 3494,1939 3538,1939 3583,1948"/>
                <TextEquiv>
                    <Unicode>Verkauf der einzelnen Exemplare zu beschleunigen,</Unicode>
                </TextEquiv>
            </TextLine>
            <TextLine id="tr_1_tl_27" custom="readingOrder {index:26;}">
                <Coords points="2259,2050 3499,2033 3532,1945 2262,2000"/>
                <Baseline points="2270,2034 2282,2034 2327,2037 2372,2034 2416,2031 2461,2028 2506,2023 2551,2023 2595,2020 2640,2020 2685,2017 2730,2014 2774,2017 2819,2011 2864,2011 2909,2008 2953,2005 2998,2002 3043,2002 3088,2002 3132,1999 3177,1996 3222,1996 3267,1990 3312,1990 3356,1990 3401,1987 3446,1984 3491,1984 3535,1984"/>
                <TextEquiv>
                    <Unicode>er möchte eben den garzen Bestand womöglich auf</Unicode>
                </TextEquiv>
            </TextLine>
            <TextLine id="tr_1_tl_28" custom="readingOrder {index:27;}">
                <Coords points="2264,2103 2315,2087 2418,2115 2643,2082 2668,2104 2701,2104 2733,2082 2781,2084 2783,2039 2658,2026 2553,2038 2526,2024 2435,2051 2422,2036 2394,2055 2266,2050"/>
                <Baseline points="2273,2082 2294,2079 2339,2079 2384,2079 2428,2076 2473,2076 2518,2070 2563,2070 2607,2067 2652,2064 2697,2061 2742,2061 2786,2064"/>
                <TextEquiv>
                    <Unicode>einmal losschlagen.</Unicode>
                </TextEquiv>
            </TextLine>
            <TextLine id="tr_1_tl_29" custom="readingOrder {index:28;}">
                <Coords points="2625,2170 3570,2134 3626,2123 3628,2063 2629,2106"/>
                <Baseline points="2637,2151 2646,2151 2691,2151 2736,2148 2780,2145 2825,2145 2870,2142 2915,2139 2959,2139 3004,2136 3049,2133 3094,2133 3138,2130 3183,2130 3228,2127 3273,2124 3317,2121 3362,2121 3407,2118 3452,2121 3497,2118 3541,2115 3586,2112 3631,2115"/>
                <TextEquiv>
                    <Unicode>Ich habe die Gutachten wieder gefun-</Unicode>
                </TextEquiv>
            </TextLine>
            <TextLine id="tr_1_tl_30" custom="readingOrder {index:29;}">
                <Coords points="2264,2221 3388,2187 3551,2171 3553,2127 2266,2168"/>
                <Baseline points="2273,2213 2303,2210 2348,2213 2392,2210 2437,2208 2482,2208 2527,2202 2572,2202 2616,2199 2661,2199 2706,2196 2751,2193 2795,2190 2840,2190 2885,2187 2930,2184 2974,2181 3019,2181 3064,2181 3109,2175 3153,2175 3198,2172 3243,2169 3288,2169 3332,2169 3377,2163 3422,2163 3467,2163 3511,2163 3556,2160"/>
                <TextEquiv>
                    <Unicode>den, von denen ich zu Ihnen und Herrn Fischer im</Unicode>
                </TextEquiv>
            </TextLine>
            <TextLine id="tr_1_tl_31" custom="readingOrder {index:30;}">
                <Coords points="2269,2264 3489,2228 3566,2221 3568,2164 2271,2219"/>
                <Baseline points="2279,2258 2318,2258 2363,2252 2407,2252 2452,2252 2497,2249 2542,2246 2586,2243 2631,2243 2676,2240 2721,2237 2765,2237 2810,2234 2855,2231 2900,2228 2944,2225 2989,2225 3034,2222 3079,2222 3124,2219 3168,2219 3213,2213 3258,2210 3303,2210 3347,2210 3392,2210 3437,2208 3482,2205 3526,2208 3571,2210"/>
                <TextEquiv>
                    <Unicode>Winter sprach. Ich weiss jetzt nicht mehr genau,</Unicode>
                </TextEquiv>
            </TextLine>
            <TextLine id="tr_1_tl_32" custom="readingOrder {index:31;}">
                <Coords points="2267,2310 3539,2276 3642,2266 3643,2209 2269,2264"/>
                <Baseline points="2276,2303 2303,2303 2348,2300 2392,2300 2437,2297 2482,2294 2527,2291 2572,2288 2616,2288 2661,2285 2706,2282 2751,2279 2795,2276 2840,2276 2885,2276 2930,2273 2974,2270 3019,2267 3064,2264 3109,2264 3153,2264 3198,2261 3243,2258 3288,2258 3332,2255 3377,2252 3422,2252 3467,2252 3511,2249 3556,2246 3601,2246 3646,2246"/>
                <TextEquiv>
                    <Unicode>welchem Zweck diese Gutachten dienen sohlten. Wahr-</Unicode>
                </TextEquiv>
            </TextLine>
            <TextLine id="tr_1_tl_33" custom="readingOrder {index:32;}">
                <Coords points="2276,2353 3501,2315 3515,2267 2278,2307"/>
                <Baseline points="2285,2351 2309,2348 2354,2348 2398,2342 2443,2342 2488,2339 2533,2336 2577,2336 2622,2336 2667,2330 2712,2327 2757,2324 2801,2321 2846,2321 2891,2321 2936,2318 2980,2318 3025,2312 3070,2312 3115,2309 3159,2309 3204,2303 3249,2303 3294,2300 3338,2300 3383,2297 3428,2297 3473,2297 3517,2300"/>
                <TextEquiv>
                    <Unicode>scheinlich lagen sie einem Gesuch um Aufhebung</Unicode>
                </TextEquiv>
            </TextLine>
            <TextLine id="tr_1_tl_34" custom="readingOrder {index:33;}">
                <Coords points="2276,2396 3517,2362 3580,2350 3582,2308 2278,2363"/>
                <Baseline points="2285,2392 2330,2392 2375,2390 2419,2387 2464,2384 2509,2384 2554,2381 2598,2381 2643,2378 2688,2375 2733,2372 2777,2369 2822,2369 2867,2369 2912,2366 2956,2363 3001,2360 3046,2360 3091,2357 3135,2354 3180,2354 3225,2351 3270,2348 3314,2348 3359,2348 3404,2345 3449,2345 3494,2345 3538,2339 3583,2339"/>
                <TextEquiv>
                    <Unicode>der Beschlagnahme bei, das von dem seinerzeitigen</Unicode>
                </TextEquiv>
            </TextLine>
            <TextLine id="tr_1_tl_35" custom="readingOrder {index:34;}">
                <Coords points="2272,2440 3308,2423 3475,2408 3501,2358 2274,2398"/>
                <Baseline points="2282,2437 2294,2437 2339,2434 2384,2434 2428,2431 2473,2428 2518,2428 2563,2428 2607,2425 2652,2425 2697,2422 2742,2419 2786,2419 2831,2416 2876,2416 2921,2413 2965,2410 3010,2410 3055,2407 3100,2404 3144,2401 3189,2398 3234,2398 3279,2395 3323,2395 3368,2392 3413,2392 3458,2390 3502,2390"/>
                <TextEquiv>
                    <Unicode>Verleger (Singer &amp; Co.) eingereicht wurde. Ich</Unicode>
                </TextEquiv>
            </TextLine>
            <TextLine id="tr_1_tl_36" custom="readingOrder {index:35;}">
                <Coords points="2276,2497 3587,2446 3611,2401 2278,2452"/>
                <Baseline points="2285,2485 2315,2485 2360,2482 2404,2479 2449,2479 2494,2476 2539,2476 2583,2473 2628,2470 2673,2467 2718,2467 2762,2464 2807,2464 2852,2461 2897,2455 2942,2455 2986,2452 3031,2449 3076,2449 3121,2446 3165,2446 3210,2443 3255,2443 3300,2443 3344,2443 3389,2440 3434,2440 3479,2437 3523,2434 3568,2431 3613,2431"/>
                <TextEquiv>
                    <Unicode>weiss auch nicht, wie die Sache demals ausging. Es</Unicode>
                </TextEquiv>
            </TextLine>
            <TextLine id="tr_1_tl_37" custom="readingOrder {index:36;}">
                <Coords points="2286,2550 3366,2492 3551,2529 3652,2506 3655,2430 2290,2495"/>
                <Baseline points="2297,2533 2315,2530 2360,2527 2404,2527 2449,2524 2494,2527 2539,2524 2583,2524 2628,2518 2673,2515 2718,2515 2762,2512 2807,2509 2852,2506 2897,2503 2942,2503 2986,2500 3031,2497 3076,2497 3121,2491 3165,2491 3210,2491 3255,2488 3300,2488 3344,2485 3389,2485 3434,2482 3479,2479 3523,2479 3568,2479 3613,2476 3658,2479"/>
                <TextEquiv>
                    <Unicode>scheint ja, dass auch die Behörden im Falle "Reigen"</Unicode>
                </TextEquiv>
            </TextLine>
            <TextEquiv>
                <Unicode>



































</Unicode>
            </TextEquiv>
        </TextRegion>
    </Page>
</PcGts>
