3895 3576
2092 661 2487 758 L. Tischer
3110 756 3400 853 26.2.1930.
2315 935 3122 1049 Verehrter Herr Doktor Kayser.
2620 1084 3659 1176 Ich hatte nicht den Wunsch ausgedrückt
2331 1154 3597 1234 die zur Veröffentlichung bestimmten Briefe Hof-
2327 1204 3684 1284 mannsthals an mich vor der Drucklegung noch einmal
2336 1260 3672 1318 zu sehen, sondern ich hatte Sie nur gebeten den An-
2336 1299 3672 1357 fang des ersten Briefes, etwa 8 Zeilen, in denen
2327 1345 3683 1399 Hofmannsthal sich über mein eigenes äusseres Leben
2339 1386 3558 1462 ausspricht, wegzulassen, so dass der Brief etwa
2339 1428 3642 1490 angefangen hätte bei... „gewiss ist Hebbel etc."
2338 1473 3683 1542 Doch scheint mir, dass die Korrektur im gegenwärti-
2339 1524 3706 1592 gen Moment einige technische Schwierigkeiten berei-
2343 1570 3662 1651 ten würde, so mag denn auch der Anfang des Briefes
2334 1621 2753 1699 stehen bleiben.
2596 1668 3296 1774 Mit verbindlichen Grüssen
2685 1743 3194 1823 Ihr sehr ergebener
2331 2154 2976 2240 Herrn Dr. Rudolf Kayser.
2339 2232 2751 2292 Neue Rundschau,
2332 2252 2950 2355 S.Fisch,Verlag, Berlin.
