3898 3576
2189 675 2651 802 J. Tischer
3113 734 3417 846 24.3.1930.
2313 924 2891 1050 Lieber Doktor Maril.
2679 1033 3764 1139 Dieser Tage erhielten Sie ein Manuscript
2334 1125 3728 1198 von Prof. Dr. Sequenz zugesandt „Ribirien“, ein Stück,
2332 1167 3683 1231 das eine xxxx offenbar ziemlich erlebte Episode
2339 1208 3707 1278 aus der sibirischen Kriegsgefangenschaft behandelt.
2337 1255 3714 1326 Ich wollte Sie nur auf Wunsch des Herrn Dr. Sequenz
2337 1288 3717 1370 bitten den Akt recht bald zu lesen und Herrn Dr.S.
2334 1335 3667 1412 auf Ihre Erledigung nicht lange warten zu lassen.
2655 1405 3165 1507 Mit besten Grüssen
2653 1486 2755 1549 Ihr
2342 1844 2943 1941 Herrn Dr. Konred Maril,
2346 1927 2818 1986 S. Fischer, Verlag,
2349 1972 2552 2038 Perlin.
