3890 3560
2042 726 2536 855 Tischer
3171 757 3505 865 13.10.1930.
2368 906 2772 1013 Lieber Freund.
2673 1046 3676 1163 Gestern erhielt ich in Maschinschrift
2411 1117 3595 1205 "The history of Schnitzlers Reigen" von O.P.
2401 1179 3588 1249 Schinnerer zugesandt, die demnächst in dieser
2398 1222 3577 1300 englischen Originalfassung in der "Germanie
2399 1257 3650 1342 Review" herauskommen wird. Es sind 40 Schreib-
2404 1311 3632 1386 maschinenseiten und die Arbeit würde sich mei-
2398 1339 3624 1437 nes Erachtens sowohl nach Form, Inhalt und Aus¬
2414 1399 3567 1481 dehnung für die Neuausgabe des "Reigen" als
2414 1448 3588 1508 Vorwort oder als Nachwort sehr gut eignen.
2415 1477 3611 1547 Wenn Sie also noch daran denken dem "Heigen"
2414 1520 3621 1606 ein solches Vor- oder Nachgeleitwort zu geben,
2414 1572 3600 1639 würde ich eine Abachrift an Sie senden resp.
2412 1612 3596 1697 von Schinnerer senden lassen, damit bei Ihnen
2422 1665 3621 1728 eine deutsche Uebersetzung angefertigt wird.
2415 1696 3575 1774 Die Geschichte behandelt kurz und präsis in
2415 1718 3655 1818 einer gewissermassen aktenmässigen Darstellung
2412 1783 3569 1870 die äusseren Schicksale des Buches und mehr
2415 1834 3647 1901 noch die theatralische Laufbahn meines Werkes.
2419 1878 3653 1941 Und ich glaube wohl, dass sie Anspruch xxxx-
2414 1920 3580 1990 auf Interesse weiterer Kreise erheben
2412 1984 2577 2054 darf
2676 2005 3632 2116 Sie wissen vielleicht, dass indessen
2415 2070 3673 2161 in Amerika neuerlich einProzess wegen "Casano-
2422 2140 3712 2204 vas Heimfahrt" stattgefunden hat. In der ersten
2432 2168 3617 2251 natanz ist die Angelegenheit mit besonderen
2419 2220 3601 2288 Ehren für das Buch und mich erledigt worden;
2415 2261 3614 2336 der konische Ankläger,Herr Sumner aber, gibt
2419 2311 3614 2384 sich noch immer nicht zufrieden und will, wie
2414 2354 3609 2437 mir Schinnerer schreibt, die Sache noch einem
2422 2393 3608 2474 höheren Gericht vorlegen. Nach allen Zeitung
2428 2427 3717 2507 stimmen zu schliessen wird natürlich die Konfis-
2412 2484 3720 2557 kation absolut nicht aufrecht suzerhalten sein.
2428 2523 3697 2595 Wir sprachen im Engadin über die schlechte Ver-
2414 2569 3515 2673 kaufssitutionen meiner (und anderer) Die
