3869 3561
2004 635 2422 733 J. Fisper
3055 673 3345 784 11.4.1929.
2216 895 2916 1018 Lieber Herr Doktor Maril.
3012 998 3219 1069 Sie mit
2528 1021 3474 1140 Ich weiss nicht, ob xxx der T.I.L.A.
2231 1076 3458 1164 über die „Therese“ schon abgeschlossen haben.
2233 1147 3330 1212 Nun w endet sich E. Alexander, Leipzig N 22.
2241 1175 3401 1253 European Books Ltd. Dondon W0 2 wegen "Berta
2244 1225 3537 1293 Garlan an mich. Nicht unmöglich, dass wieder mit
2065 1245 2171 1319 der
2234 1266 3569 1346 der T.I.L.A. in Verbindung steht. Jedesfalls wäre
2229 1324 3486 1379 mir eine freundliche Mitteilung,ob und in Hin-
2241 1364 3534 1434 sicht welcher Werke Sie mit der T.I.L.A. in Ver-
2244 1414 3088 1492 bindung stehen sehr willkommen.
2475 1467 3030 1553 Mit herzlichem Gruss
2478 1545 2975 1626 Ihr sehr ergebener
2246 2014 2768 2103 Herrn Konrad Maril,
2304 2077 2722 2148 Fischer.Verlag.
2253 2112 2460 2203 Berlin.
