3891 3497
2707 535 3007 654 Reyer
2125 552 2323 734 Heer
2650 638 3349 777 Wiekel Gr. 4.1928
2237 818 2915 950 Sehr geehrter Herr Harz.
2621 901 3596 997 Ich nehme zur Kenntnis (ohne Verwun-
2242 954 3690 1053 derung), das in den letzten Jahren vom "Reigen" sehr
2239 999 3643 1107 wenig verkauft wurde, möchte aber doch recht sehr um
2251 1053 3583 1139 nähere Daten bitten, um die ganze Angelegenheit zu
2250 1092 3497 1191 Ende zu bringen. „Sehr wenig“, das kann heissen
2251 1157 3497 1231 50 in einem halben Jahr oder 20 oder auch 300.
2255 1197 3560 1274 Nehmen wir den Fall an, dass im Laufe der letzten
2257 1231 3569 1318 Jahre alljährlich 200 Exemplare des "Reigen" ver-
2260 1256 3607 1366 kauft worden sind, so würde Ihr Bestand zu 4000 ge-
2264 1318 3589 1411 rechnet, erst in etwa 20 Jahren verkauft sein. Da-
2266 1366 3569 1453 raus könnte man entweder den Schluss ziehen, das
2266 1399 3562 1496 der Büchermarkt überhaupt kein Interesse mehr an
2282 1453 3482 1525 Reigen hat oder dass den Vertrieb von Ihrem
2266 1473 3623 1583 Verlag ans nicht so viel geschieht oder geschehen
2266 1550 3567 1628 kann als der Autor erwarten, eventuell sogar ver-
2269 1572 3625 1671 langen könnte. Wie immer,- unter den gegenwärtigen
2277 1613 3643 1720 mständen werden Sie begreifen, dass
2269 1680 3517 1765 mir eine endgültige Klarstellung
2278 1720 3518 1808 von Wert xxx und dass ich auf die Beantwortung
2278 1763 3524 1851 meiner Frage (in welcher Weise der Verkauf des
2273 1777 3684 1889 "Reigen während der letzten Jahre weitergeschritten
2273 1862 3032 1972 ist) nicht verzichten kann.
2599 1916 3295 2035 Mit verbindliche Grüssen
2603 1997 3102 2096 Ihr sehr ergebener
2293 2293 2882 2394 Herrn BéHan, Verleger.
2291 2379 2507 2441 Berlin.
2282 2424 2884 2603 Jur Pache Verle
