3873 3576
2077 672 2499 818 S. Fischer
3068 761 3361 860 16.2.1931.
2318 972 2737 1066 Lieber Freund.
2555 1059 3696 1163 Das Guildtheatre bitte nur einfach an mich
2343 1130 3689 1215 zu weisen. Uebrigens ist der "Bernhardi" vorläufig
2352 1172 3661 1262 gar nicht im Besitze des Guild (das demnächst den
2357 1220 3669 1294 "Einsamen Weg" zur Aufführung bringt),sondern ein
2343 1261 3669 1334 Manager namens Harris hat schon vor längerer Zeit
2357 1302 3624 1406 eine Anzahlung darauf geleistet und eben wieder
2352 1371 3128 1457 die Option darauf ausgedehnt.
2561 1428 3698 1510 Nun möchte auch eine grosse Wiener Zeitung
2355 1480 3689 1584 den Vorabdruck der Hovelle wylucht in die Finster-
2358 1530 3653 1597 nis" erwerben, der aber erst ein paar Wochen nach
2360 1562 3591 1648 dem Vorabdruck in der Vossischen beginnen
2365 1606 3649 1690 dürfte. Ich würde darauf natürlich nur im Falle
2364 1656 3612 1733 günstiger finanziebler Begünntigungen eingehen,
2367 1683 3659 1780 möchte aber doch bei Ihnen anfragen, für wann Sie
2364 1738 3678 1824 das Erscheinen in Ihrem Verlag in Aussicht genom.
2370 1784 3654 1857 men haben. Zugleich würde ich recht sehr bitten,
2370 1829 3624 1904 da ich überhaupt kein verwendbares Exemplar zur
2375 1871 3626 1938 Verfügung habe, mir das bei Ihnen in Verwahrung
2377 1901 3671 1996 befindliche Manuscript vorläufig wieder zur Ver-
2367 1978 2878 2058 fügung zu stellen.
2580 2006 3716 2114 Die Uraufführung des "Gang zum Weiher" hat
2367 2080 3713 2159 hier einen unbestrittenen grossen Erfolg errungen;
2379 2129 3646 2214 wie sich das in der Kasse ausdrücken wird, lässt
2374 2184 3401 2276 sich natürlich noch nicht vorhersagen.
2635 2253 3091 2355 Herzlichen Gruss
2858 2320 2954 2377 Ihr
2380 2472 3000 2570 Herrn S.Fischer, Verlag,
2387 2548 2591 2622 Verlin.
