3906 3512
597 518 677 673 1
3316 527 3713 697 Berlin
2066 537 2553 689 S. Fischer.
2995 575 3299 727 16.8.1928.
2287 792 2981 955 Lieber Herr Doktor Maril.
2541 924 3544 1050 Einen Prozess zu führen gegen diesen
2292 1017 3598 1139 Rökk-Richter halte auch ich für nicht sehr aus-
2284 1107 3648 1227 sichtsvoll. Jedesfalls müssen wir aber auf Einsen-
2292 1186 3579 1317 dung des Vertrages mit der Societa bestehen und
2292 1265 3679 1419 sofortiger Zahlung der fälligen Tantièmen, da dieser
2292 1362 3579 1491 Rökk-Fichter, wie immer die Perzente sich regeln
2291 1454 3646 1573 mögen, keineswegs das Recht hatte den uns angehöri-
2299 1543 3667 1664 gen Anteil in die eigene Tasche zu stecken. Persön-
2299 1624 3523 1766 lich wünsche ich mit diesem Individuum nichts
2301 1749 2940 1832 weiter zu tun zu haben.
2610 1802 3623 1906 Beifolgend ein Antrag "Frau Beate und
2301 1894 3635 2018 ihr Sohn" betreffend. Ich bitte die Angelegenheit
2305 2002 3599 2106 ganz nach Ihrem Ermessen zu behandeln. Vorschuss
2308 2061 3622 2199 wird ja kaum zu erzielen sein, es handelt sich nur
2310 2184 3613 2287 darum den Termin möglichet xxxx eng zu be-
2299 2260 2544 2403 grenzen.
2588 2298 3577 2484 Ich fahre heute nach Hohenschwangen,
2292 2444 3294 2550 Hotel Alpenrose.-Herzlichst grüssend
2798 2510 3190 2605 Ihr ergebener
2289 2572 2912 2650 Herrn Dr. Konrad Maril,
535 2620 756 2816 re eu le
