3868 3479
423 778 1861 909 milder zu beurteilen als solche gegen das materielle,
428 852 1801 963 ja dass solche Vergohen durch das geringere oder
432 900 1875 996 gar fehlende Risiko des Uebeltäters nur widerwärtiger
437 970 1125 1065 und verächtlicher werden.
649 972 1879 1119 Als Verfasser der Komödie "Professor Bernhar-
441 1079 1752 1164 di" und als Autor, dessen Besitz beinahe durchaus
441 1126 1694 1213 durch sein Werk repräsentiert wird, und dessen
437 1121 1884 1253 Existenz und Existenzmöglichkeit nach unumstöslichen
452 1204 1910 1306 öro omischen Gesetzen, denen sich endlich das anerkann-
459 1253 1832 1349 ter Massen rückständige internationale Urheberrecht
446 1295 1783 1389 wird anbequemen müssen, in den Erträgnissen dieses
455 1340 1836 1435 Werks begründet ist, erhobe ich hiemit in aller Form
450 1397 1750 1476 Anspruch auf Auszahlung der für die Aufführungen
461 1424 1883 1569 men und bitte Sie Ihren Vertreter mit zuilgem Tüntie-
1088 1440 1388 1500 „In Hollant
459 1458 1092 1524 des "Professor Bernhard"
1520 1469 1866 1534 er Einziehung
463 1520 1841 1616 dieser Tantiemen beauftragen zu wollen. Denn in der
464 1563 1892 1658 Vertretung der Interessen und der Rechte eines Autors
461 1605 1883 1705 besteht einer solchen Vertretung weit und Sinn, nicht
461 1667 1845 1758 in der Einziehung der Perzente von automatisch ein-
466 1701 1794 1799 fliessenden Tantiemen ud Honoraren; sonst dürfen
473 1741 1901 1837 sie sich nicht Vertreter, sondern sollten sich einfach
468 1783 1870 1884 Provisionäre nennen. Die wirklichen Autorenvertreter
475 1834 1875 1928 sind meiner Ansicht nach dazu da, und ich weiss Sie,
475 1884 1819 1977 verehrter Herr Doktor, darin mit mir einer Meinung,
473 1930 1821 2015 durch entschiedene Wahrung der Autoreninteressen,
472 1961 1854 2068 von Fall zu Fall auch gegen den Geist oder den Un-
481 2002 1886 2113 geist eines Paragraphen, die Mangelhaftigkeit und Re-
479 2035 1915 2149 formbedürftigkeit des jetzt noch bestehe den Urheber-
475 2080 1924 2193 rechtes aufzuzeigen und einem neuen die Bahn zu ehnen
482 2142 1865 2244 das mehr auf den Vorteil der geistigen Arbeiter als
482 2176 1921 2294 auf den der Unternehmer und Händler mit geistigem Gut
486 2262 927 2354 Rücksicht nehme,
784 2318 1375 2429 Mit herzlichem Gruss
784 2385 1163 2479 Ihr ergebener
539 2512 1110 2590 Herrn Dr. Konrad Maril,
526 2581 976 2648 Fischer, Berlin.
3314 535 3664 648 Hølend
2732 571 3014 675 Abschrift.
2158 595 2510 744 Jenten Brige
3024 660 3713 764 Amsterdam, C.5 Maart 1928.
2726 731 3513 814 am 588 Heerengracht
2342 729 2537 820 .dei me
3005 791 3252 889 oaselor!
2264 827 2352 889 V:V:S
2260 843 3524 936 Verlag S. Fischer A.G.
3065 918 3539 978 adbaueb asb bma
2755 916 2998 992 iaV asb d
2215 918 2459 996 ruy novos
3014 932 3531 1036 Bülowstrasse 90
3421 1021 3722 1119 Berlin W57.
2231 1021 3259 1114 Brissereins sein Jadles aab nennöm eiä
2953 1088 3390 1155 schon angekommen, und dass der
2507 1092 2632 1157 G.H.F.P.
2848 1101 2958 1146 elle se
2180 1099 2423 1164 revisoise
2242 1105 3528 1219 Sehr geehrte Herren.
2699 1204 3704 1271 Wir müssen uns entschuldigen, dass Ihr
2269 1259 3682 1319 Schreiben vom 18.Februar betr. "Professor Bannhardi"
2264 1308 3172 1382 bis jetzt nicht beantwortet ist.
2898 1373 2987 1415 Puis
2702 1366 3662 1449 Die Ursache ist, dass ich persönlich
2273 1440 3673 1500 wie Sie wissen während drei Wochen auf der Reise ge-
2273 1495 2561 1569 wesen bin.
2712 1547 3711 1641 Inzwi schen kam auch Ihr Schreiben vom
2269 1611 3673 1678 l.d.M. in derselben Angelegenheit in unserem Besitz.
2269 1665 3606 1729 "Professor Bernhardi" ist in dieser Saison aufge-
2269 1696 3682 1770 führt durch die bekannte Bühnen-Gesellschaft im Haag
2269 1767 3566 1810 unter Direktion des Herrn Van der Lugt Melsert.
2269 1796 3633 1868 Dass wir Ihnen darüber nicht geschrieben haben und
2274 1843 3671 1908 die Direktion keine Tantieme gezahlt hat findet sei-
2273 1886 3658 1957 nen Grund in der Tatsache dass nach unserer Meinung
2273 1935 3515 2015 das Stück nicht mehr in Holland geschützt ist.
2702 1993 3546 2082 Sobald wir einige Monate vorher
2274 2064 3735 2133 hörten, dass man das Stück spielen wollte, haben wir uns
2278 2118 3620 2167 erkundigt bei Herrn R eyding, der uns versicherte,
2273 2162 3658 2213 dass das Stück für Holland frei ist. Wir haben die-
2278 2195 3658 2260 sen Punkt bei unserer Unterredung in Berlin bespro-
2278 2251 3635 2302 chen und Sie wissen, dass wenn ein Schauspiel nicht
2278 2293 3658 2358 in holländischer Uebersetzung veröffentlich ist in-
2274 2340 3615 2401 nerhalb 10 Jahre gerechnet von der Erscheinung in
2273 2381 3635 2463 der originalen Sprache, es für die Uebersetzung und
