3842 3512
333 854 1545 994 und Aufführung in Holland frei geworden ist.
630 957 1725 1045 "Professor Bernhardi" ist niemals veröf-
337 1026 1625 1085 fentlicht in holländischer Spxxka Uebersetzung
348 1081 1665 1147 und das deutsche Buch des Werk datiert schon vor
339 1123 877 1205 mehr als 10 Jahren.
617 1168 1754 1269 Sie können das selbst noch untersuchen und
342 1249 1731 1323 wenn ein Irrtum vorhanden ist können wir selbstver-
355 1296 1665 1363 ständlich auch jetzt noch die Tantiemen fordern.
666 1350 1452 1474 Mit vorzüglicher Hochachtung
701 1469 1756 1556 Internationales Bureau für Aufführungs-
703 1523 1150 1613 und Urheberrecht,
1181 1554 1356 1647 Keuls.
351 1653 1667 1798 P.S. Von Aufführungen von “Der einsame Weg” ist
355 1745 883 1844 uns nichts bekannt.
2681 606 2990 708 Abschrift.
2117 677 2322 766 Mlle
2970 681 3662 775 Amsterdam, C.5 Maart 1928.
2965 757 3445 837 am 588 Heerengracht
2668 770 3109 881 Holland
2379 852 2996 972 Verlag S. Fischer A.G.
2905 950 3409 1052 Bülowstrasse 90
3371 1032 3671 1147 Berlin W57.
2382 1116 2943 1245 Sehr geehrte Herren.
2644 1208 3656 1298 Wir müssen uns entschuldigen, dass Ihr
2222 1281 3622 1349 Schreiben vom 18.Februar betr. "Professor Bernhardi"
2211 1329 3092 1407 bis jetzt nicht beantwortet ist.
2654 1390 3607 1471 Die Ursache ist, dass ich persönlich
2222 1432 3624 1529 wie Sie wissen während drei Wochen auf der Reise ge-
2213 1503 2506 1580 wesen bin.
2644 1563 3673 1662 Inzwischen kam auch Ihr Schreiben vom
2239 1636 3624 1696 l.d.M. in derselben A gelegenheit in unserem Besitz.
2248 1682 3556 1733 Professor Bernhardi" ist in dieser Saison aufge-
2217 1724 3627 1800 führt durch die bekannte Bühnen-Geselchaft im Haag
2222 1776 3522 1831 unter Direktion des Herrn Van der Lugt Melsert.
2220 1820 3578 1875 Dass wir Ihnen darüber nicht geschrieben haben und
2217 1851 3618 1926 die Direktion keine Tantieme gezahlt hat findet sei-
2222 1915 3604 1982 nen Grund in der Tatsache dass nach unserer Meinung
2222 1955 3476 2031 das Stück nicht mehr in Holland geschützt ist.
2654 2009 3498 2093 Sobald wir einige Monate vorher
2217 2071 3680 2142 hörten, dass man das Stück spielen wollte, haben wir uns
2213 2126 3567 2184 erkundigt bei Herrn R eyding, der uns versicherte,
2217 2171 3598 2230 dass das Stück für Holland frei ist. Wir haben die-
2222 2220 3604 2275 sen Punkt bei unserer Unterredung in Berlin bespro-
2220 2264 3578 2310 chen und Sie wissen, dass wenn ein Schauspiel nicht
2213 2300 3587 2364 in holländischer Uebersetzung veröffentlich ist in-
2217 2353 3564 2406 nerhalb 10 Jahre gerechnet von der Erscheinung in
2217 2397 3582 2482 der originalen Sprache. es für die Uebersetzung und
