3880 3688
590 960 1924 1085 daran. Dass das Stück Jetzt in Musik gesetzt wird,
588 1013 1769 1150 glaube ich Ihnen schon geschrieben zu haben.
983 1120 1763 1246 Mit den herzlichsten Grässen
1184 1214 1292 1291 Ihr
641 1975 1296 2088 Herrn Gottfried Hermann.
650 2058 1118 2135 b.Fischer,Verlag.
653 2116 856 2190 Berlin.
2190 776 2445 889 Fischer
3195 817 3494 927 22.6.1931.
2392 1008 3181 1111 Verehrter Herr Doktor German.
2789 1108 3670 1216 Die Sendung des “Jungen Medardus“
2389 1175 3655 1268 durch den deutschen Hundfunk in Hamburg ist von
2397 1226 3640 1309 mir niemals autorisiert worden. Mit der "Norak"
2396 1264 3711 1351 habe ich niemals verhandelt, von der stattgehabten
2401 1321 3608 1392 Sendung habe ich aus der Zeitung erfahren und
2401 1344 3696 1440 dachte natürlich, dass ein Vertrag durch Sie abge-
2399 1399 3691 1497 schlossen worden war. Ich bitte meine Rechte mit
2399 1442 3675 1530 aller Energie zu wahren. Was die Korrekturen der
2397 1488 3713 1563 Novelle anbelangt, wäre es mir sehr erwünscht, wenn
2407 1537 3633 1616 ich sie als ganzes nach Empfang aller Bogen an
2410 1570 3688 1661 den Verlag zurücksenden dürfte. Es eilt ja nicht
2405 1621 3666 1699 gar so sehr, da Sie doch erst im Oktober heraus-
2401 1689 2784 1766 kommen wollen.
2778 1726 3464 1831 Mit verbindlichen Grüssen
2778 1812 3269 1889 Ihr sehr ergebener
2518 2216 3266 2324 Herrn Dr.Gottfried Herman,
2430 2279 2891 2372 S.Fischer, Verlag.
2429 2341 2623 2425 Berlin.
