3869 3561
2050 674 2480 783 Fischer
2934 722 3234 815 28.9.1929.
2256 917 2817 1033 Lieber Doktor Maril.
2993 1041 3596 1142 Tagen möchte ich Ihnen
2270 1114 3572 1233 die Korrektur des Stückes ("Im Spiel der Sommer-
2642 1092 2946 1170 In wenigen
2263 1170 3559 1294 lüfte") zusenden und werde dann nur mehr um ei¬
2276 1191 3603 1330 ne Korrektur des vollkommen umbrochenen Exemplars
2281 1240 3557 1376 ersuchen. Indess aber bin ich noch ohne Antwort
2288 1296 3554 1405 auf mein Schreiben aus Caux, in welchem ich mei-
2290 1328 3579 1458 ne wohlbegründete Ansicht aussprach, dass wir uns
2288 1378 3503 1498 hinsichtlich Theatervertrieb und Rundfunk auf
2295 1407 3644 1565 eine Provision von zehn Perzent zu einigen hätten.
2684 1505 3569 1604 Von Harz habe ich vor einigen Wo-
2300 1548 3627 1668 chen einen Brief erhalten,in dem er (spontan) den
2305 1602 3622 1712 Wunsch ausspricht die "Reigen"-Angelegenheit end-
2312 1648 3547 1765 lich aus demWege zu schaffen. Möchten Sie ihn
2315 1672 3683 1809 nicht gelegentlich antelefonieren,um seine endgült
2319 1738 3591 1838 tigen Bedingungen zu hören? Im übrigen verweise
2320 1780 3555 1903 ich aufuneene Korrespondenz vom vorigen Jahre.
2665 1869 3257 1967 Mit herzlichem Gruss
2664 1942 3041 2022 Ihr ergebener
2336 2281 2978 2375 Herrn Dr. Konrad Maril,
2349 2353 2818 2428 S.Fischer,Verlag,
2346 2405 2553 2478 Berlin.
