3875 3433
2037 574 2439 688 S. Fischer
2487 658 2601 746 m
2737 609 3348 764 Abass 20.2.1928.
2373 739 2457 809 G.F.P.
2315 841 2834 944 Lieber Herr Doktor.
2658 974 3616 1067 In meinen Abrechnungen fehle leider
2313 1033 3571 1100 die vom Oktober, in der auch die über das Gast-
2319 1088 3566 1165 spiel Dorsch in Holland enthalten gewesen sein
2322 1140 3508 1203 dürfte. Offenbar ist gerade diese Abrechnung
2322 1154 3592 1249 durch meine Schuld in Verstoss geraten, denn ich
2322 1224 3566 1285 glaube mich zu erinnern, dass ich sie in Händen
2319 1275 3557 1326 gehabt habe. Darf ich Sie um gefällige Einsen-
2322 1299 3585 1371 dung eines Duplikats der betreffenden Monatsab-
2322 1355 3590 1429 rechnung ersuchen (das ich auch für die Steuer-
2315 1397 2804 1480 fession benötige).
2664 1475 3581 1541 Ich sende Ihnen hier einen Artikel
2319 1527 3592 1581 aus dem Neuen Wiener Journal von gestern ein, um
2319 1583 3560 1632 dessen Rücksendung ich bitte. Er wird wohl für
2324 1622 3566 1690 Sie nichts Neues enthalten, immerhin möchte ich
2312 1664 3539 1723 neuerdrings Ihre Aufmerksamkeit auf diese lä-
2319 1718 3590 1771 cherlichen Zustände lenken. Insbesondere möchte
2319 1760 3634 1827 Ich wissen, ob die Kontrolle der einzelnen Theater
2324 1792 3672 1883 in einem gewissen Turnus und automatisch geschieht
2322 1851 3574 1904 oder auf Antrag des Agenten und des Autors. In
2319 1890 3583 1942 letzterem Falle würde ich z.B. auf die
2322 1935 3639 1988 in der letzten eben eingelangten Aufstellung ent-
2312 1977 3688 2052 haltenen Verrechnung über die B reslauer Vereinig-
2327 2028 3639 2093 ten Theater Anatol-Zyklus hinweisen. Ich halte es
2319 2073 3457 2140 für kaum denkbar, dass ein Theater sich mit
2312 2093 3571 2166 Durchschnittseinnahmen von 300 Mk. fortbringen
2315 2137 3709 2222 kann und insbesondere halte ich es für unwahrschein
2322 2200 3644 2271 lich, dass ein Theater, welches bei den ersten Vor-
2312 2243 3630 2306 stellungen solche Durchschnittseinnahmen erzielt,
2312 2292 3641 2347 das Stück weiter auf dem Repertoir erhält und ei-
2319 2334 3599 2387 nen solchen Abend zirka 25 Mal wiederholt.
2315 2385 3592 2429 Hier sowie in anderen Fällen dürfte es wohl zu-
2322 2424 3595 2482 treffen, dass die Tantiemen nicht von der ganzen
2315 2457 3723 2550 Einnahme verrechnet werden, dass z.B. die Abonnements
