3873 3576
3406 586 3756 719 Berlin
2249 679 2628 766 1 1 ches
3110 702 3413 793 23.2.1931.
2346 922 3060 1041 Lieber Herr Doktor Maril.
2734 1038 3702 1130 Ob durch unerbetene Versendung eines
2358 1088 3713 1180 stückes an die Bühnen wesentliche Annahmen erzielt
2370 1143 3708 1218 werden können ist mir nicht über jeden Zweifel er-
2367 1187 3675 1261 haben. Zweckdienlicher schiene mir doch wohl, dass
2372 1204 3742 1308 an nahezu sämtliche Bähnen, wie es doch wohl in frü-
2372 1254 3751 1362 herer Zeit geschah, geschickt zusammengestellte Aus-
2370 1313 3668 1396 züge aus den Kritiken versandt würden. Gerade in
2377 1332 3768 1436 diesem Fall wird es das nicht besonders schwer sein.
2370 1395 3666 1485 Man sollte sogar denken, dass ein oder die andere
2382 1421 3711 1523 Bühne auf die Idee kommen könnte den Verlag um Zu-
2375 1490 3721 1575 sendung eines Exemplare zu ersuchen. Welche Bühnen
2346 1525 3713 1613 heiten Sie denn bisher für eventuelle Beteilung mit
2380 1563 3742 1655 Exemplaren in Aussicht genommen? Ich erinnere, dass
2380 1611 3751 1703 schon vor Jahren Dresden und Kiel sich um Urauffüh-
2377 1681 2985 1771 rungen beworben haben.
2725 1727 3699 1810 Und wie steht es denn mit dem "Spiel
2384 1779 3772 1868 der Sommerlüfte? Es scheint, dass auch die paar Büh-
2386 1831 3779 1914 nen, die es im vorigen Jahr erworben haben. Frankfurt.
2386 1880 3711 1958 Hannover und Giessen, eine Aufführung bisher nicht
2386 1942 2698 2027 riskierten?
2736 1970 3803 2072 Die römische Rundfunksache und den Raub-
2393 2048 3709 2140 versuch des Herrn Rökk Richter verfolgen Sie hof-
2394 2115 2838 2205 fentlich weiter?
2758 2173 3271 2270 Mit besten Grüs sen
2822 2244 2918 2316 Ihr
2398 2394 2997 2476 Herrn Dr. Konrad Maril,
2405 2467 2871 2545 S.Fischer,Verlag,
2400 2514 2604 2594 Perlin.
