<?xml version="1.0" encoding="UTF-8" standalone="yes"?>
<PcGts xmlns="http://schema.primaresearch.org/PAGE/gts/pagecontent/2013-07-15" xmlns:xsi="http://www.w3.org/2001/XMLSchema-instance" xsi:schemaLocation="http://schema.primaresearch.org/PAGE/gts/pagecontent/2013-07-15 http://schema.primaresearch.org/PAGE/gts/pagecontent/2013-07-15/pagecontent.xsd">
    <Metadata>
        <Creator>prov=READ-COOP:name=TrHtr:version=2.1.0:model_id=51170:date=27_07_2023_17:40</Creator>
        <Created>2023-05-02T08:01:23.663+02:00</Created>
        <LastChange>2023-07-27T17:40:55.302+02:00</LastChange>
        <TranskribusMetadata docId="1416741" pageId="54952936" pageNr="113" tsid="131275983" status="IN_PROGRESS" userId="64420" imgUrl="https://files.transkribus.eu/Get?id=EROGQWYSXGCWDWHLUWCVQZGC&amp;fileType=view" xmlUrl="https://files.transkribus.eu/Get?id=WYASQWCOUZNFVENEKWEEZTCJ" imageId="44456661"/>
    </Metadata>
    <Page imageFilename="1416741_0113.jpg" imageWidth="3859" imageHeight="3576">
        <ReadingOrder>
            <OrderedGroup id="ro_1711827668699" caption="Regions reading order">
                <RegionRefIndexed index="0" regionRef="tr_1"/>
            </OrderedGroup>
        </ReadingOrder>
        <TextRegion id="tr_1" custom="readingOrder {index:0;}">
            <Coords points="2145,669 3668,669 3668,2203 2145,2203"/>
            <TextLine id="tr_1_tl_1" custom="readingOrder {index:0;}">
                <Coords points="2136,731 2287,731 2298,742 2394,725 2415,739 2546,733 2547,657 2263,671 2205,706 2172,694 2136,705"/>
                <Baseline points="2145,731 2190,728 2235,728 2280,725 2325,725 2370,719 2414,719 2459,719 2504,722 2549,728"/>
                <TextEquiv>
                    <Unicode>J. Bscher</Unicode>
                </TextEquiv>
            </TextLine>
            <TextLine id="tr_1_tl_2" custom="readingOrder {index:1;}">
                <Coords points="3203,826 3266,821 3338,842 3394,835 3411,851 3439,831 3495,842 3496,769 3471,757 3441,774 3430,766 3364,774 3340,757 3293,779 3280,764 3205,772"/>
                <Baseline points="3211,811 3229,814 3274,814 3319,814 3364,811 3408,811 3453,808 3498,808"/>
                <TextEquiv>
                    <Unicode>3.2.1930.</Unicode>
                </TextEquiv>
            </TextLine>
            <TextLine id="tr_1_tl_3" custom="readingOrder {index:2;}">
                <Coords points="2379,982 2877,1004 3064,987 3066,905 2940,887 2872,919 2606,921 2520,897 2380,917"/>
                <Baseline points="2387,970 2396,970 2441,970 2486,967 2531,967 2576,967 2620,964 2665,961 2710,961 2755,961 2799,961 2844,958 2889,958 2934,958 2979,955 3023,955 3068,958"/>
                <TextEquiv>
                    <Unicode>Zieber Herr Doktor Maril.</Unicode>
                </TextEquiv>
            </TextLine>
            <TextLine id="tr_1_tl_4" custom="readingOrder {index:3;}">
                <Coords points="2710,1097 3496,1075 3632,1108 3663,1100 3666,1009 3548,1036 3370,1015 3302,1043 3269,1020 3071,1050 2711,1040"/>
                <Baseline points="2719,1086 2728,1089 2773,1089 2817,1092 2862,1089 2907,1086 2952,1086 2996,1083 3041,1083 3086,1083 3131,1080 3176,1080 3220,1080 3265,1077 3310,1077 3355,1074 3399,1074 3444,1074 3489,1074 3534,1071 3578,1071 3623,1068 3668,1065"/>
                <TextEquiv>
                    <Unicode>Ich glaube wir dürfen das klägliche</Unicode>
                </TextEquiv>
            </TextLine>
            <TextLine id="tr_1_tl_5" custom="readingOrder {index:4;}">
                <Coords points="2382,1141 3588,1122 3588,1073 2383,1094"/>
                <Baseline points="2390,1137 2426,1143 2471,1143 2516,1140 2561,1140 2605,1137 2650,1137 2695,1137 2740,1137 2784,1134 2829,1134 2874,1134 2919,1131 2964,1134 3008,1131 3053,1128 3098,1128 3143,1125 3187,1125 3232,1125 3277,1122 3322,1119 3367,1119 3411,1116 3456,1116 3501,1116 3546,1113 3590,1113"/>
                <TextEquiv>
                    <Unicode>Kagebot für die rumänischen Rechte (Pauschal</Unicode>
                </TextEquiv>
            </TextLine>
            <TextLine id="tr_1_tl_6" custom="readingOrder {index:5;}">
                <Coords points="2394,1200 3504,1177 3562,1171 3564,1119 2396,1162"/>
                <Baseline points="2405,1188 2447,1185 2492,1188 2537,1176 2582,1179 2626,1182 2671,1182 2716,1179 2761,1179 2805,1179 2850,1176 2895,1176 2940,1176 2984,1173 3029,1173 3074,1173 3119,1170 3164,1167 3208,1167 3253,1164 3298,1164 3343,1161 3387,1161 3432,1158 3477,1158 3522,1155 3567,1158"/>
                <TextEquiv>
                    <Unicode>von “Traumnovelle“ im Betrage von Nr.250.-)</Unicode>
                </TextEquiv>
            </TextLine>
            <TextLine id="tr_1_tl_7" custom="readingOrder {index:6;}">
                <Coords points="2388,1237 3480,1225 3629,1212 3630,1166 2390,1201"/>
                <Baseline points="2396,1232 2423,1232 2468,1232 2513,1229 2558,1229 2602,1226 2647,1226 2692,1223 2737,1226 2781,1223 2826,1223 2871,1220 2916,1220 2961,1217 3005,1217 3050,1217 3095,1214 3140,1214 3184,1211 3229,1211 3274,1208 3319,1208 3364,1208 3408,1205 3453,1205 3498,1205 3543,1202 3587,1199 3632,1193"/>
                <TextEquiv>
                    <Unicode>absolut nicht annehmen, selbst auf die nahelie-</Unicode>
                </TextEquiv>
            </TextLine>
            <TextLine id="tr_1_tl_8" custom="readingOrder {index:7;}">
                <Coords points="2388,1293 3592,1259 3606,1217 2390,1245"/>
                <Baseline points="2396,1280 2402,1280 2447,1277 2492,1274 2537,1271 2582,1268 2626,1268 2671,1268 2716,1268 2761,1268 2805,1268 2850,1265 2895,1265 2940,1265 2984,1265 3029,1262 3074,1262 3119,1256 3164,1256 3208,1253 3253,1253 3298,1253 3343,1250 3387,1250 3432,1247 3477,1247 3522,1247 3567,1247 3611,1247"/>
                <TextEquiv>
                    <Unicode>gende Gefahr hin, dass irgendwer dort das Buch</Unicode>
                </TextEquiv>
            </TextLine>
            <TextLine id="tr_1_tl_9" custom="readingOrder {index:8;}">
                <Coords points="2390,1321 3559,1304 3589,1256 2391,1288"/>
                <Baseline points="2399,1319 2426,1319 2471,1319 2516,1316 2561,1313 2605,1313 2650,1313 2695,1313 2740,1310 2784,1310 2829,1310 2874,1307 2919,1307 2964,1307 3008,1304 3053,1307 3098,1304 3143,1301 3187,1301 3232,1298 3277,1298 3322,1298 3367,1295 3411,1292 3456,1292 3501,1292 3546,1289 3590,1289"/>
                <TextEquiv>
                    <Unicode>übersetzt und herausgibt, ohne auch nur einen</Unicode>
                </TextEquiv>
            </TextLine>
            <TextLine id="tr_1_tl_10" custom="readingOrder {index:9;}">
                <Coords points="2388,1362 3611,1354 3625,1305 2388,1319"/>
                <Baseline points="2396,1361 2420,1361 2465,1364 2510,1364 2555,1361 2599,1358 2644,1358 2689,1358 2734,1355 2779,1355 2823,1355 2868,1352 2913,1352 2958,1352 3002,1349 3047,1349 3092,1346 3137,1346 3181,1346 3226,1343 3271,1343 3316,1340 3361,1340 3405,1337 3450,1337 3495,1337 3540,1334 3584,1334 3629,1328"/>
                <TextEquiv>
                    <Unicode>Heller zu zahlen. Verlangen Sie bitte der Ord-</Unicode>
                </TextEquiv>
            </TextLine>
            <TextLine id="tr_1_tl_11" custom="readingOrder {index:10;}">
                <Coords points="2390,1409 3625,1393 3627,1351 2390,1376"/>
                <Baseline points="2399,1408 2420,1408 2465,1408 2510,1408 2555,1405 2599,1405 2644,1402 2689,1402 2734,1399 2779,1396 2823,1396 2868,1396 2913,1396 2958,1396 3002,1393 3047,1390 3092,1390 3137,1388 3181,1388 3226,1388 3271,1385 3316,1385 3361,1385 3405,1382 3450,1382 3495,1382 3540,1379 3584,1379 3629,1370"/>
                <TextEquiv>
                    <Unicode>nung halber 500 Mk. als Garantie für die 10%</Unicode>
                </TextEquiv>
            </TextLine>
            <TextLine id="tr_1_tl_12" custom="readingOrder {index:11;}">
                <Coords points="2388,1453 3580,1441 3654,1398 2388,1412"/>
                <Baseline points="2396,1450 2402,1450 2447,1450 2492,1450 2537,1447 2582,1447 2626,1444 2671,1444 2716,1444 2761,1444 2805,1441 2850,1441 2895,1438 2940,1438 2984,1435 3029,1438 3074,1435 3119,1435 3164,1435 3208,1435 3253,1432 3298,1429 3343,1429 3387,1426 3432,1426 3477,1426 3522,1423 3567,1423 3611,1420 3656,1426"/>
                <TextEquiv>
                    <Unicode>igen Tantiemen vom Ladenpreis jedes Exemplares.</Unicode>
                </TextEquiv>
            </TextLine>
            <TextLine id="tr_1_tl_13" custom="readingOrder {index:12;}">
                <Coords points="2390,1499 3444,1490 3561,1474 3561,1434 2391,1464"/>
                <Baseline points="2399,1495 2444,1495 2489,1495 2534,1492 2579,1492 2623,1492 2668,1489 2713,1486 2758,1489 2802,1489 2847,1486 2892,1486 2937,1483 2981,1483 3026,1483 3071,1480 3116,1480 3161,1477 3205,1477 3250,1474 3295,1474 3340,1474 3384,1471 3429,1471 3474,1471 3519,1468 3564,1468"/>
                <TextEquiv>
                    <Unicode>Haben wir übrigens schon jemals ein Honorar</Unicode>
                </TextEquiv>
            </TextLine>
            <TextLine id="tr_1_tl_14" custom="readingOrder {index:13;}">
                <Coords points="2388,1549 3372,1540 3373,1482 2390,1499"/>
                <Baseline points="2396,1543 2435,1540 2480,1540 2525,1540 2570,1540 2614,1537 2659,1534 2704,1531 2749,1531 2793,1531 2838,1531 2883,1531 2928,1528 2973,1528 3017,1525 3062,1525 3107,1528 3152,1522 3196,1522 3241,1519 3286,1519 3331,1516 3376,1516"/>
                <TextEquiv>
                    <Unicode>für meine Bücher bekommen? von dort?</Unicode>
                </TextEquiv>
            </TextLine>
            <TextLine id="tr_1_tl_15" custom="readingOrder {index:14;}">
                <Coords points="2705,1631 3268,1620 3269,1567 3055,1587 2984,1565 2908,1587 2820,1570 2705,1590"/>
                <Baseline points="2713,1617 2734,1617 2779,1617 2823,1617 2868,1617 2913,1614 2958,1614 3002,1614 3047,1611 3092,1611 3137,1611 3181,1608 3226,1605 3271,1608"/>
                <TextEquiv>
                    <Unicode>Mit herzlichem Gruss</Unicode>
                </TextEquiv>
            </TextLine>
            <TextLine id="tr_1_tl_16" custom="readingOrder {index:15;}">
                <Coords points="2793,1682 2858,1682 2894,1663 2921,1676 2940,1663 3258,1668 3296,1657 3298,1614 2971,1620 2892,1638 2821,1622 2795,1635"/>
                <Baseline points="2802,1659 2808,1659 2853,1662 2898,1662 2943,1662 2987,1662 3032,1662 3077,1659 3122,1659 3167,1659 3211,1653 3256,1650 3301,1650"/>
                <TextEquiv>
                    <Unicode>Ihr sehr ergebener</Unicode>
                </TextEquiv>
            </TextLine>
            <TextLine id="tr_1_tl_17" custom="readingOrder {index:16;}">
                <Coords points="2393,2114 2998,2112 2998,2065 2954,2049 2889,2068 2796,2051 2730,2066 2648,2044 2457,2077 2393,2059"/>
                <Baseline points="2402,2104 2420,2107 2465,2104 2510,2101 2555,2101 2599,2101 2644,2098 2689,2098 2734,2098 2779,2095 2823,2098 2868,2095 2913,2095 2958,2098 3002,2098"/>
                <TextEquiv>
                    <Unicode>Herrn Dr.Konrad Maril,</Unicode>
                </TextEquiv>
            </TextLine>
            <TextLine id="tr_1_tl_18" custom="readingOrder {index:17;}">
                <Coords points="2402,2177 2530,2152 2629,2167 2769,2150 2877,2169 2877,2120 2842,2112 2402,2114"/>
                <Baseline points="2411,2149 2432,2149 2477,2149 2522,2149 2567,2146 2611,2146 2656,2146 2701,2143 2746,2143 2790,2143 2835,2146 2880,2146"/>
                <TextEquiv>
                    <Unicode>S.Fischer,Verlag,</Unicode>
                </TextEquiv>
            </TextLine>
            <TextLine id="tr_1_tl_19" custom="readingOrder {index:18;}">
                <Coords points="2426,2207 2453,2202 2476,2216 2517,2205 2531,2213 2547,2205 2574,2213 2601,2204 2613,2211 2640,2205 2640,2172 2599,2156 2569,2152 2552,2161 2519,2155 2495,2166 2472,2155 2426,2170"/>
                <Baseline points="2435,2190 2480,2193 2525,2193 2570,2193 2614,2193 2644,2193"/>
                <TextEquiv>
                    <Unicode>Berlin.</Unicode>
                </TextEquiv>
            </TextLine>
        </TextRegion>
    </Page>
</PcGts>
