3868 3496
2083 600 2250 729 G.H.F.P
3191 609 3548 719 Fischer Bl.2
2753 611 2847 727 G.F.P
2234 646 2370 740 G.H.F.P
1698 743 1796 804 G.C.H.P.
2328 745 3541 832 Einlände von “Traumnovelle“ etc., die Sie mir
2333 816 3564 887 neulich senden liessen aber für einumfangrei-
501 811 1815 919 verursacht, da ja die Harz'schen Exemplare (siehe
2332 873 3477 952 cheres Buch wie "Therese" kommen sie wohl
505 884 1844 960 meinen vorigen Brief) noch vorhandenen sind. Doch
2339 914 2887 994 weniger in Betracht.
510 941 1815 1014 halte ich es für absolut ausgeschlossen, dass ir-
513 994 1789 1056 gend eine Behörde sich heute noch mit einer Be-
2539 969 3626 1061 Diesen Brief erhalten Sie wohl noch vor
519 1034 1824 1101 schlagnahmung des "Reigen" blamieren könnte, umso
2332 1037 3595 1112 Ihrer Abreise ins Engadin. Ich wünsche Ihnen
512 1079 1813 1148 mehr als sich jeder Verlag auch der Verlag S. Fi-
2342 1088 3532 1173 und den Ihren schöne sonnige Wintertage, gute
513 1108 1848 1181 scher ohnewelters damit ausweisen dürfte, dass Bü-
2330 1131 3306 1218 Laune und ungetrübtes Wohlbefinden.
515 1166 1794 1218 cher gegen die der "Reigen" eine junge Mädchen-
515 1211 1792 1275 Lektüre ist, von behördlichen Massnahmen völlig
2546 1192 3165 1298 Mit herzlichen Grüssen
524 1249 1850 1319 unangefochten geblieben sind. Nochmals empfehle
2582 1268 2694 1335 Ihr
519 1289 1829 1359 ich Ihnen die Lektüre des "Reigen"-Prozesses, den
515 1335 1771 1413 ich mir erlaubte Ihnen zu übersenden und weise
522 1362 1890 1441 insbesondere auf die xxxx in dem Werk am Schlüsse
519 1429 1884 1488 befindlichen Gutachten hin. I o h für meinen Teil
522 1451 1898 1549 habe über die Angelegenheit schon so viel geschrie-
522 1512 1749 1573 ben und gesprochen und mich insbesondere mit
524 1564 1780 1622 Herrn Dr.Maril zuletzt so ausführlich über die
519 1613 1834 1662 Frage der Herausgabe und alle damit in Zusammen-
522 1644 1726 1705 hang stehende Vorfragen unterhalten, dass ich
527 1695 1705 1763 hoffe auf weitere theoretische Erörterungen
522 1745 1100 1832 verzichten zu dürfen.
745 1789 1837 1897 Was den Ergönenngehand anbelangt, so habe
531 1846 1926 1945 Ich, wie Sie wissen, auch nicht das Geringste dagegen,
555 1921 1931 1977 dass nur die drei Novellen (Else, Frau des Richters,
525 1954 1857 2029 Traumnovelle) darin aufgenommen werden. Wichtiger
536 1999 1858 2067 aber fast erscheint mir als die Herausgabe dieses
524 2044 1857 2107 Ergönzungsbandes, dass die Alten Bände der Gesamt-
2354 2044 2979 2149 Herrn S.Fischer,Verlag,
532 2078 1916 2161 ausgabe in Einzelbänden möglichst bald neu gedruckt
2340 2116 2554 2206 Berlin.
536 2133 1815 2199 würden. Ich schlage vor, dass Sie mir von diesen
525 2182 1893 2257 Bänden die Hälfte der neugedruckten bei Erscheinen
539 2220 1893 2304 im Voraus und dann bei Anbruch eines neuen Tausend
527 2281 1134 2365 immer dieses bezahlen.
825 2335 1916 2431 Wegen Einbandmuster für „Therese“ höre
527 2399 1832 2473 ich hoffentlich wohl noch von Dr. Maril. Wie viel
545 2441 1928 2513 broschierte und wie viel gebundene Exemplare denken
534 2490 1879 2558 Sie in den Handel zu bringen? Wäre es nicht ange-
560 2526 1923 2613 zeigt einige besser ausgestattete anzufertigen,et-
562 2601 1825 2657 a in Leder gebunden? Sehr hübsch finde ich die
