3869 3561
1984 623 2462 779 S. Fischer
2916 728 3207 826 10.8.1929.
2246 903 2637 1000 Lieber Freund,
2605 1024 3473 1114 Ich nehme an, dass Sie schon nach
2248 1093 3479 1154 Berlin, in guter Stimmung und guter Gesundheit,
2256 1140 3490 1199 zurückgekehrt sind. Heute sende ich mein neues
2248 1170 3502 1253 Stück an den Verlag ab, betitelt "Im Spiel der
2256 1220 2553 1293 Sommerlüfte
2618 1228 3445 1283 alles Nähere habe ich vor etwa
2256 1272 3441 1319 zehn Tagen in einem Brief an den Verlag auf-
2256 1314 3466 1377 gezeichnet und Sie haben wohl meine verschie-
2256 1367 3437 1433 denen Bemerkungen freundlich und beistimmend
2252 1393 3536 1475 zur Kenntnis genommen. Sehr wichtig wäre es mir,
2256 1447 3391 1505 dass der Satz möglichst rasch erfolgt; man
2254 1483 3462 1546 sagte mir, dass in 14 Tagen die Faenen vorlie-
2259 1528 3492 1587 gen können. Ich werde eine grössere Menge sol-
2259 1581 3494 1649 cher Korrekturexemplare brauchen. Eine Versen-
2259 1626 3384 1697 dung vom Verlag aus erfolgt natürlich vor-
2259 1660 2879 1737 läufig in keinem Falle.
2621 1726 3462 1816 Ich selbst bin noch in Wien, wie
2241 1792 3508 1863 Sie sehen, mein Sohn besucht mich noch auf eini-
2251 1834 3508 1913 ge Tage, ich werde vermutlich erst gegen den 20.
2248 1890 3462 1950 verreisen und denke am meisten an die franzö-
2240 1921 3465 2004 sischer Schweiz. Sie werden über meine Adres-
2248 1979 3255 2041 se natürlich immer informiert werden.
2619 2038 3487 2140 Grüssen Sie mir die Ihren, lieber
2241 2074 3358 2161 Freund, und seien Sie selbst sehr herzlich
2251 2111 3542 2228 gegrüsst. In absehbarer Zeit hoffe ich sehe ich
2248 2188 2681 2262 Sie Alle wieder!
2235 2352 2871 2449 Herrn S.Fischer,Verlag.
2240 2409 2446 2481 Berlin.
