<?xml version="1.0" encoding="UTF-8" standalone="yes"?>
<PcGts xmlns="http://schema.primaresearch.org/PAGE/gts/pagecontent/2013-07-15" xmlns:xsi="http://www.w3.org/2001/XMLSchema-instance" xsi:schemaLocation="http://schema.primaresearch.org/PAGE/gts/pagecontent/2013-07-15 http://schema.primaresearch.org/PAGE/gts/pagecontent/2013-07-15/pagecontent.xsd">
    <Metadata>
        <Creator>prov=READ-COOP:name=TrHtr:version=2.1.0:model_id=51170:date=27_07_2023_17:40</Creator>
        <Created>2023-05-02T08:01:21.293+02:00</Created>
        <LastChange>2023-07-27T17:40:49.724+02:00</LastChange>
        <TranskribusMetadata docId="1416741" pageId="54952880" pageNr="99" tsid="131275952" status="IN_PROGRESS" userId="64420" imgUrl="https://files.transkribus.eu/Get?id=BRIRGGXZESXSGBGFXKCNWNFW&amp;fileType=view" xmlUrl="https://files.transkribus.eu/Get?id=BLVBNPFKRAXNDVDNCVDCCYIH" imageId="44456605"/>
    </Metadata>
    <Page imageFilename="1416741_0099.jpg" imageWidth="3898" imageHeight="3559">
        <ReadingOrder>
            <OrderedGroup id="ro_1711827657578" caption="Regions reading order">
                <RegionRefIndexed index="0" regionRef="tr_1"/>
            </OrderedGroup>
        </ReadingOrder>
        <TextRegion id="tr_1" custom="readingOrder {index:0;}">
            <Coords points="319,642 3556,642 3556,2652 319,2652"/>
            <TextLine id="tr_1_tl_1" custom="readingOrder {index:0;}">
                <Coords points="1492,712 1515,718 1526,712 1536,720 1542,713 1549,718 1572,717 1572,627 1559,627 1554,632 1547,625 1539,624 1531,632 1523,630 1513,637 1500,627 1492,627"/>
                <Baseline points="1501,692 1546,692 1576,692"/>
                <TextEquiv>
                    <Unicode>me</Unicode>
                </TextEquiv>
            </TextLine>
            <TextLine id="tr_1_tl_2" custom="readingOrder {index:1;}">
                <Coords points="1948,790 2090,752 2165,785 2285,770 2371,787 2367,710 2275,681 2156,722 2085,700 2041,702 2013,722 1943,710"/>
                <Baseline points="1955,752 2000,749 2045,752 2090,761 2134,764 2179,767 2224,767 2269,767 2313,770 2358,773 2374,780"/>
                <TextEquiv>
                    <Unicode>Si Tischer</Unicode>
                </TextEquiv>
            </TextLine>
            <TextLine id="tr_1_tl_3" custom="readingOrder {index:2;}">
                <Coords points="2691,819 2727,826 2748,814 2780,821 2798,813 2814,821 2845,801 2898,805 2911,795 2928,805 2976,803 2982,720 2920,712 2845,730 2784,705 2753,715 2740,702 2700,700"/>
                <Baseline points="2702,809 2746,806 2791,803 2836,800 2881,800 2899,794 2934,791 2979,785"/>
                <TextEquiv>
                    <Unicode>Kom</Unicode>
                </TextEquiv>
            </TextLine>
            <TextLine id="tr_1_tl_4" custom="readingOrder {index:3;}">
                <Coords points="2842,850 2928,839 2959,857 3021,840 3038,849 3077,839 3103,850 3122,844 3124,790 3103,798 3070,782 3051,795 2964,805 2928,805 2915,795 2899,806 2844,800"/>
                <Baseline points="2851,844 2857,841 2902,838 2946,838 2991,836 3036,836 3081,836 3126,841"/>
                <TextEquiv>
                    <Unicode>5.10.1929.</Unicode>
                </TextEquiv>
            </TextLine>
            <TextLine id="tr_1_tl_5" custom="readingOrder {index:4;}">
                <Coords points="313,891 1578,876 1598,805 682,785 495,842 314,836"/>
                <Baseline points="322,883 346,883 391,883 435,880 480,880 525,877 570,877 615,877 659,874 704,871 749,871 794,871 838,871 883,868 928,868 973,865 1018,865 1062,862 1107,862 1152,859 1197,859 1242,859 1286,859 1331,859 1376,856 1421,853 1465,856 1510,853 1555,853 1600,856"/>
                <TextEquiv>
                    <Unicode>hin mit jener Sachlichkeit behandeln, in der im</Unicode>
                </TextEquiv>
            </TextLine>
            <TextLine id="tr_1_tl_6" custom="readingOrder {index:5;}">
                <Coords points="309,935 1367,940 1580,906 1534,858 311,888"/>
                <Baseline points="319,925 328,925 373,925 418,928 462,925 507,922 552,922 597,922 641,919 686,916 731,916 776,916 821,913 865,913 910,910 955,910 1000,907 1045,907 1089,904 1134,907 1179,904 1224,904 1268,901 1313,904 1358,901 1403,898 1448,898 1492,898 1537,895 1582,892"/>
                <TextEquiv>
                    <Unicode>der guten alten) alles Notwendige zum gegensei-</Unicode>
                </TextEquiv>
            </TextLine>
            <TextLine id="tr_1_tl_7" custom="readingOrder {index:6;}">
                <Coords points="2031,938 2067,937 2103,959 2134,941 2163,948 2186,938 2236,950 2324,950 2316,853 2295,860 2204,837 2178,839 2153,857 2108,847 2085,862 2049,850 2023,857"/>
                <Baseline points="2039,919 2084,919 2128,919 2173,919 2218,925 2263,940 2307,937 2325,934"/>
                <TextEquiv>
                    <Unicode>G.C.F.P.</Unicode>
                </TextEquiv>
            </TextLine>
            <TextLine id="tr_1_tl_8" custom="readingOrder {index:7;}">
                <Coords points="313,972 406,997 503,969 549,1010 1000,984 1083,1003 1171,985 1173,927 314,932"/>
                <Baseline points="322,967 325,970 370,973 415,970 459,967 504,964 549,964 594,964 638,964 683,961 728,961 773,961 818,961 862,958 907,958 952,958 997,955 1042,952 1086,952 1131,952 1176,952"/>
                <TextEquiv>
                    <Unicode>tigen Verständnis enthalten ist.</Unicode>
                </TextEquiv>
            </TextLine>
            <TextLine id="tr_1_tl_9" custom="readingOrder {index:8;}">
                <Coords points="2212,1044 2394,1029 2533,1067 2911,1065 2912,972 2881,967 2213,992"/>
                <Baseline points="2221,1030 2242,1030 2287,1030 2331,1027 2376,1027 2421,1027 2466,1024 2511,1024 2555,1024 2600,1021 2645,1021 2690,1021 2734,1021 2779,1021 2824,1021 2869,1021 2914,1024"/>
                <TextEquiv>
                    <Unicode>Lieber Herr Doktor Maril.</Unicode>
                </TextEquiv>
            </TextLine>
            <TextLine id="tr_1_tl_10" custom="readingOrder {index:9;}">
                <Coords points="591,1060 1016,1042 1106,1083 1138,1075 1140,995 591,1011"/>
                <Baseline points="600,1050 606,1047 650,1047 695,1047 740,1047 785,1047 830,1045 874,1042 919,1042 964,1042 1009,1039 1053,1039 1098,1039 1143,1039"/>
                <TextEquiv>
                    <Unicode>Mit herzlichem Gruss</Unicode>
                </TextEquiv>
            </TextLine>
            <TextLine id="tr_1_tl_11" custom="readingOrder {index:10;}">
                <Coords points="594,1099 632,1099 658,1116 717,1093 787,1124 963,1122 964,1055 940,1049 883,1064 862,1047 772,1059 704,1047 665,1060 596,1054"/>
                <Baseline points="603,1092 609,1089 653,1092 698,1092 743,1092 788,1092 833,1089 877,1089 922,1086 967,1086"/>
                <TextEquiv>
                    <Unicode>Ihr ergebener</Unicode>
                </TextEquiv>
            </TextLine>
            <TextLine id="tr_1_tl_12" custom="readingOrder {index:11;}">
                <Coords points="2567,1165 3360,1143 3344,1090 2569,1114"/>
                <Baseline points="2576,1149 2603,1149 2648,1149 2693,1149 2737,1149 2782,1149 2827,1146 2872,1146 2917,1146 2961,1143 3006,1146 3051,1143 3096,1140 3140,1143 3185,1140 3230,1137 3275,1140 3320,1137 3364,1137"/>
                <TextEquiv>
                    <Unicode>Es war immer - also seit mehr</Unicode>
                </TextEquiv>
            </TextLine>
            <TextLine id="tr_1_tl_13" custom="readingOrder {index:12;}">
                <Coords points="2215,1212 3354,1191 3355,1145 2386,1171 2217,1130"/>
                <Baseline points="2224,1200 2239,1203 2284,1203 2328,1203 2373,1203 2418,1203 2463,1200 2508,1200 2552,1203 2597,1200 2642,1197 2687,1194 2731,1194 2776,1194 2821,1194 2866,1188 2911,1188 2955,1191 3000,1188 3045,1191 3090,1188 3135,1185 3179,1185 3224,1185 3269,1182 3314,1185 3358,1185"/>
                <TextEquiv>
                    <Unicode>als dreissig Jahren-so, dass ich über die</Unicode>
                </TextEquiv>
            </TextLine>
            <TextLine id="tr_1_tl_14" custom="readingOrder {index:13;}">
                <Coords points="2222,1254 3474,1246 3476,1160 3344,1194 2222,1215"/>
                <Baseline points="2230,1248 2269,1248 2313,1251 2358,1248 2403,1248 2448,1245 2493,1245 2537,1245 2582,1245 2627,1242 2672,1242 2717,1239 2761,1239 2806,1236 2851,1236 2896,1236 2940,1242 2985,1239 3030,1239 3075,1236 3120,1233 3164,1236 3209,1230 3254,1230 3299,1230 3344,1227 3388,1224 3433,1224 3478,1224"/>
                <TextEquiv>
                    <Unicode>Uraufführung meiner Stücke persönlich verhand-</Unicode>
                </TextEquiv>
            </TextLine>
            <TextLine id="tr_1_tl_15" custom="readingOrder {index:14;}">
                <Coords points="2227,1296 3464,1277 3453,1236 2228,1253"/>
                <Baseline points="2236,1295 2257,1292 2302,1295 2346,1292 2391,1289 2436,1292 2481,1289 2525,1286 2570,1286 2615,1289 2660,1283 2705,1286 2749,1283 2794,1283 2839,1280 2884,1280 2929,1280 2973,1280 3018,1277 3063,1277 3108,1274 3152,1274 3197,1271 3242,1271 3287,1271 3332,1271 3376,1268 3421,1268 3466,1262"/>
                <TextEquiv>
                    <Unicode>le, abschliesse; wollte ich solche Verhandlun-</Unicode>
                </TextEquiv>
            </TextLine>
            <TextLine id="tr_1_tl_16" custom="readingOrder {index:15;}">
                <Coords points="2230,1353 3360,1334 3443,1285 2231,1300"/>
                <Baseline points="2239,1343 2284,1337 2328,1340 2373,1337 2418,1334 2463,1334 2508,1331 2552,1331 2597,1331 2642,1331 2687,1331 2731,1331 2776,1328 2821,1328 2866,1328 2911,1325 2955,1325 3000,1322 3045,1322 3090,1319 3135,1319 3179,1319 3224,1319 3269,1316 3314,1316 3358,1316 3403,1316 3448,1307"/>
                <TextEquiv>
                    <Unicode>gen Ihnen oder irgend einer anderen Mittels-</Unicode>
                </TextEquiv>
            </TextLine>
            <TextLine id="tr_1_tl_17" custom="readingOrder {index:16;}">
                <Coords points="2231,1396 3437,1383 3419,1318 2233,1353"/>
                <Baseline points="2242,1388 2275,1385 2319,1385 2364,1382 2409,1379 2454,1379 2499,1379 2543,1376 2588,1376 2633,1376 2678,1376 2722,1376 2767,1373 2812,1373 2857,1373 2902,1370 2946,1370 2991,1373 3036,1370 3081,1367 3126,1367 3170,1364 3215,1364 3260,1364 3305,1364 3349,1364 3394,1361 3439,1361"/>
                <TextEquiv>
                    <Unicode>person oder Verlag übergeben,so bedeutete das</Unicode>
                </TextEquiv>
            </TextLine>
            <TextLine id="tr_1_tl_18" custom="readingOrder {index:17;}">
                <Coords points="2223,1440 3334,1427 3367,1422 3368,1365 2223,1397"/>
                <Baseline points="2233,1430 2251,1430 2296,1430 2340,1427 2385,1430 2430,1427 2475,1427 2519,1424 2564,1424 2609,1421 2654,1421 2699,1421 2743,1415 2788,1412 2833,1415 2878,1415 2923,1415 2967,1415 3012,1415 3057,1415 3102,1412 3146,1412 3191,1412 3236,1412 3281,1409 3326,1409 3370,1406"/>
                <TextEquiv>
                    <Unicode>nichts anderes als Zeitverlust,verdoppelte</Unicode>
                </TextEquiv>
            </TextLine>
            <TextLine id="tr_1_tl_19" custom="readingOrder {index:18;}">
                <Coords points="2227,1482 3432,1472 3521,1454 3521,1414 2227,1440"/>
                <Baseline points="2236,1474 2272,1474 2316,1474 2361,1471 2406,1471 2451,1471 2496,1468 2540,1468 2585,1468 2630,1465 2675,1465 2720,1465 2764,1463 2809,1465 2854,1465 2899,1465 2943,1463 2988,1463 3033,1460 3078,1460 3123,1460 3167,1457 3212,1457 3257,1457 3302,1454 3347,1454 3391,1451 3436,1454 3481,1451 3526,1445"/>
                <TextEquiv>
                    <Unicode>oder verdreifachte Korrespondenz, Anlass zu Weit-</Unicode>
                </TextEquiv>
            </TextLine>
            <TextLine id="tr_1_tl_20" custom="readingOrder {index:19;}">
                <Coords points="2233,1523 3520,1510 3520,1456 2235,1481"/>
                <Baseline points="2242,1522 2269,1519 2313,1516 2358,1516 2403,1516 2448,1516 2493,1513 2537,1513 2582,1513 2627,1510 2672,1510 2717,1510 2761,1510 2806,1510 2851,1510 2896,1507 2940,1504 2985,1507 3030,1504 3075,1504 3120,1501 3164,1501 3209,1498 3254,1501 3299,1498 3344,1498 3388,1498 3433,1498 3478,1498 3523,1498"/>
                <TextEquiv>
                    <Unicode>läufigkeiten, Verwirrungen, Missverständnissen und</Unicode>
                </TextEquiv>
            </TextLine>
            <TextLine id="tr_1_tl_21" custom="readingOrder {index:20;}">
                <Coords points="2230,1572 3531,1559 3533,1502 2231,1529"/>
                <Baseline points="2239,1561 2281,1561 2325,1561 2370,1558 2415,1558 2460,1558 2505,1558 2549,1555 2594,1555 2639,1552 2684,1555 2728,1552 2773,1552 2818,1555 2863,1555 2908,1552 2952,1549 2997,1546 3042,1546 3087,1549 3132,1549 3176,1546 3221,1546 3266,1546 3311,1543 3355,1543 3400,1543 3445,1543 3490,1543 3535,1540"/>
                <TextEquiv>
                    <Unicode>direktorialen Ausreden. Die Bedingungen, unter de-</Unicode>
                </TextEquiv>
            </TextLine>
            <TextLine id="tr_1_tl_22" custom="readingOrder {index:21;}">
                <Coords points="2227,1608 3472,1611 3500,1549 2227,1570"/>
                <Baseline points="2236,1606 2251,1606 2296,1606 2340,1606 2385,1603 2430,1603 2475,1603 2519,1600 2564,1600 2609,1600 2654,1600 2699,1600 2743,1600 2788,1597 2833,1600 2878,1600 2923,1594 2967,1594 3012,1594 3057,1594 3102,1591 3146,1591 3191,1591 3236,1588 3281,1588 3326,1591 3370,1591 3415,1588 3460,1588 3505,1588"/>
                <TextEquiv>
                    <Unicode>nen Aufführungsverträge geschloßen werden,sind</Unicode>
                </TextEquiv>
            </TextLine>
            <TextLine id="tr_1_tl_23" custom="readingOrder {index:22;}">
                <Coords points="2233,1656 3376,1652 3442,1645 3442,1604 2233,1609"/>
                <Baseline points="2242,1648 2281,1651 2325,1651 2370,1648 2415,1648 2460,1645 2505,1645 2549,1645 2594,1645 2639,1645 2684,1645 2728,1645 2773,1642 2818,1642 2863,1642 2908,1639 2952,1639 2997,1639 3042,1639 3087,1639 3132,1636 3176,1636 3221,1636 3266,1633 3311,1633 3355,1636 3400,1633 3445,1630"/>
                <TextEquiv>
                    <Unicode>ja durch Gewohnheit und Tarifverträge festge-</Unicode>
                </TextEquiv>
            </TextLine>
            <TextLine id="tr_1_tl_24" custom="readingOrder {index:23;}">
                <Coords points="2227,1707 3432,1684 3474,1713 3513,1694 3515,1609 3292,1656 2227,1658"/>
                <Baseline points="2236,1692 2263,1695 2307,1695 2352,1695 2397,1692 2442,1692 2487,1689 2531,1692 2576,1692 2621,1689 2666,1689 2711,1689 2755,1686 2800,1686 2845,1686 2890,1686 2934,1683 2979,1683 3024,1683 3069,1683 3114,1683 3158,1680 3203,1680 3248,1680 3293,1683 3338,1683 3382,1680 3427,1680 3472,1680 3517,1672"/>
                <TextEquiv>
                    <Unicode>legt, dazu braucht es keiner Vermittlung, über al-</Unicode>
                </TextEquiv>
            </TextLine>
            <TextLine id="tr_1_tl_25" custom="readingOrder {index:24;}">
                <Coords points="2230,1741 3360,1744 3402,1736 3402,1692 2230,1704"/>
                <Baseline points="2239,1740 2245,1740 2290,1737 2334,1737 2379,1737 2424,1737 2469,1737 2513,1737 2558,1737 2603,1734 2648,1734 2693,1734 2737,1731 2782,1731 2827,1731 2872,1731 2917,1731 2961,1728 3006,1728 3051,1728 3096,1728 3140,1725 3185,1725 3230,1722 3275,1728 3320,1731 3335,1728 3361,1722 3406,1725"/>
                <TextEquiv>
                    <Unicode>les andere kann natürlich nur der Autor (im</Unicode>
                </TextEquiv>
            </TextLine>
            <TextLine id="tr_1_tl_26" custom="readingOrder {index:25;}">
                <Coords points="2213,1790 3450,1798 3425,1715 3362,1744 2215,1740"/>
                <Baseline points="2224,1776 2245,1776 2290,1779 2334,1779 2379,1782 2424,1782 2469,1782 2513,1782 2558,1782 2603,1779 2648,1779 2693,1779 2737,1776 2782,1776 2827,1776 2872,1776 2917,1776 2961,1776 3006,1776 3051,1776 3096,1773 3140,1773 3185,1773 3230,1773 3275,1770 3320,1773 3364,1770 3409,1770 3454,1767"/>
                <TextEquiv>
                    <Unicode>Verein mit der Direktion resp. Regisseur) be-</Unicode>
                </TextEquiv>
            </TextLine>
            <TextLine id="tr_1_tl_27" custom="readingOrder {index:26;}">
                <Coords points="2230,1845 2254,1844 2270,1829 2314,1845 2332,1837 2347,1845 2375,1832 2414,1832 2425,1840 2459,1832 2459,1801 2414,1792 2402,1797 2391,1787 2362,1797 2329,1785 2293,1793 2269,1780 2248,1793 2231,1790"/>
                <Baseline points="2239,1830 2284,1827 2328,1827 2373,1824 2418,1827 2463,1830"/>
                <TextEquiv>
                    <Unicode>stimmen.</Unicode>
                </TextEquiv>
            </TextLine>
            <TextLine id="tr_1_tl_28" custom="readingOrder {index:27;}">
                <Coords points="2609,1922 3062,1914 3171,1941 3303,1886 3399,1948 3528,1937 3528,1865 3419,1840 2888,1845 2824,1870 2687,1842 2609,1865"/>
                <Baseline points="2618,1910 2636,1910 2681,1910 2725,1910 2770,1910 2815,1907 2860,1907 2905,1904 2949,1904 2994,1904 3039,1904 3084,1904 3129,1904 3173,1901 3218,1901 3263,1904 3308,1904 3352,1901 3397,1904 3442,1901 3487,1901 3532,1907"/>
                <TextEquiv>
                    <Unicode>Dass das Deutsche Theater für mein</Unicode>
                </TextEquiv>
            </TextLine>
            <TextLine id="tr_1_tl_29" custom="readingOrder {index:28;}">
                <Coords points="2230,1959 3401,1948 3308,1893 3176,1938 2604,1901 2230,1920"/>
                <Baseline points="2239,1958 2269,1958 2313,1958 2358,1958 2403,1955 2448,1955 2493,1955 2537,1958 2582,1955 2627,1955 2672,1952 2717,1955 2761,1952 2806,1952 2851,1952 2896,1952 2940,1949 2985,1949 3030,1949 3075,1946 3120,1946 3164,1952 3210,1942 3210,1942 3257,1946 3302,1946 3347,1946 3391,1949 3403,1949"/>
                <TextEquiv>
                    <Unicode>neues Stück, wie Sie mir schreiben, starkes</Unicode>
                </TextEquiv>
            </TextLine>
            <TextLine id="tr_1_tl_30" custom="readingOrder {index:29;}">
                <Coords points="331,1985 417,1966 489,1979 507,1961 594,1977 635,1959 720,1977 878,1959 910,1976 933,1969 935,1914 624,1927 484,1881 332,1907"/>
                <Baseline points="340,1976 355,1973 400,1964 444,1964 489,1961 534,1961 579,1961 624,1958 668,1958 713,1958 758,1958 803,1955 847,1955 892,1958 937,1961"/>
                <TextEquiv>
                    <Unicode>Herrn Dr. Konrad Maril.</Unicode>
                </TextEquiv>
            </TextLine>
            <TextLine id="tr_1_tl_31" custom="readingOrder {index:30;}">
                <Coords points="2240,2003 3474,2008 3484,1951 2240,1964"/>
                <Baseline points="2248,2003 2278,2003 2322,2000 2367,2003 2412,2000 2457,2000 2502,2000 2546,2000 2591,2000 2636,2000 2681,2000 2725,1997 2770,1997 2815,1994 2860,1994 2905,1997 2949,1994 2994,1994 3039,1994 3084,1991 3129,1991 3173,1991 3218,1991 3263,1991 3308,1991 3352,1991 3397,1988 3442,1988 3487,1988"/>
                <TextEquiv>
                    <Unicode>teresse" zeigt, ist mir begreiflicherweise nicht</Unicode>
                </TextEquiv>
            </TextLine>
            <TextLine id="tr_1_tl_32" custom="readingOrder {index:31;}">
                <Coords points="344,2033 477,2010 505,2025 567,2016 586,2031 645,2018 699,2031 770,2013 800,2033 801,1966 720,1977 689,1959 661,1977 635,1959 546,1977 508,1961 476,1981 415,1968 344,1977"/>
                <Baseline points="352,2021 355,2021 400,2012 444,2009 489,2009 534,2006 579,2006 624,2006 668,2003 713,2003 758,2006 803,2009"/>
                <TextEquiv>
                    <Unicode>Fischer.Verlag.</Unicode>
                </TextEquiv>
            </TextLine>
            <TextLine id="tr_1_tl_33" custom="readingOrder {index:32;}">
                <Coords points="2240,2059 3464,2042 3464,2003 3411,1995 2502,2028 2240,2003"/>
                <Baseline points="2248,2045 2260,2045 2304,2045 2349,2048 2394,2045 2439,2042 2484,2045 2528,2042 2573,2042 2618,2042 2663,2042 2708,2042 2752,2042 2797,2039 2842,2039 2887,2036 2931,2039 2976,2039 3021,2039 3066,2036 3111,2036 3155,2039 3200,2036 3245,2036 3290,2036 3335,2033 3379,2033 3424,2033 3469,2039"/>
                <TextEquiv>
                    <Unicode>unbekannt gewesen und "dass eegelingen müsste,"</Unicode>
                </TextEquiv>
            </TextLine>
            <TextLine id="tr_1_tl_34" custom="readingOrder {index:33;}">
                <Coords points="334,2069 352,2065 383,2075 393,2070 410,2080 437,2072 454,2082 544,2073 544,2020 531,2021 520,2033 479,2010 458,2025 425,2012 383,2028 360,2025 347,2038 334,2039"/>
                <Baseline points="343,2051 388,2054 432,2054 477,2054 522,2054 546,2057"/>
                <TextEquiv>
                    <Unicode>Berlin.</Unicode>
                </TextEquiv>
            </TextLine>
            <TextLine id="tr_1_tl_35" custom="readingOrder {index:34;}">
                <Coords points="2240,2096 3319,2098 3503,2090 3503,2044 2240,2059"/>
                <Baseline points="2248,2093 2254,2090 2299,2090 2343,2090 2388,2090 2433,2090 2478,2087 2522,2087 2567,2087 2612,2087 2657,2087 2702,2087 2746,2084 2791,2084 2836,2084 2881,2084 2926,2084 2970,2084 3015,2084 3060,2081 3105,2081 3149,2084 3194,2084 3239,2084 3284,2084 3329,2078 3373,2078 3418,2078 3463,2078 3508,2078"/>
                <TextEquiv>
                    <Unicode>die Grauftührung dort herauszubringen“, bezwifle</Unicode>
                </TextEquiv>
            </TextLine>
            <TextLine id="tr_1_tl_36" custom="readingOrder {index:35;}">
                <Coords points="2243,2143 3507,2155 3507,2088 3469,2083 2243,2099"/>
                <Baseline points="2251,2137 2257,2137 2302,2134 2346,2134 2391,2134 2436,2134 2481,2134 2525,2134 2570,2137 2615,2131 2660,2131 2705,2128 2749,2128 2794,2131 2839,2131 2884,2128 2929,2131 2973,2128 3018,2128 3063,2125 3108,2125 3152,2125 3197,2125 3242,2128 3287,2122 3332,2122 3376,2125 3421,2122 3466,2122 3511,2125"/>
                <TextEquiv>
                    <Unicode>ich so wenig als Sie. Und wir beide wissen, dass</Unicode>
                </TextEquiv>
            </TextLine>
            <TextLine id="tr_1_tl_37" custom="readingOrder {index:36;}">
                <Coords points="2240,2184 3207,2196 3443,2178 3464,2139 2241,2143"/>
                <Baseline points="2248,2179 2257,2179 2302,2179 2346,2179 2391,2179 2436,2176 2481,2176 2525,2176 2570,2176 2615,2173 2660,2173 2705,2173 2749,2173 2794,2176 2839,2173 2884,2176 2929,2173 2973,2173 3018,2170 3063,2170 3108,2170 3152,2170 3197,2173 3242,2170 3287,2170 3332,2167 3376,2167 3421,2167 3466,2170"/>
                <TextEquiv>
                    <Unicode>ein solches Interesse an sich noch gar nichts</Unicode>
                </TextEquiv>
            </TextLine>
            <TextLine id="tr_1_tl_38" custom="readingOrder {index:37;}">
                <Coords points="2244,2227 3520,2236 3554,2174 2244,2183"/>
                <Baseline points="2254,2224 2257,2224 2302,2224 2346,2224 2391,2224 2436,2224 2481,2227 2525,2221 2570,2221 2615,2218 2660,2218 2705,2218 2749,2221 2794,2218 2839,2218 2884,2221 2929,2215 2973,2215 3018,2218 3063,2215 3108,2215 3152,2215 3197,2218 3242,2215 3287,2215 3332,2212 3376,2215 3421,2215 3466,2215 3511,2212 3556,2212"/>
                <TextEquiv>
                    <Unicode>bedeutet,dass es sich immer wieder an jedes neue</Unicode>
                </TextEquiv>
            </TextLine>
            <TextLine id="tr_1_tl_39" custom="readingOrder {index:38;}">
                <Coords points="2233,2275 3433,2274 3481,2223 2233,2230"/>
                <Baseline points="2242,2266 2275,2263 2319,2269 2364,2269 2409,2266 2454,2266 2499,2266 2543,2266 2588,2266 2633,2266 2678,2263 2722,2263 2767,2263 2812,2263 2857,2263 2902,2260 2946,2260 2991,2263 3036,2260 3081,2260 3126,2260 3170,2260 3215,2263 3260,2260 3305,2260 3349,2257 3394,2257 3439,2260 3484,2251"/>
                <TextEquiv>
                    <Unicode>Stück eines bekannten Autors heftet, sobald da-</Unicode>
                </TextEquiv>
            </TextLine>
            <TextLine id="tr_1_tl_40" custom="readingOrder {index:39;}">
                <Coords points="2243,2323 3512,2321 3513,2256 2243,2280"/>
                <Baseline points="2251,2316 2260,2313 2304,2313 2349,2313 2394,2313 2439,2310 2484,2310 2528,2310 2573,2310 2618,2307 2663,2310 2708,2310 2752,2310 2797,2307 2842,2307 2887,2307 2931,2304 2976,2304 3021,2304 3066,2302 3111,2304 3155,2304 3200,2304 3245,2304 3290,2304 3335,2302 3379,2302 3424,2302 3469,2299 3514,2302"/>
                <TextEquiv>
                    <Unicode>von in der Zeitung zu lesen steht, dass aber die</Unicode>
                </TextEquiv>
            </TextLine>
            <TextLine id="tr_1_tl_41" custom="readingOrder {index:40;}">
                <Coords points="2243,2365 3489,2358 3489,2314 3402,2301 2244,2334"/>
                <Baseline points="2254,2358 2284,2355 2328,2355 2373,2355 2418,2355 2463,2355 2508,2355 2552,2355 2597,2355 2642,2355 2687,2352 2731,2352 2776,2352 2821,2352 2866,2352 2911,2352 2955,2349 3000,2349 3045,2346 3090,2346 3135,2349 3179,2349 3224,2346 3269,2346 3314,2346 3358,2343 3403,2343 3448,2343 3493,2346"/>
                <TextEquiv>
                    <Unicode>Aufführung am allerwenigsten von irgendwelchen</Unicode>
                </TextEquiv>
            </TextLine>
            <TextLine id="tr_1_tl_42" custom="readingOrder {index:41;}">
                <Coords points="2244,2411 3503,2404 3530,2355 2244,2368"/>
                <Baseline points="2254,2397 2278,2400 2322,2400 2367,2400 2412,2400 2457,2400 2502,2400 2546,2397 2591,2397 2636,2397 2681,2397 2725,2397 2770,2397 2815,2397 2860,2397 2905,2397 2949,2397 2994,2394 3039,2394 3084,2391 3129,2391 3173,2394 3218,2394 3263,2394 3308,2394 3352,2391 3397,2391 3442,2391 3487,2388 3532,2385"/>
                <TextEquiv>
                    <Unicode>verlegerischen Bemühungen abzuhängen pflegt,son-</Unicode>
                </TextEquiv>
            </TextLine>
            <TextLine id="tr_1_tl_43" custom="readingOrder {index:42;}">
                <Coords points="2240,2459 3538,2463 3539,2399 2241,2406"/>
                <Baseline points="2248,2448 2290,2445 2334,2445 2379,2445 2424,2445 2469,2445 2513,2442 2558,2442 2603,2442 2648,2442 2693,2442 2737,2445 2782,2442 2827,2442 2872,2442 2917,2442 2961,2442 3006,2442 3051,2442 3096,2442 3140,2442 3185,2439 3230,2439 3275,2439 3320,2439 3364,2439 3409,2436 3454,2436 3499,2436 3544,2442"/>
                <TextEquiv>
                    <Unicode>dern nur von den Erfolgohancen, die die Direktion</Unicode>
                </TextEquiv>
            </TextLine>
            <TextLine id="tr_1_tl_44" custom="readingOrder {index:43;}">
                <Coords points="2244,2505 3536,2505 3546,2451 2244,2468"/>
                <Baseline points="2254,2496 2296,2496 2340,2496 2385,2496 2430,2496 2475,2499 2519,2496 2564,2496 2609,2493 2654,2496 2699,2493 2743,2493 2788,2493 2833,2496 2878,2493 2923,2493 2967,2493 3012,2493 3057,2496 3102,2490 3146,2493 3191,2493 3236,2493 3281,2493 3326,2493 3370,2493 3415,2493 3460,2493 3505,2493 3550,2490"/>
                <TextEquiv>
                    <Unicode>dem Stück zuschreibt. Für das "Spiel der Sommer-</Unicode>
                </TextEquiv>
            </TextLine>
            <TextLine id="tr_1_tl_45" custom="readingOrder {index:44;}">
                <Coords points="2230,2544 3523,2556 3512,2497 2230,2505"/>
                <Baseline points="2239,2540 2272,2540 2316,2540 2361,2537 2406,2540 2451,2540 2496,2537 2540,2540 2585,2537 2630,2540 2675,2540 2720,2540 2764,2537 2809,2537 2854,2537 2899,2537 2943,2537 2988,2534 3033,2534 3078,2537 3123,2537 3167,2537 3212,2537 3257,2537 3302,2537 3347,2534 3391,2534 3436,2537 3481,2534 3526,2534"/>
                <TextEquiv>
                    <Unicode>lüfte“ interessiert sich neben anderen) auch das</Unicode>
                </TextEquiv>
            </TextLine>
            <TextLine id="tr_1_tl_46" custom="readingOrder {index:45;}">
                <Coords points="1989,2562 2002,2562 2008,2567 2018,2565 2021,2569 2029,2562 2039,2562 2046,2569 2064,2573 2078,2570 2091,2560 2106,2560 2106,2520 2088,2523 2059,2507 2038,2508 2026,2518 2015,2510 1990,2510"/>
                <Baseline points="2000,2558 2021,2558 2066,2558 2110,2555"/>
                <TextEquiv>
                    <Unicode>Calso</Unicode>
                </TextEquiv>
            </TextLine>
            <TextLine id="tr_1_tl_47" custom="readingOrder {index:46;}">
                <Coords points="2233,2596 3477,2583 3422,2541 2233,2546"/>
                <Baseline points="2242,2588 2272,2588 2316,2585 2361,2585 2406,2585 2451,2585 2496,2585 2540,2588 2585,2585 2630,2585 2675,2585 2720,2585 2764,2585 2809,2585 2854,2585 2899,2585 2943,2582 2988,2582 3033,2582 3078,2585 3123,2582 3167,2579 3212,2579 3257,2582 3302,2582 3347,2582 3391,2582 3436,2582 3481,2582"/>
                <TextEquiv>
                    <Unicode>Deutsche Theaterhat sich schon dafür interes-</Unicode>
                </TextEquiv>
            </TextLine>
            <TextLine id="tr_1_tl_48" custom="readingOrder {index:47;}">
                <Coords points="2233,2678 2728,2635 3021,2676 3518,2655 3518,2603 3412,2586 2233,2596"/>
                <Baseline points="2242,2636 2287,2633 2331,2633 2376,2633 2421,2633 2466,2633 2511,2633 2555,2633 2600,2633 2645,2633 2690,2633 2734,2633 2779,2630 2824,2633 2869,2633 2914,2633 2958,2636 3003,2633 3048,2633 3093,2633 3138,2630 3182,2630 3227,2633 3272,2633 3317,2636 3361,2636 3406,2636 3451,2636 3496,2636 3520,2642"/>
                <TextEquiv>
                    <Unicode>siert ehe es vollendet war, seit einigen Tagen</Unicode>
                </TextEquiv>
            </TextLine>
        </TextRegion>
    </Page>
</PcGts>
