3873 3576
2086 709 2628 845 S. Tischer
3148 781 3420 871 2.2.1931.
2247 981 3002 1093 Lieber Herr Doktor Hermann.
2580 1067 3588 1188 Ich kann mir nicht recht denken, dass
2268 1154 3645 1242 Zeitungsausschnitte über den „Raigen“ in diesem Au-
2270 1192 3565 1287 genblick für die Vorankündigung einen besonderen
2273 1220 3666 1329 Wert haben könnten. Sie dürften noch im Besitz jener
2273 1279 3657 1369 Gutachten (von Liebermann und anderen Persönlichkei-
2270 1322 3647 1429 ten sein, die ich bei irgend einer Gelegnheit Ihnen
2270 1372 3650 1462 übersandt habe. Auch die Urteile der Sachverstän-
2278 1403 3654 1507 digen, Fulda u.A. aus Anlass des Prozesses im Jahre
2282 1455 3574 1544 1932 kämen eventuell in Betracht. Wertvoll wäre
2289 1481 3621 1596 ja wahrscheinlich die progmatische Darstellung ge-
2285 1538 3621 1629 wesen, die Prof. Schinnerer verfasst hat und die wir
2285 1563 3678 1674 ursprünglich als Einbegleitung oder Nachwort für die
2277 1630 3663 1713 neue Ausgabe bedacht hatten. Wenn Sie aber aus ir-
2280 1663 3663 1765 gend einem Grunde Wert darauf legen sollten,so will
2282 1713 3638 1814 ich Ende der Woche (ich fahre für etliche Tage auf
2290 1767 3637 1852 den Semmering) einiges,vielleicht brauchbares her-
2289 1842 2564 1920 vorsuchen.
2574 1885 3086 1998 Mit vielen Grüssen
2583 1966 2687 2036 Ihr
2297 2233 3065 2342 Herrn Dr. Gottfried Hermann
2308 2316 2775 2386 S.Fischer, Verlag.
2304 2361 2505 2434 Berlin.
