<?xml version="1.0" encoding="UTF-8" standalone="yes"?>
<PcGts xmlns="http://schema.primaresearch.org/PAGE/gts/pagecontent/2013-07-15" xmlns:xsi="http://www.w3.org/2001/XMLSchema-instance" xsi:schemaLocation="http://schema.primaresearch.org/PAGE/gts/pagecontent/2013-07-15 http://schema.primaresearch.org/PAGE/gts/pagecontent/2013-07-15/pagecontent.xsd">
    <Metadata>
        <Creator>prov=READ-COOP:name=TrHtr:version=2.1.0:model_id=51170:date=27_07_2023_17:40</Creator>
        <Created>2023-05-02T08:01:17.023+02:00</Created>
        <LastChange>2023-07-27T17:40:37.666+02:00</LastChange>
        <TranskribusMetadata docId="1416741" pageId="54952770" pageNr="74" tsid="131275907" status="IN_PROGRESS" userId="64420" imgUrl="https://files.transkribus.eu/Get?id=VUWSGQUGETJTAITLFAEAOWIX&amp;fileType=view" xmlUrl="https://files.transkribus.eu/Get?id=SKKXCMPZEKBXASZXYDLWBZML" imageId="44456495"/>
    </Metadata>
    <Page imageFilename="1416741_0074.jpg" imageWidth="3927" imageHeight="3544">
        <ReadingOrder>
            <OrderedGroup id="ro_1711827637079" caption="Regions reading order">
                <RegionRefIndexed index="0" regionRef="tr_1"/>
            </OrderedGroup>
        </ReadingOrder>
        <TextRegion id="tr_1" custom="readingOrder {index:0;}">
            <Coords points="1928,639 3561,639 3561,2455 1928,2455"/>
            <TextLine id="tr_1_tl_1" custom="readingOrder {index:0;}">
                <Coords points="1919,703 2034,724 2096,708 2150,724 2251,698 2302,713 2321,701 2402,710 2402,659 2365,661 2319,633 2213,652 2177,630 2116,645 2091,633 1999,669 1980,652 1948,667 1919,657"/>
                <Baseline points="1928,689 1973,689 2018,689 2063,692 2107,692 2152,689 2197,689 2242,692 2287,689 2331,692 2376,692 2406,689"/>
                <TextEquiv>
                    <Unicode>J. Fischer</Unicode>
                </TextEquiv>
            </TextLine>
            <TextLine id="tr_1_tl_2" custom="readingOrder {index:1;}">
                <Coords points="3000,773 3053,773 3099,751 3145,763 3182,756 3211,775 3235,754 3313,763 3313,701 3238,708 3151,681 3126,681 3097,698 3058,695 3047,705 3000,693"/>
                <Baseline points="3009,746 3054,746 3099,746 3143,746 3188,746 3233,746 3278,749 3317,746"/>
                <TextEquiv>
                    <Unicode>29.10.1928.</Unicode>
                </TextEquiv>
            </TextLine>
            <TextLine id="tr_1_tl_3" custom="readingOrder {index:2;}">
                <Coords points="2172,959 2375,957 2409,976 2496,967 2557,987 2651,965 2700,984 2702,904 2608,889 2584,868 2465,904 2384,880 2368,894 2315,878 2174,890"/>
                <Baseline points="2182,943 2212,946 2257,946 2301,943 2346,943 2391,940 2436,940 2481,937 2525,937 2570,937 2615,937 2660,934 2705,940"/>
                <TextEquiv>
                    <Unicode>Lieber Herr Doktor.</Unicode>
                </TextEquiv>
            </TextLine>
            <TextLine id="tr_1_tl_4" custom="readingOrder {index:3;}">
                <Coords points="2498,1071 2814,1086 3260,1047 3451,1069 3511,1062 3512,1003 2499,1003"/>
                <Baseline points="2507,1065 2528,1065 2573,1065 2618,1062 2663,1062 2708,1062 2752,1062 2797,1062 2842,1059 2887,1059 2931,1056 2976,1053 3021,1053 3066,1050 3111,1050 3155,1050 3200,1047 3245,1044 3290,1044 3335,1042 3379,1044 3424,1042 3469,1044 3514,1042"/>
                <TextEquiv>
                    <Unicode>Ich habe niemals von Alfred Bloch ein</Unicode>
                </TextEquiv>
            </TextLine>
            <TextLine id="tr_1_tl_5" custom="readingOrder {index:4;}">
                <Coords points="2179,1125 3434,1102 3436,1064 2181,1083"/>
                <Baseline points="2191,1113 2236,1119 2281,1119 2325,1116 2370,1116 2415,1116 2460,1113 2499,1113 2507,1110 2543,1113 2588,1110 2633,1110 2678,1107 2722,1110 2767,1110 2812,1110 2857,1107 2902,1107 2946,1104 2991,1098 3036,1095 3081,1095 3126,1092 3170,1092 3215,1092 3260,1092 3305,1089 3349,1086 3394,1083 3439,1083"/>
                <TextEquiv>
                    <Unicode>Bulletin de déclaration des "Einsamen Weg" be¬</Unicode>
                </TextEquiv>
            </TextLine>
            <TextLine id="tr_1_tl_6" custom="readingOrder {index:5;}">
                <Coords points="2188,1170 3488,1161 3529,1098 2189,1127"/>
                <Baseline points="2197,1164 2233,1164 2278,1164 2322,1161 2367,1161 2412,1161 2457,1158 2501,1155 2546,1155 2591,1155 2636,1155 2681,1152 2725,1152 2770,1152 2815,1149 2860,1146 2905,1143 2949,1143 2994,1140 3039,1140 3084,1140 3128,1140 3173,1137 3218,1137 3263,1134 3308,1134 3352,1131 3397,1131 3442,1131 3487,1128 3532,1122"/>
                <TextEquiv>
                    <Unicode>treffend erhalten, konnte es also auch nicht unter-</Unicode>
                </TextEquiv>
            </TextLine>
            <TextLine id="tr_1_tl_7" custom="readingOrder {index:6;}">
                <Coords points="2181,1221 3277,1200 3432,1185 3434,1151 2183,1168"/>
                <Baseline points="2191,1209 2215,1209 2260,1206 2304,1206 2349,1206 2394,1203 2439,1203 2484,1203 2507,1197 2540,1200 2585,1197 2630,1200 2675,1197 2719,1194 2764,1194 2809,1191 2854,1191 2899,1191 2943,1188 2988,1188 3033,1185 3078,1185 3123,1182 3167,1182 3212,1182 3257,1182 3302,1176 3346,1176 3391,1176 3436,1170"/>
                <TextEquiv>
                    <Unicode>schreiben. Bitte ihm das mitzuteilen, zugleich</Unicode>
                </TextEquiv>
            </TextLine>
            <TextLine id="tr_1_tl_8" custom="readingOrder {index:7;}">
                <Coords points="2184,1265 3512,1236 3514,1183 2186,1219"/>
                <Baseline points="2194,1248 2239,1253 2284,1253 2328,1250 2373,1250 2418,1250 2463,1250 2493,1248 2513,1248 2531,1248 2576,1245 2621,1242 2666,1239 2710,1236 2755,1239 2800,1239 2845,1236 2890,1236 2934,1233 2979,1233 3024,1233 3069,1230 3114,1227 3158,1227 3203,1227 3248,1224 3293,1221 3337,1221 3382,1218 3427,1221 3472,1218 3517,1215"/>
                <TextEquiv>
                    <Unicode>autorisiere ich Sie die Tantiemen. Sie ja den Ver-</Unicode>
                </TextEquiv>
            </TextLine>
            <TextLine id="tr_1_tl_9" custom="readingOrder {index:8;}">
                <Coords points="1985,1246 2011,1250 2028,1245 2031,1251 2045,1253 2067,1243 2074,1245 2079,1239 2099,1245 2103,1180 2086,1180 2082,1176 2069,1180 2060,1173 2043,1175 2029,1163 2012,1168 1990,1166"/>
                <Baseline points="1997,1239 2015,1239 2060,1239 2104,1233"/>
                <TextEquiv>
                    <Unicode>Ida</Unicode>
                </TextEquiv>
            </TextLine>
            <TextLine id="tr_1_tl_10" custom="readingOrder {index:9;}">
                <Coords points="2191,1309 3480,1275 3511,1234 2193,1263"/>
                <Baseline points="2200,1292 2215,1295 2260,1295 2304,1292 2349,1292 2394,1292 2439,1289 2484,1292 2528,1289 2573,1286 2618,1283 2663,1283 2708,1283 2752,1283 2797,1283 2842,1280 2887,1280 2931,1277 2976,1277 3021,1274 3066,1271 3111,1271 3155,1271 3200,1271 3245,1268 3290,1262 3335,1265 3379,1265 3424,1262 3469,1262 3514,1253"/>
                <TextEquiv>
                    <Unicode>trag mit Herrn Robert gemacht haben, in meinem Na-</Unicode>
                </TextEquiv>
            </TextLine>
            <TextLine id="tr_1_tl_11" custom="readingOrder {index:10;}">
                <Coords points="2179,1347 3483,1326 3509,1263 2181,1314"/>
                <Baseline points="2191,1340 2212,1340 2257,1340 2301,1340 2346,1340 2391,1340 2436,1337 2481,1334 2525,1331 2570,1334 2615,1331 2660,1331 2705,1331 2749,1328 2794,1325 2839,1325 2884,1325 2928,1322 2973,1319 3018,1319 3063,1316 3108,1316 3152,1313 3197,1313 3242,1307 3287,1304 3332,1304 3376,1307 3421,1307 3466,1304 3511,1289"/>
                <TextEquiv>
                    <Unicode>men einzukassieren. Ich erhalte von der "Tribüne"</Unicode>
                </TextEquiv>
            </TextLine>
            <TextLine id="tr_1_tl_12" custom="readingOrder {index:11;}">
                <Coords points="2191,1391 2458,1423 2581,1374 3543,1374 3558,1301 2193,1353"/>
                <Baseline points="2200,1385 2218,1382 2263,1382 2307,1382 2352,1382 2397,1382 2442,1376 2487,1379 2531,1376 2576,1373 2621,1373 2666,1373 2710,1373 2755,1370 2800,1370 2845,1370 2890,1370 2934,1370 2979,1370 3024,1367 3069,1364 3114,1361 3158,1358 3203,1358 3248,1355 3293,1355 3337,1355 3382,1352 3427,1352 3472,1349 3517,1349 3561,1358"/>
                <TextEquiv>
                    <Unicode>die Anfrage, ob Prof. Robert am 21. November (Busstag)</Unicode>
                </TextEquiv>
            </TextLine>
            <TextLine id="tr_1_tl_13" custom="readingOrder {index:12;}">
                <Coords points="2484,1427 3538,1415 3539,1355 2484,1396"/>
                <Baseline points="2493,1418 2510,1421 2555,1415 2600,1415 2645,1415 2690,1415 2734,1418 2779,1415 2824,1412 2869,1412 2914,1412 2958,1409 3003,1409 3048,1406 3093,1403 3137,1403 3182,1403 3227,1403 3272,1400 3317,1400 3361,1397 3406,1394 3451,1394 3496,1394 3541,1394"/>
                <TextEquiv>
                    <Unicode>aufführen könnte. Bei üblichen Tantie-</Unicode>
                </TextEquiv>
            </TextLine>
            <TextLine id="tr_1_tl_14" custom="readingOrder {index:13;}">
                <Coords points="2191,1423 2239,1437 2281,1430 2292,1437 2329,1430 2344,1435 2356,1428 2363,1434 2429,1432 2429,1396 2392,1398 2365,1411 2353,1399 2281,1401 2273,1393 2252,1398 2191,1391"/>
                <Baseline points="2200,1412 2245,1421 2290,1424 2334,1421 2379,1424 2424,1421 2433,1420"/>
                <TextEquiv>
                    <Unicode>"Liebelei</Unicode>
                </TextEquiv>
            </TextLine>
            <TextLine id="tr_1_tl_15" custom="readingOrder {index:14;}">
                <Coords points="2179,1483 2355,1479 2457,1510 2945,1502 3037,1483 3039,1428 2181,1430"/>
                <Baseline points="2188,1471 2191,1471 2236,1471 2281,1471 2325,1471 2370,1468 2415,1468 2460,1465 2504,1462 2549,1465 2594,1465 2639,1462 2684,1462 2728,1462 2773,1459 2818,1459 2863,1459 2908,1454 2952,1454 2997,1454 3042,1451"/>
                <TextEquiv>
                    <Unicode>men nichts dagegen einzuwenden.</Unicode>
                </TextEquiv>
            </TextLine>
            <TextLine id="tr_1_tl_16" custom="readingOrder {index:15;}">
                <Coords points="2520,1561 3429,1551 3499,1541 3500,1495 2521,1502"/>
                <Baseline points="2531,1549 2561,1549 2606,1549 2651,1549 2696,1549 2740,1549 2785,1546 2830,1546 2875,1543 2919,1540 2964,1540 3009,1537 3054,1537 3099,1534 3143,1534 3188,1531 3233,1531 3278,1531 3323,1531 3367,1531 3412,1531 3457,1531 3502,1531"/>
                <TextEquiv>
                    <Unicode>Ich sende hier nur der Ordnung wegen</Unicode>
                </TextEquiv>
            </TextLine>
            <TextLine id="tr_1_tl_17" custom="readingOrder {index:16;}">
                <Coords points="2188,1612 3383,1594 3514,1585 3516,1536 2189,1559"/>
                <Baseline points="2197,1603 2221,1603 2266,1603 2310,1600 2355,1597 2400,1600 2445,1597 2490,1597 2534,1594 2579,1594 2624,1594 2669,1594 2713,1594 2758,1594 2803,1591 2848,1588 2893,1588 2937,1588 2982,1585 3027,1585 3072,1579 3117,1579 3161,1576 3206,1579 3251,1576 3296,1576 3340,1576 3385,1573 3430,1573 3475,1573 3520,1576"/>
                <TextEquiv>
                    <Unicode>meinen Brief vom 1.10., sowie die Briefauszüge, die</Unicode>
                </TextEquiv>
            </TextLine>
            <TextLine id="tr_1_tl_18" custom="readingOrder {index:17;}">
                <Coords points="2193,1658 3528,1633 3546,1583 2195,1612"/>
                <Baseline points="2203,1648 2206,1648 2251,1648 2295,1648 2340,1645 2385,1642 2430,1642 2475,1639 2519,1642 2564,1639 2609,1636 2654,1636 2699,1636 2743,1636 2788,1636 2833,1633 2878,1630 2922,1633 2967,1630 3012,1627 3057,1627 3102,1624 3146,1624 3191,1621 3236,1621 3281,1621 3326,1618 3370,1618 3415,1618 3460,1615 3505,1615 3549,1612"/>
                <TextEquiv>
                    <Unicode>ich seinerzeit an Sie gesandt, und anlässlich einer</Unicode>
                </TextEquiv>
            </TextLine>
            <TextLine id="tr_1_tl_19" custom="readingOrder {index:18;}">
                <Coords points="2191,1709 2767,1684 3070,1720 3167,1679 3516,1674 3529,1631 2193,1658"/>
                <Baseline points="2203,1689 2233,1689 2278,1689 2322,1686 2367,1686 2412,1686 2457,1686 2501,1686 2546,1683 2591,1683 2636,1680 2681,1680 2725,1680 2770,1680 2815,1680 2860,1677 2905,1674 2949,1674 2994,1674 3039,1674 3084,1671 3128,1668 3173,1671 3218,1668 3263,1666 3308,1666 3352,1666 3397,1663 3442,1663 3487,1660 3532,1657"/>
                <TextEquiv>
                    <Unicode>Besprechung xxx mit Herrn Fischer wieder an mich</Unicode>
                </TextEquiv>
            </TextLine>
            <TextLine id="tr_1_tl_20" custom="readingOrder {index:19;}">
                <Coords points="2193,1771 2256,1757 2372,1781 2515,1764 2530,1779 2690,1737 2823,1760 2824,1701 2775,1685 2654,1687 2624,1708 2603,1691 2515,1708 2195,1704"/>
                <Baseline points="2203,1743 2245,1740 2290,1737 2334,1734 2379,1734 2424,1734 2469,1731 2513,1728 2558,1725 2603,1728 2648,1728 2693,1725 2737,1725 2782,1725 2827,1725"/>
                <TextEquiv>
                    <Unicode>genommen, an Sie zurück.</Unicode>
                </TextEquiv>
            </TextLine>
            <TextLine id="tr_1_tl_21" custom="readingOrder {index:20;}">
                <Coords points="2525,1820 3359,1817 3456,1800 3458,1747 2525,1779"/>
                <Baseline points="2534,1809 2564,1812 2609,1815 2654,1815 2699,1812 2743,1812 2788,1812 2833,1809 2878,1809 2922,1809 2967,1806 3012,1803 3057,1803 3102,1803 3146,1803 3191,1800 3236,1797 3281,1797 3326,1800 3370,1797 3415,1797 3460,1797"/>
                <TextEquiv>
                    <Unicode>Von meinem amerikanischen Verleger</Unicode>
                </TextEquiv>
            </TextLine>
            <TextLine id="tr_1_tl_22" custom="readingOrder {index:21;}">
                <Coords points="2193,1868 3451,1852 3473,1796 2195,1823"/>
                <Baseline points="2203,1866 2224,1866 2269,1866 2313,1866 2358,1866 2403,1863 2448,1860 2493,1857 2537,1860 2582,1857 2627,1857 2672,1857 2716,1857 2761,1857 2806,1854 2851,1854 2896,1854 2940,1851 2985,1848 3030,1851 3075,1848 3120,1848 3164,1845 3209,1845 3254,1845 3299,1842 3343,1842 3388,1842 3433,1839 3478,1839"/>
                <TextEquiv>
                    <Unicode>Schuster &amp; Simon erhalte ich die Nachricht, dass</Unicode>
                </TextEquiv>
            </TextLine>
            <TextLine id="tr_1_tl_23" custom="readingOrder {index:22;}">
                <Coords points="2198,1926 3511,1898 3555,1851 2200,1878"/>
                <Baseline points="2209,1910 2215,1913 2260,1913 2304,1910 2349,1910 2394,1910 2439,1904 2484,1904 2528,1904 2573,1904 2618,1904 2663,1901 2708,1901 2752,1898 2797,1901 2842,1895 2887,1895 2931,1895 2976,1895 3021,1895 3066,1895 3111,1886 3155,1880 3200,1883 3245,1889 3290,1886 3335,1883 3379,1880 3424,1883 3469,1883 3514,1883 3558,1880"/>
                <TextEquiv>
                    <Unicode>die amerikanische Uebersetzung der „Therese“ einen</Unicode>
                </TextEquiv>
            </TextLine>
            <TextLine id="tr_1_tl_24" custom="readingOrder {index:23;}">
                <Coords points="2206,1963 3499,1958 3500,1891 2206,1926"/>
                <Baseline points="2215,1955 2251,1958 2295,1958 2340,1955 2385,1952 2430,1952 2475,1949 2519,1952 2564,1952 2609,1952 2654,1949 2699,1946 2743,1946 2788,1946 2833,1943 2878,1943 2922,1943 2967,1943 3012,1940 3057,1937 3102,1934 3146,1934 3191,1934 3236,1934 3281,1934 3326,1931 3370,1928 3415,1928 3460,1931 3505,1931"/>
                <TextEquiv>
                    <Unicode>starken Erfolg gehabt hat, der die Erfolge meiner</Unicode>
                </TextEquiv>
            </TextLine>
            <TextLine id="tr_1_tl_25" custom="readingOrder {index:24;}">
                <Coords points="2205,2012 2869,2046 3175,1985 3449,2014 3420,1937 2206,1965"/>
                <Baseline points="2215,2000 2245,2003 2290,2000 2334,2000 2379,1997 2424,1997 2469,1994 2513,1994 2558,1991 2603,1994 2648,1994 2693,1991 2737,1991 2782,1991 2827,1991 2872,1988 2917,1988 2961,1985 3006,1985 3051,1985 3096,1982 3140,1982 3185,1982 3230,1982 3275,1979 3320,1976 3364,1973 3409,1973 3454,1976"/>
                <TextEquiv>
                    <Unicode>früher dort erschienenen novellistischen Werke</Unicode>
                </TextEquiv>
            </TextLine>
            <TextLine id="tr_1_tl_26" custom="readingOrder {index:25;}">
                <Coords points="2208,2072 2263,2065 2276,2075 2332,2053 2375,2082 2397,2072 2503,2079 2504,2007 2412,2007 2402,2017 2385,2007 2373,2016 2285,2011 2273,2021 2208,2012"/>
                <Baseline points="2218,2045 2263,2048 2307,2045 2352,2045 2397,2039 2442,2042 2487,2045 2507,2045"/>
                <TextEquiv>
                    <Unicode>übertrifft.</Unicode>
                </TextEquiv>
            </TextLine>
            <TextLine id="tr_1_tl_27" custom="readingOrder {index:26;}">
                <Coords points="2518,2137 2990,2123 3044,2160 3156,2145 3180,2166 3223,2160 3225,2091 3156,2053 2785,2067 2698,2034 2646,2062 2520,2057"/>
                <Baseline points="2528,2125 2555,2125 2600,2125 2645,2125 2690,2125 2734,2125 2779,2122 2824,2122 2869,2122 2914,2119 2958,2119 3003,2116 3048,2113 3093,2116 3137,2116 3182,2116 3227,2113"/>
                <TextEquiv>
                    <Unicode>Mit verbindlichen Grüssen</Unicode>
                </TextEquiv>
            </TextLine>
            <TextLine id="tr_1_tl_28" custom="readingOrder {index:27;}">
                <Coords points="2521,2198 2564,2205 2625,2174 2688,2206 2770,2191 2816,2210 3008,2210 3022,2208 3024,2132 2632,2128 2521,2142"/>
                <Baseline points="2531,2173 2534,2173 2579,2170 2624,2170 2669,2170 2713,2170 2758,2167 2803,2167 2848,2167 2893,2167 2937,2164 2982,2164 3027,2164"/>
                <TextEquiv>
                    <Unicode>Ihr sehr ergebener</Unicode>
                </TextEquiv>
            </TextLine>
            <TextLine id="tr_1_tl_29" custom="readingOrder {index:28;}">
                <Coords points="2203,2310 2263,2297 2324,2305 2366,2285 2426,2295 2481,2285 2518,2297 2516,2239 2462,2240 2429,2227 2380,2240 2355,2225 2263,2237 2201,2232"/>
                <Baseline points="2212,2269 2257,2272 2301,2272 2346,2272 2391,2275 2436,2275 2481,2275 2522,2272"/>
                <TextEquiv>
                    <Unicode>3 Beilagen.</Unicode>
                </TextEquiv>
            </TextLine>
            <TextLine id="tr_1_tl_30" custom="readingOrder {index:29;}">
                <Coords points="2203,2409 2722,2395 2782,2440 2826,2440 2826,2348 2802,2341 2203,2358"/>
                <Baseline points="2212,2403 2248,2400 2293,2397 2337,2397 2382,2397 2427,2397 2472,2394 2516,2394 2561,2397 2606,2394 2651,2394 2696,2391 2740,2391 2785,2391 2830,2394"/>
                <TextEquiv>
                    <Unicode>Herrn Dr- Konrad Maril,</Unicode>
                </TextEquiv>
            </TextLine>
            <TextLine id="tr_1_tl_31" custom="readingOrder {index:30;}">
                <Coords points="2200,2445 2295,2477 2314,2462 2380,2477 2431,2458 2625,2482 2683,2475 2685,2399 2554,2411 2481,2395 2407,2416 2302,2399 2200,2419"/>
                <Baseline points="2209,2442 2239,2442 2284,2445 2328,2445 2373,2445 2418,2442 2463,2442 2507,2439 2552,2439 2597,2439 2642,2439 2687,2439"/>
                <TextEquiv>
                    <Unicode>S.Fischer, Berlin.</Unicode>
                </TextEquiv>
            </TextLine>
        </TextRegion>
    </Page>
</PcGts>
