3887 3512
2189 549 2300 668 at
2131 644 2417 725 Fischer
3052 646 3349 756 31.5.1928.
2244 746 2522 825 von der Stadt zu verständen
2785 742 3088 829 n'avois
705 749 820 839 P.P.
2091 796 2506 866 attstasganz xxx
2138 851 2492 909 xxx das xxx
2837 842 3061 958 Hau
2138 854 2649 999 Lieber Freund.
2711 942 2794 997 G.
3063 923 3304 1006 G.C.F.P.
2928 946 3007 996 G.F.P.
3045 987 3161 1039 G.C.F.P.
3223 984 3364 1046 G.C.F.P
2329 971 2623 1042 aa af xxx
2649 987 3653 1097 Ich erkläre mich damit einverstanden,
2263 1034 3607 1128 dass im Sinne Ihres Briefes vom 21.Mai die Erzäh¬
2267 1097 3555 1176 lenden Werke in sechs Bänden zusammenhängend ab-
2265 1149 3591 1223 gegeben werden, während die drei Einzelbände ("Weg
2263 1185 3585 1266 ins Freie", „Theresa“, Ergänzungsband
2270 1232 3398 1316 daneben in Einzelbänden verkauft werden.
2119 1247 2200 1307 .b.
2467 1299 3622 1392 bliche Nür den Verkauf in Einzelbänden hät-
2246 1337 3559 1431 ten natürlich die xxxx üblichen Bedingun-
2265 1418 3540 1474 gen zu gelten. xxxxxx (so dass nicht etwa eine
2256 1445 3567 1523 Herabsetzung des Honorars für „Therese“ erfolgen
2251 1499 3564 1566 könnte), während für die Erzählenden Schriften in
2253 1545 3564 1623 sechs Bänden xxx die Tantiene 20% vom Ladenpreis
2250 1592 3557 1659 des broschierten Exemplars ausmachen würde. Auch
2250 1631 3554 1702 damit bin ich einverstanden, dass Sie von der Ge-
2253 1678 3519 1747 samtausgabe nur tausend Exemplare (bei dem von
2243 1710 3557 1798 Ihnen projektierten Vorausdruck von 4000) im Vo-
2243 1766 3505 1826 rans honorieren. Wenn Sie glauben, dass Sie den
2244 1790 3548 1881 Reisebuchtändlern einen erhöhten Rabatt gewähren
2243 1850 3505 1933 und mir für die an Heisebuchtändler verkauften
2243 1879 3436 1967 Exemplare die Tantiemen auf 15% herabsetzen
2251 1929 3617 2015 wollen, kann ich natürlich auch nicht widersprechen.
2243 1969 3626 2060 Wie ich annehme werden ja die Erzählenden Schriften
2236 2010 3548 2100 in der Gesamtausgabe überhaupt nicht broschiert,
2241 2079 3572 2141 sondern nur gebunden abgegeben. Wie wird sich der
2236 2107 3572 2224 Preis des gebundenen zu dem Tiktiven broschierten
2225 2153 2785 2239 Exemplar verhalten?
2405 2208 2527 2279 dans les
2642 2210 3483 2317 Harz anbelangt, so stehen wir wir
2227 2262 3512 2374 der einmal genau dort, wo wir gestanden sind. Es
2225 2327 3485 2410 handelt sich ja eben darum und wie mir scheint
2227 2377 3572 2460 eben nur darum, ob wir die Vorräte übernehmen oder
2231 2418 3536 2498 nicht. Ich halte den Betrag, den wir für diesen
2251 2465 3616 2572 auf aufwenden wollen, keineswegs für ganz verloren,
2243 2505 3512 2587 als xix Sie diese Restvorräte zu einem kleineren
2210 2556 3581 2665 Preis verkaufen können. Aber auch die Einstampfung
