3879 3560
464 804 1674 949 hin mit jener Sachlichkeit behandeln, in der
477 828 1762 977 der guten alten) alles Notwendige zum gegensei-
477 936 1344 1048 tigen Verständnis enthalten ist.
773 988 1322 1090 Mit herzlichen Gruss
773 1068 1137 1159 Ihr ergebener
535 1919 1142 2045 Herrn Dr. Konrad Maril,
584 1984 1012 2083 ,Fiecher,Verlag.
545 2046 755 2127 Berlin.
2048 589 2155 682 A3
2239 633 2522 721 scher
2877 645 3211 755 14.10.1929.
2258 889 2816 1014 Lieber Doktor Maril.
2928 941 3011 1034 D
2642 995 3563 1095 1.) Wie Sie sich ganz richtig er-
2268 1051 3556 1159 innern steht eine Dramatisierung von "Fräulein"
2281 1098 3566 1200 ölse“ keineswegs bevor. Das weiss auch Direktor
2281 1126 3624 1242 Hober Klein, von dem ich übrigens seit persönlichem
2281 1180 3522 1285 Vertrageabschluss keinerlei Nachricht habe als
2276 1217 3571 1324 das Ersuchen den vertragsmässig auf Ende Oktober
2281 1273 3546 1376 festgesetzten Termin eventuell bis gegen Weih-
2278 1302 3549 1420 nachten hinausschieben zu dürfen. Wenn also das
2287 1362 3498 1466 Künstlertheater behauptet, dass ich "mit Klein
2290 1386 3558 1508 in andauernder Korrespondenz über diese von mir
2295 1444 3542 1549 tatsächlich zu erwartende Arbeit stehe“, so be-
2293 1488 3536 1593 findet es sich im Irrtum. Die Novelle soll, wie
2298 1528 3566 1635 alle Beteiligten wissen, so wie sie geschrieben
2302 1574 3586 1682 ist, in einer eigentümlichen Inszenierung auf die
2298 1621 3485 1728 Bühne gebracht werden.-das Ganze stellt also
2298 1670 3551 1764 ein vorläufig an die künstlerische Persönlich-
2305 1713 3536 1814 keit von Elisabeth Bergner gebundenes thatra-
2309 1750 3551 1858 lisches experiment vor und es schiene mir ganz
2307 1792 3519 1897 inopportun vor stattgefahlenen Uraufführung mit
2307 1830 3578 1950 irgend einer Bühne zu verhandeln. Indessen steht
2317 1885 3580 1990 es jedem Direktor frei die Novelle, zu deren Ver
2312 1929 3554 2053 sendung keinerlei Anlass besteht, durch Lektüre
2309 2011 2786 2119 kennen zu lernen.
2804 2053 3705 2138 Wunn Wo und wann die Urauftührung
2332 2105 3674 2209 von "Spiel der Sommerlüfte" stattfinden wird, dürf-
2662 2087 2760 2149 2.)
2331 2144 3674 2261 te sich innerhalb der nächsten zehn Tage wohl ent-
2325 2197 3566 2297 scheiden; Vielleicht schon vor Ende d.R., wahr-
2334 2236 3686 2341 scheinlicher zu Beginn des nächsten. Jahres, Natür¬
2334 2281 3685 2383 lich wäre nun nichts mehr dagegen einzuwenden, dass
2337 2314 3573 2425 man ernetzunehmenden Direktonen das Manuscript
2337 2342 3685 2476 zur Einsicht überliesse, Eine Aufführungserlaubnis
2341 2407 3646 2513 vor feststehendem Termin der Uraufführung dürfte
2341 2446 3695 2562 natürlich in keinem Fall erteilt werden. Da sich
2342 2500 3703 2623 jedoch die Bühnen im allgemeinen zur Annahme eines
3380 2613 3632 2703 Twee Fevre
