3895 3495
3028 532 3228 646 ind'
2072 568 2523 661 S. Fischer.
2798 522 2911 696 P.
2945 625 3284 713 18.2.1928.
2874 684 3178 806 their
2312 849 2947 947 Verehrter Herr Eipper.
2721 962 3595 1047 Besten Dank für Ihre freundliche
2319 1035 3525 1091 Aufklärung. Gegen Ankündigung und geschiokte
2321 1081 3618 1145 Wiedergabe des Inhalts habe ich natürlich nichts
2324 1133 3613 1189 einzuwenden nur die gewissen anpreisenden Worte,
2319 1175 3517 1243 wie sie nicht immer vermieden werden und be-
2319 1223 3575 1282 greiflicher Weise schwer vermieden werden kön-
2319 1253 3648 1322 nen, finde ich im allgemeinen weder geschmackvoll.
2316 1321 3552 1364 noch mützlich. Hingegen glaube ich schon, dass
2316 1354 3573 1410 der Verlag in buchhändlerischer Prop comanda zu-
2319 1389 3605 1454 weilen mehr tun könnte. Diese Propaçanda finde
2316 1444 3595 1502 ich z.B. im Falle "Mauritius" ausgezeichnet und
2324 1487 3648 1542 insoweit es sich darum handelt die Aufmerksamkeit
2321 1537 3547 1585 des grossen Publikums auf das neue Werk eines
2316 1585 3565 1645 Autors zu lenken, ohne dem Urteil vorzugreifen,
2314 1620 3573 1676 kann der Verlag ja kaum zu viel tun. In jedem
2314 1663 3553 1734 Fall würde ich Sie bitten (wie Sie es ja auch
2321 1718 3573 1771 schon in früheren Fällen getan) mir einen Ent-
2316 1743 3648 1817 wurf der von Ihnen geplanten Ankündigung zu über¬
2316 1792 3553 1849 senden. Für den Umschlag benützen Sie wohl am
2321 1842 3595 1915 besten die letzte Photographie wie Sie sie auch
2319 1904 3617 1969 für das "Spiel im Morgengrauen" verwendet haben.
2726 1944 3563 2048 Herr Fischer schreibt mir, dass
2319 2023 3602 2092 HerrnLeo Schalit der den Roman in einer Korres-
2327 2065 3550 2126 pondenz nach England schon vor Erscheinen er-
2321 2092 3651 2170 wähnen möchte. die Aushüngebogen schon 14 Tage vor
2319 2153 3646 2213 Erscheinen zur Verfügung gestellt werden könnten.
2316 2199 3610 2254 Ich bitte Sie also zum angegebenen Termin Hernn
2319 2246 3273 2321 Sch. den Romanzugänglich zu machen.
2701 2301 3502 2397 Ich werde auch wie gewöhnlich
2316 2367 3568 2455 die Rezensions- und Freiexemplar-Liste bitten
2324 2422 3337 2505 und diese Liste durch meine ergänzen.
2686 2505 3452 2587 Mit verbindlichsten Grüssen
2693 2557 3191 2636 Ihr sehr ergebener
