3884 3512
2084 539 2220 637 21
2246 621 2586 761 Ascher
2123 649 2201 725 7
3114 678 3380 766 2.7.1928.
2784 684 3031 882 Aar
2897 839 3166 943 Rait
2299 861 2712 943 Lieber Freund.
2929 894 3402 999 Stières Roll
2636 989 3679 1081 Hier lege ich den Entwurf eines Schret
2322 1067 3592 1115 bens an Benjamin Harz, abgefasst im Sinne Ihres
2317 1098 3549 1158 letzten Vorschlags, bei, will aber diesen Brief
2320 1132 3670 1207 nicht abschicken, bevor ich Ihres Einverständnisses
2325 1189 3603 1257 ganz sicher bin. Lassen Sie mich also bald Ihre
2325 1236 3009 1314 endgültige Meinung hören.
2641 1281 3653 1379 Die 6200 Mk., deren Fälligkeit Sie mir
2325 1371 3603 1426 freundlichst ankündigen, bitte ich an mein Konto
2322 1403 3582 1486 Bank für Auswärtigen Handel, Berlin, überweisen
2332 1467 2608 1545 zu wollen.
2650 1510 3608 1612 Wie ich höre haben in New York nach
2329 1569 3711 1649 Abschluss des offiziellen Gattspiels des Deutschen
2332 1626 3620 1692 Theaters einige Vorstellungen des "Weiten Lands"
2322 1659 3634 1726 mit Korff stattgefunden. Ist hierüber vielleicht
2332 1699 3680 1780 mit Ihnen irgend ein Abschluss erfolgt? (Auf diese
2329 1747 3713 1823 deutschen Vorstellungen hat Curtis Brown natürlich
2325 1807 2879 1892 keinerlei Ingerenz).
2677 1861 3672 1949 Ueber den wie es scheint sehr günsti-
2337 1939 3589 2001 gen Ausgang der Gastspiel Robert mit "Einsamen
2337 1970 3661 2051 Weg“ in Paris habe ich durch die Zeitungen erfäh-
2337 2027 3591 2106 ren. Erinnere ich mich recht, so hat Robert mit
2336 2056 3692 2125 Ihnen nur über die "Liebelei" mit der Dorsch abge-
2334 2118 3563 2184 schlossen oder ist der Vertrag in einen über
2337 2158 3644 2220 den "Einsamen Weg" umgewechselt worden? Sollten
2332 2203 3665 2273 Sie Referate aus Pariser Blättern erhalten haben,
2332 2253 3667 2317 so lassen Sie sie mich gefälligst sehen. Ich habe
2337 2296 3675 2370 weder von Robert noch von sonst wen auch nur eine
2337 2343 2755 2424 Zeile erhalten.
3408 2412 3601 2484 Therese
2710 2394 3340 2488 Die Angelegenheit Nahuy
2329 2443 3670 2539 Holland will ich gerne persönlich zu Ende führen.
2398 2515 3656 2574 hso mehr als ich ja über alle meine Novellen in
2334 2553 3620 2629 der letzten Zeit mit Alice v. Nahuys persönlich
2330 2591 3677 2688 abgeschlossen habe. Sie schrieben mir vor xxx
