3890 3560
2826 631 3134 789 Rueckow
2073 702 2487 797 T. Fischer
3172 771 3448 867 5.7.1930.
2789 878 3047 953 Ce P.H.P.
2457 942 3039 1054 Lieber Doktor Maril,
3261 1016 3338 1068 G.F.P.
2736 1028 3200 1077 G.C.H.F.P.K.
2858 1062 3563 1157 Die mir freundlichst über-
2461 1102 3650 1201 sandte Anfrage der Firma Kneskowe in Teplitz
2461 1189 3350 1263 scheint mir nicht übermassig fort
3480 1191 3661 1246 nein.
2458 1228 3562 1293 Die Firma will folgende Hovelen erwer-
2469 1283 3604 1329 ben: "Der Weg ins Freie", "Spiel ik Morgen-
2461 1318 3604 1378 grauen", "Professor Bernhardi" und "Der jun
2475 1359 3604 1422 ge Medardus" (oder wie die Firma schreibt:
2469 1414 3526 1468 Mardardus"). "Der Weg ins Freie"ist in
2467 1445 3578 1505 Ozechien schon 1934 erschienen, "Medardus"
2469 1499 3571 1549 und "Bernhardi" bekanntlich Dramen. Ueber
2288 1499 2401 1565 sind
2467 1505 3643 1605 "Spiel im Morgengrauen" bin ich selbst nicht
2464 1577 3595 1646 genau informiert; xxx mir ist,als wäre die
2464 1617 3650 1686 Hovelle auch schon in der Chechoslowakei er-
2467 1664 3638 1729 erschienen. Die Firma selbst wird das wohl
2467 1719 3626 1779 authentischer wissen als ich. Ich überlasse
2461 1753 3597 1816 es ihnen den Leuten in der Ihnen geeignet
2464 1795 3621 1871 erscheinenden Weise zu antworten, eventuell
2466 1844 3574 1926 anzufragen,ob eine csechische Buchausgabe
2464 1874 3629 1957 von "Bernhardi und "Medardus" in Aussicht
2464 1942 2877 2005 genommen würde.
2884 1986 3704 2092 Für Ihre Liste will ich Ihnen
2455 2027 3684 2119 heute nur mitteilen, dass im Laufe der letzten
2464 2116 3629 2165 Wochen "Casanovas Heimfahrt" in einer fran-
2472 2144 3696 2213 zösischen Uebersetzung von Remon bei Attinger
2467 2207 3660 2262 in Paris; autorisiert und honoriert) und eine
2469 2242 3627 2316 italienische Uebersetzung derselben Novelle
2472 2286 3597 2337 bei Sperling & Kupfer In Mailand herausge-
2458 2319 3646 2386 kommen ist (weder autorisiert noch bezahlt),
2490 2378 3618 2431 elt der xxxx xxxx
2467 2420 3666 2467 "Rechtfertigung", dass seit dem Erscheinen in
2467 2458 3683 2545 deutscher Sprache bereite mehr als sehn Jahre
2464 2512 2887 2579 vergangen sind.
2835 2567 3457 2674 Mit herzlichen Grüssen
2823 2636 2936 2709 Ihr
