3869 3561
2667 603 3195 744 Holland Zweck
1975 620 2406 783 S. Fischer
2690 689 3241 826 Espe¬ 24.4.1929.
2789 766 3282 921 Sham The dor
2174 903 2884 1001 Lieber Herr Doktor Maril.
2509 1027 3361 1097 Anläselich der eben angelangten
2190 1065 3444 1168 Märs-Verrechnung erlaube ich mir die Frage,ob
2186 1118 3435 1183 Holland, "Zwischenspiel", noch nicht abgerechnet
2185 1156 3566 1238 hat. Ferner ob Ihnen von einer Aufführung der "Lie-
2195 1207 3408 1276 belei" in Brüssel etwas bekannt geworden ist.
2202 1250 3363 1336 (Beigeschlossen ein bezüglicher Ausschnitt.
2703 1302 2784 1353 zur
2518 1324 3523 1396 Als ich letzt in Berlin war, schon bei
2193 1379 3444 1441 Gelegenheit meines ersten Besuches im Bureau,
2202 1426 3452 1493 teilte man mir mit, dass aus Amerika ein Scheck
2205 1465 3526 1544 über einige hundert Dollars eingetroffen sei (ir-
2202 1503 3524 1584 gend eine deutsche Schulausgabe eines meiner Wer-
2198 1549 3452 1632 ke), den man mir separat verrechnen wollte, doch
2202 1599 3421 1676 verschob man das mit meiner Zustimmung bis zu
2205 1637 3452 1731 genauerer Information. Wie steht es mit dieser
2207 1711 2382 1769 Sache?
2502 1747 3572 1839 Die 15 Mark für die Esperantoübersetzung
2205 1810 3545 1891 der "Dreifachen Warnung" xxx
2205 1855 3564 1942 kan bitte für eine gelegentliche Spende reserviert
2214 1910 3511 2020 zu halten, worüber ich mir erlauben werde Auftrag
2216 1975 2545 2044 zu erteilen.
2473 2021 3576 2107 Den Betrag für den Abdruck von "Gräsler"
2210 2082 3569 2154 und "Geronimo" habe ich erhalten. Ist der "Strom".
2217 2126 3303 2226 Verlag mit dem Phaidon-Verlag identisch?
2484 2209 3543 2291 Ich hoffe, Sie haben sich schon ganz er-
2204 2265 3203 2346 holt und bin mit herzlichen Grüssen
2485 2308 2975 2391 Ihr ganz ergebener
2210 2439 2820 2535 Herrn Dr. Konrad Maril,
2217 2492 2688 2575 S.Fischer,Verlag.
2222 2544 2435 2619 Berlin.
