3895 3576
484 885 1765 1024 Zweifel feststand,in meinem alleinigen Besitze
496 997 610 1063 war.
826 1043 1421 1147 Mit herzlichem Grues
838 1120 937 1182 Ihr
883 1264 986 1326 G.C.F.P
779 1313 994 1363 G.C.F.P.
853 1349 947 1405 G.C.F.P
518 2094 947 2201 Herrn S.Fiecher,
521 2172 729 2246 Berlin.
2095 753 2488 838 Tischer
2942 860 3228 966 5.3.1930.
2335 1049 2876 1162 Lieber Freund.
3056 1136 3155 1197 T.H.
2670 1157 3669 1247 Es war mir natürlich nicht unbekannt,
2355 1234 3622 1291 dass die Exemplare des "Reisen" auf den Einband
2355 1276 3653 1341 und dem Titelblatt den Namen Benjamin Hors tra-
2360 1339 3616 1393 gen, wie man den aus diesem Umstand sich er¬
2355 1351 3674 1426 gebenden Schwierigkeiten eventuell begegnen könn-
2364 1415 3597 1468 te, glaube ich schon mehrfach angedeutet zu ha-
2358 1458 3597 1517 ben. Es wären folgende Möglichkeiten in Erwä-
2360 1510 2774 1581 gung zu ziehen.
2643 1549 3681 1644 1. Man könnte die gebundenen Exemplare
2355 1633 3607 1713 mit dem Namen Harz etc. überhaupt aus dem Ver-
2352 1666 3607 1752 kehr. xxxxxxxgxxx ziehen, resp.vertilgen.
2647 1708 3701 1800 2. Man könnte diese gebundenen Exempla-
2352 1765 3654 1815 re, nachdem man sie gekauft hat, (eventuell zu ei-
2364 1810 3653 1859 nem ermässigten Preise) in den Verkehr bringen.
2360 1854 3679 1916 Indes aber die neue Ausgabe Verlag Fischer her-
2360 1896 3632 1961 stellen und sie entweder zugleich in den Handel
2367 1934 3656 1990 bringen oder im Herbst, wenn die frühere Ausgabe
2364 1985 3689 2055 zum grösseren Teile vergriffen sein wird, auf den
2360 2030 2762 2100 Markt bringen.
2680 2084 3612 2172 Denn auch, wenn die sämtlichen noch
2360 2131 3611 2221 jetzt bei Harz befindlichen Exemplare einge.
2358 2211 3592 2261 stampft sein sollten, können wir uns keineswegs
2367 2248 3622 2310 dagegen schützen, dass noch eine Ausahl solcher
2367 2290 3522 2355 Exemplare aus der Verlage Harz in Handel
2358 2332 3607 2394 sirkulieren. Das Wesentliche bleibt,wie mir
2358 2394 3624 2439 scheint, dass wir durch den Ankauf der noch vor-
2358 2409 3703 2496 handenen, im Besitze von Harz befindlichen Exempla
2358 2472 3539 2526 re das unbestreitbare, absolut alleinige Rechte.
2355 2521 3619 2576 sowohl über den Verkauf der noch existierenden.
2355 2566 3622 2610 als xxxx auch hinsichtlicheiner Neuansgabe er-
2345 2600 3527 2662 halten, welches letztere übrigens seit gerau
2333 2654 3522 2727 Zeit. wie juridisch. logisch und thisch über
