3906 3512
2974 582 3280 696 13.9.1928.
1973 592 2462 708 F. Fischer
2097 822 2803 927 Lieber Herr Doktor Maril,
2636 905 2866 970 G.C.F.P.
2444 946 3527 1044 1. Italien. Rökk Richter. Wir wissen, dass
2113 996 3494 1088 Herr R. sich berechtigt glaubte seine Uebersetzung
2118 1048 3461 1139 der "Grossen Szene" zur Aufführung bringen zu las-
2116 1077 3503 1186 sen. Ein Kontrakt von der Societa muss bestehen. Die
2125 1134 3456 1220 Tantièmen müssen gezahlt werden. In dieser Richtung
2128 1176 3480 1265 wäre wohl die Sache zu erledigen. Ueber die Persön-
2123 1215 3456 1317 lichkeit des Herrn Rö sind die Akten geschlossen.
2472 1265 3580 1376 2. Es stimmt dass "The international li-
2132 1343 3508 1454 terary Agency“ (T.L.I.i.F.Fräulein Else“ kürzlich von
2137 1391 3409 1483 Esolney für Italien erworben hat. Ich lege den
2132 1433 3490 1533 Brief der Agentur bei, um deren Rücksendung ich er-
2134 1490 3456 1571 suche. Ich übergebe Ihnen gern die Angelegenheit
2144 1523 3513 1605 "Theres" zu weiterer Behandlung,schlage vor 7xxx vom
2132 1566 3444 1659 Ladenpreis mit sofort zahlbarer Garantie von 5000
2142 1607 3383 1704 Lire (wie mir Zsolney sagt verlangt er 2700 fü¬
2144 1668 3130 1752 "Fräulein Else").befristeter Termin.
2491 1726 3428 1825 3. Ich lege zu gleicher Zeit eine Auf-
2384 1788 3380 1883 ###ereso von Prof.Brecke, Czecholsowake
2158 1833 3523 1949 (irrtümlich an Zeolnay gelangt) und überlasse gern
2147 1799 2258 1883 frag
2149 1895 3411 1961 auch diese Angelegenheit Ihnen zum Abschluss.
2144 1926 3382 2020 denke, auch hier wären 7xxx, garantiert mit 5000ct
2154 1985 2677 2068 tete. das Richtige.
2705 2027 3289 2120 merk. Frau Oberstleutner
2486 2051 3311 2182 reibt mir, dass sie vier Novell
2161 2106 2334 2208 Schier
2467 2142 3311 2218 denen die Verrechnung eingesandt
2299 2135 2432 2235 und
2158 2194 3325 2282 dass sie weitere Novellen übersetzen möchte.
2151 2242 2931 2334 ich nichts einzuwenden habe.
2510 2310 2755 2393 5. Teplitz
2161 2368 2795 2460 lich niemals eine erlau.
3140 2413 3299 2479 dort an
2227 2427 2809 2508 vielmehr vor etwa einem
3133 2448 3358 2522 en. Die
2251 2481 2807 2555 frage ablehnend geantworten werden.
2292 2520 2734 2622 eben was sie vor
