<?xml version="1.0" encoding="UTF-8" standalone="yes"?>
<PcGts xmlns="http://schema.primaresearch.org/PAGE/gts/pagecontent/2013-07-15" xmlns:xsi="http://www.w3.org/2001/XMLSchema-instance" xsi:schemaLocation="http://schema.primaresearch.org/PAGE/gts/pagecontent/2013-07-15 http://schema.primaresearch.org/PAGE/gts/pagecontent/2013-07-15/pagecontent.xsd">
    <Metadata>
        <Creator>prov=READ-COOP:name=TrHtr:version=2.1.0:model_id=51170:date=27_07_2023_17:40</Creator>
        <Created>2023-05-02T08:01:23.490+02:00</Created>
        <LastChange>2023-07-27T17:40:55.034+02:00</LastChange>
        <TranskribusMetadata docId="1416741" pageId="54952932" pageNr="112" tsid="131275981" status="IN_PROGRESS" userId="64420" imgUrl="https://files.transkribus.eu/Get?id=RUJSPPFHIRXDRNTHIAOTOMCE&amp;fileType=view" xmlUrl="https://files.transkribus.eu/Get?id=MGIKECMYOHLXLYHXSDARONZN" imageId="44456657"/>
    </Metadata>
    <Page imageFilename="1416741_0112.jpg" imageWidth="3859" imageHeight="3576">
        <ReadingOrder>
            <OrderedGroup id="ro_1711827667955" caption="Regions reading order">
                <RegionRefIndexed index="0" regionRef="tr_1"/>
            </OrderedGroup>
        </ReadingOrder>
        <TextRegion id="tr_1" custom="readingOrder {index:0;}">
            <Coords points="2116,645 3725,645 3725,2597 2116,2597"/>
            <TextLine id="tr_1_tl_1" custom="readingOrder {index:0;}">
                <Coords points="2107,707 2164,724 2221,721 2246,702 2288,722 2342,709 2360,721 2478,719 2518,711 2520,627 2475,637 2407,608 2357,617 2302,585 2280,596 2233,583 2108,617"/>
                <Baseline points="2116,704 2119,704 2164,701 2208,698 2253,698 2298,695 2343,698 2387,698 2432,698 2477,695 2522,698"/>
                <TextEquiv>
                    <Unicode>S. Fischer</Unicode>
                </TextEquiv>
            </TextLine>
            <TextLine id="tr_1_tl_2" custom="readingOrder {index:1;}">
                <Coords points="3227,811 3281,825 3308,815 3363,823 3389,811 3422,818 3436,810 3474,822 3528,801 3526,729 3496,738 3478,719 3412,741 3389,734 3326,748 3261,731 3226,741"/>
                <Baseline points="3235,779 3280,782 3325,785 3370,782 3414,782 3459,785 3504,785 3531,788"/>
                <TextEquiv>
                    <Unicode>30.1.1930.</Unicode>
                </TextEquiv>
            </TextLine>
            <TextLine id="tr_1_tl_3" custom="readingOrder {index:2;}">
                <Coords points="2370,969 2933,988 2957,981 2957,900 2869,922 2802,904 2515,924 2424,899 2370,917"/>
                <Baseline points="2379,955 2423,958 2468,958 2513,958 2558,958 2602,958 2647,958 2692,958 2737,958 2781,958 2826,958 2871,958 2916,958 2961,961"/>
                <TextEquiv>
                    <Unicode>Lieber Herr Dr. Maril,</Unicode>
                </TextEquiv>
            </TextLine>
            <TextLine id="tr_1_tl_4" custom="readingOrder {index:3;}">
                <Coords points="2695,1090 3684,1080 3661,1015 2938,1047 2695,1016"/>
                <Baseline points="2704,1086 2746,1086 2790,1086 2835,1086 2880,1086 2925,1086 2970,1089 3014,1086 3059,1086 3104,1086 3149,1086 3193,1086 3238,1086 3283,1086 3328,1086 3373,1086 3417,1086 3462,1086 3507,1086 3552,1083 3596,1083 3641,1080 3686,1077"/>
                <TextEquiv>
                    <Unicode>Lassen Sie mich Ihnen noch nachträg-</Unicode>
                </TextEquiv>
            </TextLine>
            <TextLine id="tr_1_tl_5" custom="readingOrder {index:4;}">
                <Coords points="2381,1139 3691,1134 3666,1087 2381,1090"/>
                <Baseline points="2390,1131 2396,1131 2441,1134 2486,1131 2531,1134 2576,1131 2620,1131 2665,1134 2710,1131 2755,1131 2799,1131 2844,1131 2889,1131 2934,1131 2979,1131 3023,1131 3068,1128 3113,1131 3158,1128 3202,1131 3247,1131 3292,1128 3337,1128 3381,1128 3426,1131 3471,1128 3516,1128 3561,1128 3605,1128 3650,1128 3695,1122"/>
                <TextEquiv>
                    <Unicode>lich ebenso wie Herrn Dr. Hermann für die freund-</Unicode>
                </TextEquiv>
            </TextLine>
            <TextLine id="tr_1_tl_6" custom="readingOrder {index:5;}">
                <Coords points="2381,1184 3642,1171 3642,1141 3511,1129 2381,1139"/>
                <Baseline points="2390,1176 2393,1179 2438,1179 2483,1176 2528,1176 2573,1176 2617,1176 2662,1176 2707,1176 2752,1176 2796,1176 2841,1176 2886,1176 2931,1176 2976,1176 3020,1176 3065,1176 3110,1173 3155,1173 3199,1173 3244,1173 3289,1170 3334,1173 3378,1170 3423,1173 3468,1173 3513,1173 3558,1170 3602,1167 3647,1167"/>
                <TextEquiv>
                    <Unicode>lichen Glückwünsche anlässlich des "Bernhardi".</Unicode>
                </TextEquiv>
            </TextLine>
            <TextLine id="tr_1_tl_7" custom="readingOrder {index:6;}">
                <Coords points="2376,1221 3546,1221 3706,1257 3674,1158 3069,1201 2376,1184"/>
                <Baseline points="2384,1220 2411,1220 2456,1220 2501,1223 2546,1223 2590,1220 2635,1220 2680,1217 2725,1220 2770,1217 2814,1220 2859,1220 2904,1217 2949,1217 2993,1220 3038,1217 3083,1217 3128,1217 3173,1220 3217,1217 3262,1217 3307,1217 3352,1217 3396,1217 3441,1217 3486,1217 3531,1217 3576,1217 3620,1217 3665,1217 3710,1211"/>
                <TextEquiv>
                    <Unicode>Erfolges bestens danken. Sie schreiben anschlies-</Unicode>
                </TextEquiv>
            </TextLine>
            <TextLine id="tr_1_tl_8" custom="readingOrder {index:7;}">
                <Coords points="2377,1270 3622,1272 3622,1231 3548,1221 2377,1221"/>
                <Baseline points="2387,1265 2417,1265 2462,1265 2507,1265 2552,1265 2596,1265 2641,1262 2686,1259 2731,1262 2776,1262 2820,1265 2865,1262 2910,1262 2955,1262 2999,1262 3044,1262 3089,1262 3134,1259 3178,1259 3223,1265 3268,1262 3313,1265 3358,1262 3402,1262 3447,1262 3492,1262 3537,1259 3581,1262 3626,1262"/>
                <TextEquiv>
                    <Unicode>send an Ihre Mitteilung vom 27.d.M., dass der</Unicode>
                </TextEquiv>
            </TextLine>
            <TextLine id="tr_1_tl_9" custom="readingOrder {index:8;}">
                <Coords points="2387,1310 3654,1319 3639,1267 2387,1275"/>
                <Baseline points="2396,1298 2441,1307 2486,1307 2531,1307 2576,1307 2620,1307 2665,1307 2710,1304 2755,1307 2799,1307 2844,1307 2889,1307 2934,1307 2979,1307 3023,1307 3068,1307 3113,1304 3158,1304 3202,1304 3247,1307 3292,1307 3337,1304 3381,1304 3426,1304 3471,1304 3516,1301 3561,1304 3605,1304 3650,1304 3659,1304"/>
                <TextEquiv>
                    <Unicode>"Bernhardi" sich zu einem Erfolg auswüchse von</Unicode>
                </TextEquiv>
            </TextLine>
            <TextLine id="tr_1_tl_10" custom="readingOrder {index:9;}">
                <Coords points="2376,1361 3664,1356 3609,1310 2376,1314"/>
                <Baseline points="2384,1349 2429,1352 2474,1349 2519,1349 2564,1349 2608,1352 2653,1352 2698,1352 2743,1349 2787,1352 2832,1352 2877,1352 2922,1352 2967,1352 3011,1352 3056,1352 3101,1352 3146,1352 3190,1352 3235,1352 3280,1352 3325,1349 3370,1349 3414,1352 3459,1349 3504,1349 3549,1352 3593,1352 3638,1349 3668,1349"/>
                <TextEquiv>
                    <Unicode>der Mitteilung eines amerikanischen Agenten, der</Unicode>
                </TextEquiv>
            </TextLine>
            <TextLine id="tr_1_tl_11" custom="readingOrder {index:10;}">
                <Coords points="2372,1413 3681,1410 3691,1341 2372,1364"/>
                <Baseline points="2382,1396 2396,1396 2441,1396 2486,1393 2531,1396 2576,1396 2620,1396 2665,1396 2710,1396 2755,1393 2799,1396 2844,1396 2889,1393 2934,1396 2979,1396 3023,1396 3068,1396 3113,1396 3158,1396 3202,1393 3247,1393 3292,1393 3337,1393 3381,1393 3426,1393 3471,1393 3516,1393 3561,1396 3605,1393 3650,1393 3695,1390"/>
                <TextEquiv>
                    <Unicode>sich für mein Stück interessiert hat. Das bezieht</Unicode>
                </TextEquiv>
            </TextLine>
            <TextLine id="tr_1_tl_12" custom="readingOrder {index:11;}">
                <Coords points="2370,1443 3335,1467 3630,1450 3642,1404 2370,1413"/>
                <Baseline points="2379,1441 2393,1441 2438,1441 2483,1441 2528,1441 2573,1438 2617,1438 2662,1438 2707,1438 2752,1441 2796,1438 2841,1438 2886,1438 2931,1435 2976,1438 3020,1438 3065,1438 3110,1438 3155,1438 3199,1435 3244,1435 3289,1435 3334,1435 3378,1435 3423,1435 3468,1435 3513,1435 3558,1438 3602,1438 3647,1438"/>
                <TextEquiv>
                    <Unicode>sich aber wohl auf "Spiel der Sommerlüfte", denn</Unicode>
                </TextEquiv>
            </TextLine>
            <TextLine id="tr_1_tl_13" custom="readingOrder {index:12;}">
                <Coords points="2376,1483 3462,1504 3657,1492 3669,1436 2376,1448"/>
                <Baseline points="2384,1483 2420,1483 2465,1486 2510,1483 2555,1483 2599,1483 2644,1480 2689,1474 2734,1483 2779,1483 2823,1483 2868,1483 2913,1483 2958,1480 3002,1480 3047,1480 3092,1483 3137,1483 3181,1483 3226,1480 3271,1480 3316,1483 3361,1480 3405,1480 3450,1483 3495,1483 3540,1483 3584,1483 3629,1480 3674,1480"/>
                <TextEquiv>
                    <Unicode>wegen des "Bernhardi" hätte die Suild wohl nicht</Unicode>
                </TextEquiv>
            </TextLine>
            <TextLine id="tr_1_tl_14" custom="readingOrder {index:13;}">
                <Coords points="2372,1539 3723,1542 3704,1485 2372,1483"/>
                <Baseline points="2382,1528 2426,1528 2471,1528 2516,1528 2561,1528 2605,1528 2650,1528 2695,1528 2740,1528 2784,1528 2829,1528 2874,1525 2919,1525 2964,1522 3008,1525 3053,1525 3098,1525 3143,1525 3187,1522 3232,1525 3277,1525 3322,1528 3367,1525 3411,1525 3456,1525 3501,1525 3546,1525 3590,1525 3635,1525 3680,1525 3725,1525"/>
                <TextEquiv>
                    <Unicode>angerufen. Wegen des „Spiels“ aber habe ich schon</Unicode>
                </TextEquiv>
            </TextLine>
            <TextLine id="tr_1_tl_15" custom="readingOrder {index:14;}">
                <Coords points="2376,1579 3637,1579 3619,1530 3481,1525 2376,1539"/>
                <Baseline points="2384,1570 2429,1570 2474,1573 2519,1570 2564,1570 2608,1570 2653,1570 2698,1570 2743,1570 2787,1573 2832,1573 2877,1573 2922,1573 2967,1570 3011,1579 3056,1573 3101,1570 3146,1570 3190,1570 3235,1573 3280,1570 3325,1570 3370,1570 3414,1570 3459,1570 3504,1570 3549,1570 3593,1570 3638,1573 3641,1573"/>
                <TextEquiv>
                    <Unicode>vor vier Wochen eine Anfrage der Guild erhalten</Unicode>
                </TextEquiv>
            </TextLine>
            <TextLine id="tr_1_tl_16" custom="readingOrder {index:15;}">
                <Coords points="2370,1625 3713,1631 3713,1584 3652,1576 2370,1578"/>
                <Baseline points="2379,1614 2423,1617 2468,1614 2513,1617 2558,1614 2602,1617 2647,1614 2692,1614 2737,1617 2781,1617 2826,1614 2871,1614 2916,1614 2961,1614 3005,1614 3050,1614 3095,1611 3140,1611 3184,1614 3229,1614 3274,1614 3319,1614 3364,1614 3408,1614 3453,1614 3498,1614 3543,1611 3587,1611 3632,1614 3677,1614 3716,1614"/>
                <TextEquiv>
                    <Unicode>und ich glaube, dass Curtis Brown mit dem Theater</Unicode>
                </TextEquiv>
            </TextLine>
            <TextLine id="tr_1_tl_17" custom="readingOrder {index:16;}">
                <Coords points="2367,1673 3639,1675 3659,1626 2367,1628"/>
                <Baseline points="2376,1662 2408,1659 2453,1659 2498,1659 2543,1659 2587,1659 2632,1656 2677,1659 2722,1659 2767,1659 2811,1659 2856,1662 2901,1662 2946,1662 2990,1662 3035,1659 3080,1659 3125,1659 3170,1662 3214,1662 3259,1659 3304,1659 3349,1659 3393,1659 3438,1659 3483,1659 3528,1659 3573,1659 3617,1659 3662,1659"/>
                <TextEquiv>
                    <Unicode>schon in Verbindung getreten ist, in dem übrigens</Unicode>
                </TextEquiv>
            </TextLine>
            <TextLine id="tr_1_tl_18" custom="readingOrder {index:17;}">
                <Coords points="2372,1714 3691,1729 3691,1663 2372,1680"/>
                <Baseline points="2382,1701 2426,1704 2471,1704 2516,1704 2561,1701 2605,1704 2650,1701 2695,1704 2740,1704 2784,1704 2829,1704 2874,1704 2919,1704 2964,1701 3008,1704 3053,1704 3098,1701 3143,1707 3187,1707 3232,1707 3277,1701 3322,1701 3367,1701 3411,1701 3456,1701 3501,1701 3546,1704 3590,1704 3635,1701 3680,1704 3695,1704"/>
                <TextEquiv>
                    <Unicode>demnächst der "Einsame Weg" zur Aufführung kommen</Unicode>
                </TextEquiv>
            </TextLine>
            <TextLine id="tr_1_tl_19" custom="readingOrder {index:18;}">
                <Coords points="2367,1781 2396,1769 2419,1779 2463,1752 2486,1767 2510,1756 2528,1766 2542,1762 2542,1720 2532,1722 2522,1715 2505,1722 2481,1709 2436,1710 2404,1719 2394,1712 2367,1709"/>
                <Baseline points="2376,1749 2420,1749 2465,1749 2510,1749 2546,1749"/>
                <TextEquiv>
                    <Unicode>soll.</Unicode>
                </TextEquiv>
            </TextLine>
            <TextLine id="tr_1_tl_20" custom="readingOrder {index:19;}">
                <Coords points="2683,1846 3627,1845 3627,1793 3582,1784 3244,1806 2905,1782 2831,1806 2683,1782"/>
                <Baseline points="2692,1832 2737,1832 2781,1835 2826,1832 2871,1835 2916,1835 2961,1835 3005,1835 3050,1835 3095,1835 3140,1835 3184,1835 3229,1835 3274,1832 3319,1835 3364,1835 3408,1835 3453,1838 3498,1835 3543,1835 3587,1835 3632,1826"/>
                <TextEquiv>
                    <Unicode>Was die deutsche Uraufführung anbe-</Unicode>
                </TextEquiv>
            </TextLine>
            <TextLine id="tr_1_tl_21" custom="readingOrder {index:20;}">
                <Coords points="2357,1885 3582,1892 3582,1843 3488,1836 2708,1858 2357,1824"/>
                <Baseline points="2367,1877 2411,1880 2456,1880 2501,1880 2546,1880 2590,1880 2635,1877 2680,1880 2725,1880 2770,1880 2814,1880 2859,1880 2904,1880 2949,1880 2993,1880 3038,1880 3083,1880 3128,1880 3173,1880 3217,1880 3262,1877 3307,1880 3352,1880 3396,1883 3441,1883 3486,1883 3531,1880 3576,1883 3584,1883"/>
                <TextEquiv>
                    <Unicode>langt, so ist nicht das Geringste erfolgt, dass</Unicode>
                </TextEquiv>
            </TextLine>
            <TextLine id="tr_1_tl_22" custom="readingOrder {index:21;}">
                <Coords points="2367,1925 3592,1939 3592,1887 2367,1887"/>
                <Baseline points="2376,1925 2387,1922 2432,1925 2477,1922 2522,1925 2567,1922 2611,1922 2656,1922 2701,1922 2746,1925 2790,1925 2835,1922 2880,1922 2925,1925 2970,1925 3014,1925 3059,1925 3104,1922 3149,1922 3193,1922 3238,1922 3283,1922 3328,1925 3373,1925 3417,1925 3462,1925 3507,1925 3552,1922 3596,1919"/>
                <TextEquiv>
                    <Unicode>ich das Stück xx weder einzureichen noch anzu-</Unicode>
                </TextEquiv>
            </TextLine>
            <TextLine id="tr_1_tl_23" custom="readingOrder {index:22;}">
                <Coords points="2364,1976 3573,1976 3558,1929 2364,1929"/>
                <Baseline points="2373,1967 2417,1967 2462,1967 2507,1967 2552,1970 2596,1967 2641,1967 2686,1967 2731,1967 2776,1970 2820,1967 2865,1970 2910,1967 2955,1970 2999,1967 3044,1970 3089,1967 3134,1967 3178,1967 3223,1967 3268,1967 3313,1967 3358,1967 3402,1967 3447,1967 3492,1970 3537,1967 3578,1967"/>
                <TextEquiv>
                    <Unicode>bieten gedenke, wird Ihnen nicht verwunderlich</Unicode>
                </TextEquiv>
            </TextLine>
            <TextLine id="tr_1_tl_24" custom="readingOrder {index:23;}">
                <Coords points="2360,2019 3674,2029 3703,1956 3323,1991 2360,1974"/>
                <Baseline points="2370,2011 2414,2011 2459,2011 2504,2011 2549,2011 2593,2011 2638,2011 2683,2011 2728,2011 2773,2011 2817,2014 2862,2014 2907,2011 2952,2011 2996,2011 3041,2014 3086,2011 3131,2011 3176,2008 3220,2011 3265,2011 3310,2011 3355,2014 3399,2011 3444,2014 3489,2014 3534,2011 3578,2011 3623,2014 3668,2014 3707,2014"/>
                <TextEquiv>
                    <Unicode>sein und ich denke, da Sie das Stück sehr mit Recht</Unicode>
                </TextEquiv>
            </TextLine>
            <TextLine id="tr_1_tl_25" custom="readingOrder {index:24;}">
                <Coords points="2357,2070 3688,2066 3688,2028 3565,2014 2357,2018"/>
                <Baseline points="2367,2053 2411,2053 2456,2053 2501,2056 2546,2056 2590,2056 2635,2053 2680,2056 2725,2056 2770,2056 2814,2056 2859,2056 2904,2056 2949,2056 2993,2059 3038,2056 3083,2056 3128,2056 3173,2056 3217,2056 3262,2056 3307,2053 3352,2056 3396,2056 3441,2056 3486,2056 3531,2056 3576,2059 3620,2059 3665,2059 3692,2062"/>
                <TextEquiv>
                    <Unicode>dem Frankfurter Theater (Helmer) schon überlassen</Unicode>
                </TextEquiv>
            </TextLine>
            <TextLine id="tr_1_tl_26" custom="readingOrder {index:25;}">
                <Coords points="2357,2100 3577,2118 3560,2066 2357,2070"/>
                <Baseline points="2367,2095 2411,2098 2456,2098 2501,2101 2546,2101 2590,2098 2635,2098 2680,2098 2725,2101 2770,2101 2814,2101 2859,2101 2904,2101 2949,2101 2993,2101 3038,2101 3083,2101 3128,2101 3173,2101 3217,2101 3262,2101 3307,2101 3352,2101 3396,2101 3441,2101 3486,2101 3531,2104 3576,2104 3581,2104"/>
                <TextEquiv>
                    <Unicode>haben, besteht wohl kein Grund mehr es anderen</Unicode>
                </TextEquiv>
            </TextLine>
            <TextLine id="tr_1_tl_27" custom="readingOrder {index:26;}">
                <Coords points="2357,2155 3652,2179 3639,2090 3348,2124 2357,2103"/>
                <Baseline points="2367,2140 2411,2143 2456,2143 2501,2143 2546,2143 2590,2143 2635,2143 2680,2140 2725,2143 2770,2143 2814,2143 2859,2146 2904,2143 2949,2143 2993,2143 3038,2146 3083,2143 3128,2146 3173,2143 3217,2143 3262,2146 3307,2146 3352,2146 3396,2146 3441,2143 3486,2146 3531,2146 3576,2146 3620,2149 3656,2149"/>
                <TextEquiv>
                    <Unicode>Bühnen in Deutschland vorzuenthalten. Nur wo Sie</Unicode>
                </TextEquiv>
            </TextLine>
            <TextLine id="tr_1_tl_28" custom="readingOrder {index:27;}">
                <Coords points="2360,2194 3575,2204 3604,2152 2360,2159"/>
                <Baseline points="2370,2185 2414,2187 2459,2185 2504,2187 2549,2185 2593,2185 2638,2185 2683,2185 2728,2187 2773,2190 2817,2187 2862,2187 2907,2187 2952,2187 2996,2187 3041,2190 3086,2187 3131,2190 3176,2190 3220,2187 3265,2187 3310,2187 3355,2187 3399,2187 3444,2187 3489,2190 3534,2190 3578,2193 3608,2193"/>
                <TextEquiv>
                    <Unicode>eine Aufführung aus künstlerischen Gründen für</Unicode>
                </TextEquiv>
            </TextLine>
            <TextLine id="tr_1_tl_29" custom="readingOrder {index:28;}">
                <Coords points="2360,2250 3669,2248 3642,2196 2360,2194"/>
                <Baseline points="2370,2232 2414,2232 2459,2232 2504,2232 2549,2232 2593,2229 2638,2232 2683,2232 2728,2232 2773,2232 2817,2232 2862,2232 2907,2235 2952,2232 2996,2232 3041,2232 3086,2232 3131,2235 3176,2235 3220,2235 3265,2235 3310,2235 3355,2232 3399,2232 3444,2235 3489,2235 3534,2235 3578,2235 3623,2238 3668,2232 3674,2232"/>
                <TextEquiv>
                    <Unicode>untunlich xxxxxxx xxxx halten, bitte ich ab-</Unicode>
                </TextEquiv>
            </TextLine>
            <TextLine id="tr_1_tl_30" custom="readingOrder {index:29;}">
                <Coords points="2355,2278 3619,2280 3587,2239 2355,2251"/>
                <Baseline points="2364,2274 2408,2277 2453,2277 2498,2274 2543,2274 2587,2277 2632,2274 2677,2277 2722,2274 2767,2277 2811,2280 2856,2277 2901,2277 2946,2280 2990,2277 3035,2280 3080,2277 3125,2277 3170,2277 3214,2280 3259,2280 3304,2277 3349,2277 3393,2280 3438,2280 3483,2277 3528,2280 3573,2280 3617,2274 3623,2277"/>
                <TextEquiv>
                    <Unicode>zulehnen. Ich weiss nicht, ob ein solches Beden-</Unicode>
                </TextEquiv>
            </TextLine>
            <TextLine id="tr_1_tl_31" custom="readingOrder {index:30;}">
                <Coords points="2352,2323 3678,2337 3678,2273 2787,2307 2352,2271"/>
                <Baseline points="2361,2319 2405,2319 2450,2319 2495,2319 2540,2316 2584,2316 2629,2316 2674,2319 2719,2319 2764,2322 2808,2319 2853,2322 2898,2322 2943,2322 2987,2319 3032,2322 3077,2322 3122,2322 3167,2322 3211,2322 3256,2322 3301,2322 3346,2322 3390,2322 3435,2322 3480,2322 3525,2325 3570,2325 3614,2325 3659,2325 3680,2325"/>
                <TextEquiv>
                    <Unicode>ken auf Giessen zutrifft. Im übrigen verfügen Sie</Unicode>
                </TextEquiv>
            </TextLine>
            <TextLine id="tr_1_tl_32" custom="readingOrder {index:31;}">
                <Coords points="2352,2365 3619,2374 3582,2330 2352,2339"/>
                <Baseline points="2361,2361 2405,2361 2450,2361 2495,2364 2540,2364 2584,2364 2629,2364 2674,2364 2719,2364 2764,2364 2808,2364 2853,2364 2898,2367 2943,2367 2987,2367 3032,2364 3077,2364 3122,2367 3167,2367 3211,2364 3256,2367 3301,2367 3346,2367 3390,2367 3435,2367 3480,2367 3525,2370 3570,2370 3614,2367 3623,2367"/>
                <TextEquiv>
                    <Unicode>in Deutschland, wie es Ihnen richtig scheint, nur</Unicode>
                </TextEquiv>
            </TextLine>
            <TextLine id="tr_1_tl_33" custom="readingOrder {index:32;}">
                <Coords points="2355,2414 3577,2444 3577,2381 3545,2376 2355,2376"/>
                <Baseline points="2364,2402 2408,2405 2453,2405 2498,2408 2543,2405 2587,2408 2632,2405 2677,2405 2722,2408 2767,2408 2811,2408 2856,2408 2901,2411 2946,2411 2990,2411 3035,2411 3080,2411 3125,2411 3170,2411 3214,2408 3259,2411 3304,2411 3349,2411 3393,2411 3438,2411 3483,2411 3528,2414 3573,2411 3581,2411"/>
                <TextEquiv>
                    <Unicode>Berlin bitte ich dringend eventuelle Anfragen</Unicode>
                </TextEquiv>
            </TextLine>
            <TextLine id="tr_1_tl_34" custom="readingOrder {index:33;}">
                <Coords points="2355,2493 2414,2493 2475,2460 2849,2486 2849,2423 2824,2416 2607,2412 2567,2431 2542,2414 2355,2414"/>
                <Baseline points="2364,2453 2408,2450 2453,2450 2498,2453 2543,2453 2587,2453 2632,2453 2677,2453 2722,2453 2767,2453 2811,2456 2853,2456"/>
                <TextEquiv>
                    <Unicode>an mich zu leiten.</Unicode>
                </TextEquiv>
            </TextLine>
            <TextLine id="tr_1_tl_35" custom="readingOrder {index:34;}">
                <Coords points="2686,2537 2780,2555 3128,2549 3170,2567 3252,2555 3252,2500 3006,2498 2891,2465 2846,2495 2819,2478 2804,2491 2685,2478"/>
                <Baseline points="2695,2534 2740,2537 2784,2540 2829,2540 2874,2540 2919,2540 2964,2540 3008,2540 3053,2540 3098,2540 3143,2543 3187,2546 3232,2546 3256,2546"/>
                <TextEquiv>
                    <Unicode>Mit herzlichen Gruss</Unicode>
                </TextEquiv>
            </TextLine>
            <TextLine id="tr_1_tl_36" custom="readingOrder {index:35;}">
                <Coords points="2691,2621 2730,2604 2764,2614 2839,2594 2932,2611 2967,2594 3064,2607 3064,2552 2871,2554 2853,2544 2780,2557 2691,2542"/>
                <Baseline points="2701,2584 2746,2584 2790,2584 2835,2584 2880,2587 2925,2587 2970,2587 3014,2584 3059,2587 3068,2584"/>
                <TextEquiv>
                    <Unicode>Ihr ergebener</Unicode>
                </TextEquiv>
            </TextLine>
        </TextRegion>
    </Page>
</PcGts>
