3868 3415
2051 595 2485 741 S. Fischer
3129 670 3490 765 10.3. 1928.
2767 690 2996 807 Holland
2992 756 3424 844 receuil de même mieux
3354 827 3490 884 G.C.H.F.P.
3100 825 3256 889 G.H.F.P.
2767 802 3052 944 Babout
3104 875 3299 930 G.C.H.F.P.
2868 924 3069 990 G.C.H.F.H:F.P:H:D:H.
2273 970 3051 1065 Verehrter Herr Doktor Maril.
3100 994 3329 1065 Le Comte de la
3440 1012 3525 1100 G.F.P.
2868 1054 3323 1109 resseb. xxxre xxx
2675 1078 3636 1158 Für Ihre freundliche Mitteilung, so-
2278 1129 3724 1208 wie die Einsendung des Schreibens Ihres holländischen
2267 1184 3704 1266 Vertreters danke ich. Diesem Schreiben entnehme Ich,
2277 1224 3746 1303 dass ein holländischer Theaterdirektor sich berechtigt
2277 1272 3612 1356 fühlt ein Stück von mir tantiemenfrei aufzuführen
2306 1310 3744 1389 und dass Ihr Vertreter sich dieser Meinung anschlles
2286 1372 2851 1468 sen zu müssen glaubt.
2683 1427 3741 1517 Es ist mir bisher unbekannt gewesen und
2277 1513 3715 1566 ich bin auch jetzt noch nicht völlig davon überzeugt,
2282 1537 3697 1610 dass Werke fremdländischer Autoren in Holland des
2286 1577 3581 1651 urheberrechtlichen Schutzes entbehren wenn sehn
2277 1623 3640 1702 Jahre nach ihrem Erecheinen in der Originalsprache
2275 1669 3697 1748 eine hollindische Uebersetzung nicht erschienen ist.
2278 1733 3704 1786 Es ist mir auch nicht mit Sicherheit bekannt,ob spe-
2277 1770 3695 1832 ziell meine Komödie "Professor Bernhardi" in hollän-
2291 1804 3717 1874 discher Sprache im Buchhandel erschienen ist, dass ge-
2288 1850 3651 1931 druckte Exemplare, vielleicht nur Bühnenmanuscripte
2288 1903 3678 1965 existieren, halte ich für höchst wahrscheinlich, umso
2286 1949 3616 2008 mehr da ja die letzte Tournee mit dem "Professor
2282 1991 3698 2088 Bernhardi" in Holland schon die dritte gewesen ist.
2286 2053 2948 2119 die veranstaltet wurde.
2707 2099 3673 2178 Wie dem immer sei,ich möchte heute
2288 2159 3742 2245 wieder einmal meinen Ihnen schon von ähnlichen Fällen
2297 2218 3651 2277 her bekannten Standpunkt präzisieren, dass die Tat-
2295 2275 3627 2319 sache eines Unrechts dadurch charakterisiert ist,
2295 2309 3618 2364 dass es begangen. nicht dass es bestraft wird, dass
2297 2330 3750 2414 Leute, die sich am fremden Eigentum vergreifen in jeden
2297 2388 3622 2465 Falle nur als Diebe bezeichnet werden können, auch
2297 2439 3536 2503 wenn sie xxxx
2291 2491 3495 2560 xxx für ihren Diebstahl, wenigstens wenn er
2319 2540 3717 2600 ländern begangen wird, nach den Gesetzen ihres Landes
2291 2595 3662 2641 nicht bestraft werden können und endlich dass kehr
2297 2628 3192 2690 lei Grund besteht Vergehen gegen
3232 2622 3607 2705 als geistige Ei=
