3873 3593
3093 714 3381 816 26.3.1931.
2048 687 2411 849 S. Fischer
2279 940 2981 1066 Lieber Herr Doktor Maril.
2634 1038 3561 1157 Soweit ich mich erinnern kann habe
2300 1105 3540 1223 ich niemals eine Autorisation zur Uebersetzung
2307 1155 3540 1262 von „Spiel im Morgengrauen“ ine Csechische er-
2312 1194 3554 1304 teilt, doch da es ja Immer wieder vorkommt, dass
2317 1241 3593 1359 Uebersetzungen von minder gewissenhaften Verle-
2320 1272 3622 1401 gern ohne jede Autorisation herausgegeben werden,
2320 1317 3601 1440 so würde ich raten den betreffenden Bewerber auf
2325 1362 3611 1482 eine solche Möglichkeit hinzuweisen und der Mann
2330 1408 3608 1529 im Lande selbst wird sich ja am besten informie-
3444 1455 3634 1550 bitten
2325 1511 2632 1607 ren können.
2670 1539 3624 1631 Darf ich bei dieser Gelegenheit mir
2333 1588 3575 1698 seche Exemplare von "Traum und Schicksal", drei
2336 1625 3559 1740 von "Therese" und drei Exemplare von "Komödie
2339 1686 3447 1829 der Worte“ gefälliget zusenden zu wollen.
2691 1761 3381 1848 Mit verbindlichen Grüssen
2697 1821 3195 1905 Ihr sehr ergebener
2367 2185 2958 2265 Herrn Dr. Konrad Maril
2372 2234 2840 2321 S. Fischer, Verlag.
2370 2296 2584 2378 Berlin.
