3869 3561
2000 655 2404 749 Tischer
2927 751 3220 829 27.7.1929.
2307 982 3014 1067 Lieber Herr Doktor Maril.
2641 1076 3567 1168 Im Laufe der nächsten Woche möchte
2322 1150 3565 1221 ich an den Verlag ein Theaterstück in drei Ak-
2327 1196 3550 1266 ten, betitelt : „Spiel der Sommerlüfte“ zu bal-
2327 1253 3515 1306 diger Drucklegung übersenden. Esist dies zu-
2331 1296 3472 1354 gleich ein Anlass auf eine Bemerkung Herrn
2331 1329 3494 1395 Fischers zurückzukommen, dass wir eigentlich
2327 1346 3545 1435 wieder einmal einen Vertrag speziell über den
2331 1412 3520 1479 Theatervertrieb festsetzen mit sten. Tatsäch-
2339 1454 3622 1528 lich ist der ursprüngliche Vertrag aus dem Jahre
2339 1502 3435 1575 1907 glaube ich, der eine Provision von 7%
2339 1542 3578 1618 vorsah, längst illusorisch geworden, während des
2327 1601 3470 1666 Krieges wünschte der Verlag eine Provision
2334 1623 3655 1694 von 12% die dann wieder reduziert werden sollten,
2336 1681 3485 1746 Indess ist es bei 12% geblieben und auchals
2337 1726 3627 1788 Provision für Hundfunksendungen wurde stumm eine
2331 1763 3553 1834 Provision von 12% in Anrechnung gebracht. Ich
2339 1814 3570 1882 glaube, es wäre nur billig, wenn wir vom Oktober
2339 1851 3577 1917 d.J. an wieder einen Perzentsatz von 10 sowohl
2339 1904 3598 1974 für Theateraufführungen als für Hundfunksendun-
2342 1942 3613 2013 gen gelten liessen. Berlin und Wien bliebe nach
2339 1987 3555 2058 wie vor mir vorbehalten und in den Fällen, wo
2351 2027 3605 2093 ich es für richtig fände den Verlag Fischer die
2344 2062 3665 2135 Verhandlungen über einen Abschluss auch in diesen
2337 2111 3588 2183 Städten zu überlassen,wären 5% Als Verlagspro-
2346 2160 3666 2231 vision in Anrechnung zu bringen. Dies würde sich
2342 2204 3622 2268 ein für alle Mal auf alle Stücke beziehen, deren
2352 2254 3583 2307 Vertrieb ich dem Verlag überlassen werde. Auch
2339 2302 3660 2371 Birich, als Ihr Subagent, hätte sich dieser Abma-
2337 2357 2861 2429 chung anzubequemen.
2635 2387 3670 2480 Ebenso wie es schon beim "Gang zum Wei
2339 2475 3675 2537 her" der Fall war, soll auch fürs Erste keineswegs
2342 2525 3628 2580 sogenannte Bühnenexemplare auf meine Kosten ge-
2346 2567 3593 2641 druckt werden. Das Stück sollte gleich für die
