3932 3496
512 827 1843 913 Sie wurde jedesfalls übersehen,wie die neuerliche
515 910 1818 968 Anfrage vermuten lässt. Da ich mit Querido, resp.
515 956 1703 1012 Fräulein Nahuys seit Jahren über alle meine
522 981 1738 1053 Sachen persönlich abgeschlossen habe, sehe ich
524 1035 1756 1110 keinen Grund die Sache nicht auch diesmal per-
527 1080 1788 1150 sönlich zu finalisieren nur jene andere Anfrage
527 1129 1768 1182 von mir unbekannter holländischer Seite, da sie
522 1168 1745 1235 direkt an Sie und nur an Sie gelangte, bta ich
531 1186 1878 1269 eventuell weiter zu führen. Aber von jener anderen
527 1258 1793 1313 Seite haben Sie wohl nichts weiter gehört? Dass
524 1294 1733 1358 Querido sich diesmal auch an Sie gewendet hat
527 1315 1947 1420 lag wohl xxxx an seiner Hoffnung das Uebersetzungs¬
533 1389 1899 1444 recht vom Verleger aus billiger zu bekoimen als vom
524 1425 1903 1503 Kutor, eine beliebte ausländische Verlegerhoffnung,
531 1467 1798 1535 die sich ja leider nicht selten erfüllt,So bin
533 1508 1802 1611 ich auch nicht gesonnen mich mit den 300 Gulden
536 1561 1805 1641 Vorschuss für meinen grossen Roman zufrieden zu
536 1602 1786 1687 geben und habe in diesem Sinne an Fräulein von
524 1662 1060 1738 Nahuys geschrieben.
1090 1664 1228 1754 G.F.P.
841 1706 1377 1814 Herzlichet grüssend
846 1789 956 1855 Ihr
558 2066 1152 2170 Herrn S.Fischer,Verlag.
558 2143 742 2216 Perlin.
558 2324 1899 2402 P.S. Schade, dass die Kritik von V.Z. über "Therese
575 2374 1781 2455 in der N.R. so lange hinausgeschoben wird und
616 2418 1869 2501 de ich höre, soll sie gar nur in den Anmerkungen
655 2439 1913 2536 men, (eine absolute Ausnahme bei den in Ihrem
658 2513 1857 2584 genen Verlage erschienenen Romanen bekannterer
602 2554 1860 2628 futoren xx, freilich nicht bei meinen Romanen und
602 2593 1673 2708 ovellen). Die Frage ist völlig sachlich.
666 2694 862 2774 en rasseur
3349 648 3689 752 Berlin
2090 600 2342 758 Nacx
3039 697 3324 782 14.7.1928.
2756 720 3051 816 Keyer
2319 846 3248 972 Sehr geehrter Herr Harz. Neumf.
2690 1048 3453 1138 Nach unserem Vertrag fällt ein
2388 1090 3572 1186 Verlagerecht meiner Szenenreihe "Reigen" mit
2381 1170 3420 1248 der 101. Auflage wieder an mich zurück.
2703 1239 3662 1306 Ich habe Sie etliche Male um gefäl-
2384 1292 3685 1358 lige genaue Aufstellung der im Laufe der letzten
2381 1340 3641 1389 Jahre durch Sie abgesetzten Exemplare ersucht.
2381 1382 3676 1444 Eine solche Aufstellung ist bei mir nicht einge-
2384 1432 3655 1489 troffen. Bei genauer Durchsicht unserer Korres-
2390 1473 3659 1540 pondenz ergibt sich nun, dass am 11.12.1926 nach
2375 1526 3692 1582 Prüfung der Lagerbestände sich noch 4521 Exempla-
2381 1565 3659 1616 re der gewöhnlichen Ausgabe auf Lager befanden.
2390 1607 3680 1658 Und dass am 5. März xxxx 1928 viereinhalbtausend
2381 1641 3703 1715 Exemplare noch vorhanden waren. Es ist also d###
2145 1634 2305 1706 inner-
2384 1687 3641 1749 fünfeinviertel Jahren durch Sie überhaupt kein
2166 1699 2289 1772 halb
2381 1724 3706 1791 Exemplar verkauft worden und die Wahrscheinlich-
2381 1784 3701 1841 keit verschwindend gering, dass im Laufe der näch-
2375 1825 3685 1905 sten Zeit durch Sie Exemplare noch verkauft wer-
2377 1867 2717 1951 den sollten.
2731 1936 3652 2012 Es besteht also für mich keinerlei
2384 1968 3586 2057 Grund eine Neubuflage des „Reigen bei einem
2388 2037 3634 2101 andern Verlag noch weiter hinauszuschieben und
2381 2092 3586 2152 Ich gedenke von meinem freien Verüfungsrecht
2384 2133 3694 2189 in der allernächsten Zeit Gebrauch zu machen. Im-
2381 2174 3659 2239 merhin wäre ich bereit die noch in Ihrem Besitz
2388 2221 3607 2283 befindlichen Exemplare zum Makulaturpreis zu
2384 2269 3588 2324 übernehmen, wie ich aber gleich bemerken will,
2379 2305 3634 2365 nur zu dem Zwecke, um diesen Vorrat einstampfen
2393 2358 3586 2427 zu lassen und freie Bahn für die Neuausgabe
2379 2402 2644 2483 gewinnen.
2694 2460 3374 2547 Einer freundlichen Rückäu-
2384 2510 3547 2604 sehe ich bis spätestens 25. Juli entgegen und
2405 2582 3067 2657 mit verbindlichen Grüssen
