3869 3561
2640 636 2803 761 Elve
1902 626 2411 789 S. Fischer
2874 722 3137 815 4.2.1929.
2148 905 2842 1018 Lieber Herr Doktor Maril.
2476 1007 3554 1118 Es stimmt, dass für die “Else“ an Zsolnay
2156 1083 3531 1167 eine garantiezahlung von 3000 Lire geleistet wurde.
2158 1120 3513 1207 "Therese aber ist ein Roman etwa vom dreifachen
2151 1174 3485 1260 Umfang wie "Fräulein Else", wird daher im Buchhan-
2160 1225 3489 1301 del mehr kosten und es ist nur natürlich, dass Sie
2158 1264 3487 1348 auf Ihrer Forderung von 5000 Lire meiter bestehen
2160 1316 3445 1392 müssen. Ebenso würde ich Sie bitten von der For.
2162 1334 3487 1448 derung 800 Mark für Polen nicht abzugehen. Es ist
2163 1397 3431 1503 ja schon kläglich genug, dass das einen Pauschal-
2162 1459 2765 1552 preis vorstellen soll.
2510 1497 3510 1592 Was "Fräulein Else" anbelangt,so han-
2160 1584 3457 1647 delt es sich keineswegs um eine Kramatisierung.
2158 1626 3443 1700 Die Novelle soll so wie sie ist in einer sehr
2162 1656 3522 1750 eigentümlichen Inszenierung auf die Bühne gebracht
2169 1696 3538 1780 werden. Vorläufig soll dieser Versuch in Berlin und
2162 1768 3473 1837 Wien unternommen werden und von dem Ausfall die-
2171 1786 3552 1877 ser Versuche wird alles Weitere abhängen. Die Ver-
2162 1837 3387 1921 handlungen führe ich im Verein mit -Elisabeth
2151 1866 3478 1970 Bergner ohne die das Æxperiment - denn so müssen
2162 1910 3575 2009 wir es immerhin bezeichnen - wohl kaum recht möglich
2167 1979 3480 2058 wäre. Anfragen bitte also jedesfalls nur an mich
2171 1993 3554 2105 zu weisen, auch solche von anderen Städten. Berliner
2167 2058 3501 2139 Anfragen auch über andere Stücke würde ich übri-
2169 2090 3573 2188 gens xxxx bitten in jedem Falle mir zur direk-
2181 2146 3420 2232 ten Behandlung zu überweisen. In den Fällen, wo
2174 2178 3503 2281 ich Sie bitten werde die Verhandlungen persönlich
2178 2236 3457 2316 weiterzuführen wird selbstverständlich auch der
2181 2302 3429 2350 Vertragsabschluss, wie bisher, Ihnen überlassen.
2178 2327 3506 2413 Ob ich "Fraulein Else" überhaupt einem Bühnenver-
2174 2380 3415 2457 triebe und welchem ich die Hovelle übergeben
2171 2443 2645 2524 steht noch dahin.
2626 2473 3193 2585 Mit herzlichen Gruss
2172 2576 2763 2682 Herrn Dr. Konrad Maril
2183 2659 2661 2729 S.Fischer,Verlag.
2171 2715 2383 2772 Rarlin.
