3859 3576
2070 634 2502 736 T. Fischer
3143 740 3436 840 12.1.1930.
2328 887 2941 983 Lieber Doktor Hermann.
2637 1000 3603 1089 Ich erhalte eben Ihren Brief mit den
2328 1066 3596 1139 neuen Vorschlägen, Auch ich hätte solche vorzu-
2335 1122 3598 1200 bringen und wäre nun für die folgende Zusammen-
2330 1168 2584 1228 stellung:
2552 1231 3490 1328 "Traumnovelle" "Frau des Richters"
2662 1300 2856 1358 "Mörder"
2335 1288 2582 1365 "Geronim
2908 1278 3639 1373 "Leisenbogh", "Hirtenflöte"
2342 1318 2957 1403 "Tod des Junggesellen"
2596 1359 3630 1460 Dann wäre der Umfang nicht zu gross, da
2337 1434 3580 1497 die lange Hovelle “Spiel im Morgengrauen“ weg-
2334 1458 3639 1521 fiele und zugleich wäre eine gewisse Vielfältig-
2334 1509 3630 1566 keit, sowie auch die Siebenzahl, die mir sympathi-
2337 1550 3658 1618 scher ist, als die Sechs gewahrt, "Frau des Rich-
1655 1571 1745 1629 eln
2332 1590 3610 1658 ters" ist eine historische, verhältnismässig we-
2330 1642 3624 1702 nig bekannte Novelle. „Hirtenflöte“ gewissermas-
2337 1695 3580 1748 sen phantastisch, “Leisenboghf sozusagen humo-
2334 1717 3646 1792 ristisch und im Ganzen scheint es mir zweckmässi¬
2335 1773 3580 1830 ger fünf verhältnismässig kürzere und nur zwei
2339 1820 3606 1882 längere in den Band aufzunehmen. Der von Ihnen
2337 1853 3655 1927 gewählte Titel ist gar nicht übel, wenn Ihnen oder
2342 1910 3651 1962 jemanden Andern vielleicht doch noch ein besserer
2334 1948 3686 2016 einfallen sollte,so xxxx bleibt uns
2328 2002 3657 2054 hoffentlich noch Zeit uns für diesen zu entschei-
2339 2037 3634 2094 den. Mir fällt eben ein, dass es sich, wenn es bei
2346 2085 3637 2134 "Traum und Schicksal“ bleibt, empfehlen würde, mit
2334 2120 3627 2181 der "Traumnovelle" zu beginnen und das "Schicksal
2337 2172 3634 2224 des Freiherrn von Leisenbogh" an den Schluss des
2342 2212 3636 2276 Bandes zu setzen. Wegen "Else" will ich mich also
2339 2255 3634 2307 gar nicht erst an Zeolnay wenden, die Novelle ist
2337 2302 3663 2353 allzu bekannt und führt noch ein sehr anständiges
2339 2351 3648 2408 sigenleben. Als Untertitel von "Traum und Schick-
2334 2387 3610 2438 sal“ könnte man setzen: „Sieben Novellen“. Bei
2337 2432 3613 2498 Ilmon & Schuster kommt nächstens ein Sammelband
2346 2459 3738 2547 der fünf längeren Novellen "Gräsler", Beate und ihr
2354 2523 3691 2585 John", "Else", "Leutnant Gustl", „Traumnovelle“ und
2346 2554 3724 2627 „Jpiel im Morgengrauen“ heraus, illustriert. Möglich
2351 2613 3702 2663 auch, dass die neue Hovelle "Flucht in die Finster-
2339 2658 3684 2715 nis" in Amerika vor dem Abdruck in der Vossischen
