3873 3576
2133 638 2636 756 L. Fischer
3331 803 3622 906 22.1.1931.
2384 940 3027 1039 Lieber Herr Dr. Sermann.
3125 993 3519 1062 Le mais il y a lui fait
2931 1026 3476 1094 e e ee e même ist että
2770 1063 3734 1146 Ich glaube zwar nicht, dass Ullstein
2389 1122 3699 1176 wegen der "Frau des Richters Schwierigkeiten ma-
2391 1173 3679 1235 chen könnten oder gar noch dürften; die Novelle
2392 1221 3746 1276 steht ja in den Gesammelten Werken und mir ist so-
2392 1261 3699 1312 gar, als wären, ganz abgesehen davon, die Ulletein-
2399 1305 3718 1363 schen Rechte schon abgelaufen, die ja zeitlich be-
2389 1339 3639 1396 schränkt waren. Aber um die Sache nicht länger
2389 1389 3699 1446 aufzuschieben, will ich mich mit Ihrem Vorschlag
2392 1429 3742 1487 Nr.2 einverstanden erklären: „Traumnovelle”, „Spiel
2399 1475 3718 1530 im Morgengrauen,“Frau Beate“ - „Geronimo”, „Hir-
2399 1511 3312 1600 tenflöte, "Leisenbogh", "Fremde”.
2713 1585 3735 1660 Was bedeutet übrigens der "Zwischenti-
2389 1646 3751 1710 tel“, der zwei Seiten erfordert? Soll der Uebergang
2392 1689 3732 1756 von den grösseren Novellen zu den kleineren durch
2396 1737 3665 1790 einen Titel ausdrücklich betont sein? Dafür wäre
2392 1778 3668 1833 ich gar nicht. “Das Schicksal des Freiherrn von
2387 1814 3768 1890 Leisenbogh" möchte ich gern an den Schluss gestellt
2392 1861 3668 1928 haben. Und welcher Untertitel?“Sieben Novellen“
2392 1909 3361 1988 Oder: “Sieben ausgevählte Novellen”?
2725 2046 3761 2157 Heute habe ich noch eine Frage anderer
2387 2104 3682 2199 Art an Sie. Eine sehr nahe Verwandte von mir, eine
2392 2173 3627 2228 junge Dame, die jahrelang in einem Verlag tätig
2389 2204 3759 2271 war, sowohl in der Buchhaltung, wie als Korresponden-
2387 2257 3682 2315 tin, möchte aus verschiedenen Gründen ihre Stelle
2380 2298 3658 2356 wechseln. Sie werden sich nicht wundern, dass in
2387 2344 3655 2401 einem Gespräch darüber der Name S.Fischer fiel.
2380 2377 3704 2446 So erkundige ich mich also ganz unverbindlich bei
2375 2432 3687 2490 Ihnen, ob die Möglichkeit bestünde, dass eine sehr
2384 2466 3728 2536 tüchtige, höchst gebildeteund sprachenkundige junge
2377 2511 3742 2598 Dame aus guter Familie in Ihrem Verlag einen Platz
2372 2564 3716 2627 finden könnte. Es gibt ja allerlei Zufälle; viel-
