3895 3576
503 934 1779 1069 Zweifel feststand,in meinem alleinigen Besitze
500 1028 632 1102 war.
843 1070 1427 1171 Mit herzlichem Gruss
846 1152 941 1212 Ihr
862 1196 959 1266 P.S.
811 1242 1024 1309 G.C.F.P.
899 1298 996 1360 G.C.P.
509 2121 915 2233 Herrn S.Fischer
521 2197 710 2277 Berlin.
2127 678 2531 804 S. Tischer
3091 728 3368 821 5.3.1930.
2349 968 3082 1065 Lieber Herr Doktor Maril.
3019 1042 3142 1104 G.C.F.P.
2757 1040 3661 1153 Nicht ohne Befremden erfahre ich
2247 1136 3619 1201 aus Ihrem Schreiben vom 3. d. M., dass Barnowsky von
2259 1155 3644 1249 ersten Moment an seinen Vertrag nicht gehalten hat
2259 1233 3550 1293 und wundere mich, dass Sie mich nicht gleich ver-
2257 1266 3575 1335 ständigt haben, ich hätte Sie ersucht die Vorstel-
2256 1311 3633 1378 lungen sofort inhibieren zu lassen. Hätte z.B. Kort-
2256 1353 3582 1422 ner sein Honorar nicht bekommen, so wäre das Stück
2264 1394 3637 1471 gewiss nicht einen Tag länger gespielt worden. Noch
2261 1443 3612 1512 rätselhafter ist mir, dass sich das Schiedsgericht
2256 1484 3626 1561 mit dieser Angelegenheit zu befassen hatte. Es han-
2261 1538 3616 1598 delte sich doch um keine Frage,ob Barnowsky etwa
2263 1561 3633 1643 verpflichtet gewesen wäre mir zu zahlen oder nicht.
2270 1620 3651 1699 Es handelt sich um einen ganz klaren Fall von Verun-
2268 1662 3557 1747 treuung, die Barnowsky an mir versucht. Ich stehe
2264 1697 3656 1784 mit der Auffassung keineswege allein, wie Sie wissen,
2270 1757 3605 1816 dass eine solche Zurückhaltung der Tantiènen eine
2273 1800 3532 1860 Unterschlagung oder Veruntreuung bedeutet, da ja
2259 1837 3598 1908 wie schon, wenn ich nicht irre, gerichtlich festge-
2259 1886 3593 1959 stellt wurde, der Direktor gewissermassen nur als
2256 1941 3616 1999 Treuhänder für den Autor fungiert, dem gegenüber er
2277 1961 3642 2044 für jedes verkauftes Billett von dem Augenblick des
2250 2015 3640 2081 Kaufs an tantiemenpflichtig ist. Barnowsky hat ein-
2243 2072 3665 2130 fach den mir gehörigen Betrag vorläufig in seine Ta-
2264 2116 3647 2172 sche gesteckt. Irgend einen Anlass mich einen ohne
2256 2160 3630 2229 meine Zustimmung und überdies in Ihrer Abwesenheit
2273 2210 3543 2273 geschlossenen Vergleich anzuschliessen habe ich
2264 2213 3669 2317 nicht und ich akseptiere ihn auch nicht unter Wider-
2261 2294 3681 2361 ruf. Sie schreiben, dass der Vergleich Ratensahlungen
2259 2344 3626 2397 vorsieht, ohne über die nähereh Modalitäten (Termin
2261 2384 3594 2443 und Hohe der Ratenzahlung) etwas mitzuteilen. Wie
2256 2439 3598 2505 schade, dass Sie nicht bei Abschluss des Vertrages
2278 2482 3570 2535 vor allem einmal auf Zahlung einer Garantie oder
2273 2508 3663 2589 Vorschussumme bestanden haben, insbesondere als Bar-
2342 2565 3545 2649 zweky den Termin immer wieder hinausschob und
