3873 3593
453 922 1729 1040 unter den angegebenen Bedingungen einzuwenden.
464 954 1881 1073 Die Angelegenheit Rökk Richter wäre meiner Ansicht na
469 1017 1807 1128 in Jedem Fall mit aller Beschleunigung, sei es mit,
474 1059 1724 1167 sei es ohne Beziehung auf die Anfrage wegen der
481 1135 1336 1211 “Campagna“, weiter zu verfolgen.
680 1186 1243 1304 Mit herzlichem Gru###
770 1265 1132 1350 Ihr ergebener
592 1965 1177 2073 Herrn Dr. Konrad Maril
601 2046 1080 2129 S.Fischer,Verlag,
599 2103 811 2184 Berlin.
3321 613 3636 763 Berlin
2101 643 2533 795 S. Fischer
3139 772 3460 872 18.3.1931.
3239 844 3366 909 dans
2323 992 3030 1112 Lieber Herr Doktor Maril.
2660 1103 3604 1198 Von der Absicht der Schauspielerin
2335 1167 3596 1265 Bertha Singermann in Buenoe Aires zwei Einakter
2335 1227 3590 1295 aus "Anatol“ aufzuführen, habe ich niemals etwas
2335 1274 3599 1340 erfahren, haber daher auch keinerlei Abmachungen
2332 1315 3622 1385 mit ihr getroffen. Es steht auch zu befürchten,
2335 1355 3525 1438 dass wir dort drüben nicht zu unserem Rechte
2335 1405 3384 1496 und weniger noch zu Geld kommen werden.
2681 1468 3546 1551 Dieser Tage kam mir zufällig das
2335 1528 3596 1590 Börsenblatt für den deutschen Buchhandel vom 7.
2339 1569 3643 1641 d.M. in die Hände. Als zuletzt erschienene Ueber-
2334 1613 3571 1697 setzungen aus meinen Werken ist darin genannt:
2339 1666 3680 1736 Bulgarien, Casanovas Heimfahrt, Verlage Pravo,Sofia;
2344 1708 3640 1775 ferner Rege Augenblicke, deutsches Original nicht
2344 1745 3666 1837 zu ermitteln, Verlag nicht angegeben, Sofia (werden
2344 1810 3252 1888 wohl die Lebendigen Stunden sein.
2688 1852 3601 1939 Estland:Hirtenflöte, Verlag Loodus.
2705 1933 3551 1976 Lettland: Der Mörder, Riga, Mali.
2693 1978 3578 2048 japan: Der blinde Geronimo, Takio.
2697 2020 3606 2120 Ich nehme an, dass man Sie in allen
2344 2067 3689 2194 diesen Fällen ebenso wenig um Autorisation ersucht
2344 2157 2750 2230 hatte als mich.
2693 2223 3691 2286 In von mir autorisierter Uebersetzung
2351 2272 3624 2349 ist kürzlich bei Michel in Paris "Therese", über-
2348 2335 3352 2409 setzt von Susanne Clauser erschienen.
2723 2385 3668 2475 Von den in Japan erschienenen deut-
2348 2436 3687 2531 schen Schulausgaben glaube ich Ihnen sohon Mittei-
2339 2499 2950 2593 lung gemacht zu haben.
2723 2554 3673 2644 Die ersten Exemplare von "Traum und
2335 2610 3698 2723 "Schioksal" sind pünktlich angelangt. Das "uch prä-
