3895 3576
2095 671 2486 766 Tischer
1517 751 1600 853 G.F.P.
2913 754 3215 860 26.2.1930.
2324 940 2822 1056 Lieber Freund.
2682 1048 3650 1145 Ich danke für Ihre freundliche Nach
2339 1133 3627 1196 richt in der Sache Harz. Die Bedenken des Herrn
2343 1157 3653 1242 Dr. Wenzel Goldband verstehe ich nicht ganz, -darf
2348 1218 3638 1285 ich vielleicht auf das gewissermassen offizielle
2348 1261 3706 1312 Gutachten von Frits Engel hinweisen, das eine neuer
2351 1302 3701 1375 liche Beschlagnahme oder Konfiskation des "Reigen"
2355 1348 3667 1414 als so gut wie ausgeschlossen betrachtet. Nachdem
2361 1394 3645 1452 bis heute hundert Auflagen des Buches erschienen
2355 1420 3672 1496 (von fremdsprachigen Ausgaben gar nicht zu reden)
2355 1479 3682 1551 und sogar im Laufe jenes Prozesses,
2358 1524 3706 1600 (der noch überdies von dem Theater gewonnen
2361 1568 3604 1640 wurde nicht einmal der Versuch einer Beschlag-
2355 1592 3697 1681 nahme des Buches gewagt wurde wird es in Deutsch-
2355 1657 3677 1734 land keinen Staatsanwalt und keine Polizeibehörde
2356 1706 3726 1771 geben, die es heute noch wagen würde ein vergleichs-
2353 1740 3703 1827 weise so harmloses Buch mit behördlichen Verfügun-
2351 1798 2797 1885 gen zu bedrohen.
2645 1853 3201 1957 Mit herzlichen Gruß
2674 1930 2757 1989 Ihr
2537 2164 2989 2268 8. Fischer, Verlag.
2360 2172 2455 2245 Her
2360 2233 2564 2317 Berlin.
