3880 3416
378 837 1772 1008 zungsbandes und der Neuausgabe der Gesammelten Wer-
596 944 1684 1072 Hat Melantrich, Prag wegen "Therese" mit
378 979 482 1052 ke?
388 1038 1050 1130 Ihnen abgeschlossen?
927 1091 1010 1147 G.C.F.P
549 1059 1767 1201 Hat sich in der holländischen "Bernhardi"-
398 1152 1428 1273 Angelegenheit nichts weiteres ergeben?
605 1237 1168 1350 Mit herzlichem Gruss
650 1318 764 1396 Ihr
449 1447 1720 1573 Was "Therese" für Ungarn anhelangt, so werde ich
444 1525 1670 1622 wohl persönlich mit dem "Pantheon"-Verlag ab-
444 1561 1672 1665 schliessen; dort sind auch meine viele meiner
452 1603 1750 1713 früheren Sachen erschienen, die perzentuellen Be-
461 1641 1757 1752 dingungen sind besser als die Ihnen vom Athenäum
461 1696 1653 1793 gebotenen; eben hat mich Herr Hanschburg aus
457 1739 1684 1840 Budapest telefonisch angerufen und ich glaube
461 1783 1776 1875 von ihm auch eine anständige Garantie zu bezie-
459 1871 587 1930 hen.
431 1864 1036 1972 Herrn Dr.Konrad Maril,
447 1933 901 2011 Fischer, Verlag,
2451 494 2566 610 1/2
2268 516 2384 603 21
2732 567 3070 683 Heren,
2072 613 2523 731 Fischer
2810 644 2968 726 Hans
2893 667 3240 767 19.5.1928.
2824 748 2999 858 get &
2278 858 2698 967 Lieber Freund.
2611 944 3652 1067 Es freut mich sehr von Ihnen zu hören,
2280 1048 3642 1116 dass die Laufbahn der "Therese" sich gut anlässt.
2292 1083 3531 1164 Hoffentlich behalten Sie (anders als im Falle
2292 1137 3640 1199 "Spiel im Morgengrauen") mit Ihrer Vorhersage bal-
2296 1171 3550 1254 diger neuer Auflagen Recht. Danke auch für die
2292 1209 3576 1294 Einsendung der Observor-Kritiken und lassen Sie
2287 1270 3579 1346 mich bitte auch andere lesen, mir ist noch wenig
2292 1306 3493 1384 zu Gesichte gekommen (Neue Presse, Vossische.
2299 1351 3366 1436 8 Uhr Abendblatt, Sonnen u.Montagszeitung).
2569 1405 3602 1511 2.Zum Fall Harz lege ich zur gefälli-
2294 1467 3635 1573 gen Information meinen Brief vom 7.4., sowie seine
2235 1528 3626 1608 Antwort vom 11. April bei, auf welch letztere ich
2296 1561 3611 1661 noch nicht geantwortet habe. Die in seinem Brief
2308 1597 3635 1693 ermähnte Zusammenstellung ist bisher nicht einge-
2306 1663 3524 1736 troffen. Es ist klar, dass es auch für ihn das
2294 1701 3557 1786 Beste wäre seinen Vorrat. der auch meiner Ueber-
2308 1753 3500 1824 zeugung nach zum Teil irgenwo gebunden ist,
2311 1788 3527 1878 pauschaliter herzugeben. Natürlich wäre es mir
2308 1830 3643 1914 sehr erwünscht, wenn wir endlich zu einem Resultat
2316 1885 3647 1961 kämen und ich verweise auf meine in verschiedenen
2309 1928 3595 2015 meiner Briefe an Sie niedergelegten Vorschläge
2308 1980 3054 2076 und Auseinandersetzungen.
3325 2041 3550 2114 etlich de
2704 2036 3046 2131 ihre Mitteilung
3319 2089 3654 2173 en nehme ich
2313 2079 3079 2186 neuen Auflage der Erzählenden
2316 2162 3446 2231 gern zur Kenntnis. Vier verschiedene Bucht
2323 2181 3666 2266 zu den Novellenbänden zu finden scheint mir nicht
2325 2249 3520 2309 leicht, die zwei ersten Bände enthälten die
2323 2275 3581 2356 kürzeren Geschichte wie die bisherigen in Band
2334 2322 3657 2400 1 2, die zwei nächsten Bände enthalten die grös-
2436 2358 3657 2443 den Novellen (wie sie in Frankreich schon unter
2400 2410 3666 2483 r Bezeichnung "Romane" veröffen licht zu werden
2396 2462 3633 2535 legen). Vielleicht lässt sich auf Grund dieser
2436 2477 3669 2573 eilung auch ein Obertitel finden, zum mindesten
2528 2547 3614 2621 man in der Ankündigung auf diese formalen
3247 2592 3475 2668 111 noch
2602 2604 2869 2675 arbeiten hin.
