3884 3512
405 796 1779 897 verzichten und der S.Fischer Verlag erst recht, aber
409 871 1779 954 ich finde es einfach unerträglich, dass ein Verleger
409 920 1756 998 sei es aus schlechtem Willen, sei Es aus dem Grunde
409 958 1818 1051 kommerzieller Missstände dauernd in der Lage bleiben
409 1000 1830 1090 sollte den Autor um die Vertriebs- und Ertrags möglich-
405 1053 1809 1138 keit eines Werkes zu bringen, wie es hier ganz offen-
404 1115 885 1195 bar der Fali ist.
862 1161 1411 1273 Mit herzlichem Gruss
867 1244 956 1319 Ihr
434 1965 1071 2073 Herrn S.Fischer, Verlag.
439 2043 650 2126 Berlin.
1412 2823 1503 2903 me
2044 506 2366 602 7.41
2400 531 2597 658 D 2 6/6
2069 635 2515 781 P. Tischet
2917 660 3227 756 25.6.1928.
2782 781 3257 945 Erq - And
2253 887 2655 1002 Lieber Freund.
2526 991 3652 1087 Eigentlich versteht ich die Dringlichkeit
2255 1051 3572 1147 des Wunsches nach einem Separattitel für den Er¬
2266 1094 3625 1204 gänzungsband nicht ganz. Er gehört doch nun einmal
2266 1165 3655 1237 vor allem zu meinen gesamelten Werken und man müss-
2269 1200 3554 1276 te konsequenter Weise auch Titel für die ersten
2271 1250 3636 1329 Bände finden, die ja, abgesehen von den Romanen, auch
2271 1297 3524 1381 nur heissen: Erzählende Schriften erster Band.
2278 1343 3627 1411 zweiter Band u.s.w. Wir wollen auch nicht den Ein-
2271 1372 3627 1464 druck erwecken, als bedeutete dieser Ergänzungsband
2276 1425 3602 1506 ein neues Werk und die Interessenten werden sich
2273 1478 3620 1558 doch zum allergrössten Teil aus den bisherigen Be-
2278 1524 3602 1593 sitzern der Gesamtausgabe rekrutieren und den Er-
2280 1554 3657 1641 gänzungsband gerade deshalb kaufen, weil er eben die
2278 1612 3620 1694 in der Gesamtausgabe bisher noch nicht erschiene-
2278 1646 3609 1726 nen Novvelen enthält. Jeder Sammeltitel enthielte
2280 1692 3581 1772 in diesem Falle etwas Künstliches, wenn nicht gar
2285 1740 3643 1823 Irreführendes. Ich bin nach wie vor dafür, dass wir
2280 1779 3556 1846 ihn nennen: Die erzählenden Schriften,sechster
2280 1821 3632 1903 (oder) siebenter Band, enthaltend: Fräulein Else, Die
2283 1866 3675 1954 Frau des Richters und Traumnovelle und dass Sie ihn
2280 1910 3655 1993 auch in dieser Weise ankündigen. (Mit dem von Ihnen
2287 1974 3581 2043 angeregten Titel: Die Dreizahl kann ich mich in
2280 2007 2982 2094 keiner Weise befreunden).
2682 2067 2986 2181 Herzliehst
2692 2149 2782 2223 Ihr
2292 2343 2772 2457 S.Fischer,Verlag.
2285 2420 2506 2497 Berlin.
