<?xml version="1.0" encoding="UTF-8" standalone="yes"?>
<PcGts xmlns="http://schema.primaresearch.org/PAGE/gts/pagecontent/2013-07-15" xmlns:xsi="http://www.w3.org/2001/XMLSchema-instance" xsi:schemaLocation="http://schema.primaresearch.org/PAGE/gts/pagecontent/2013-07-15 http://schema.primaresearch.org/PAGE/gts/pagecontent/2013-07-15/pagecontent.xsd">
    <Metadata>
        <Creator>prov=READ-COOP:name=TrHtr:version=2.1.0:model_id=51170:date=27_07_2023_17:41</Creator>
        <Created>2023-05-02T08:01:28.536+02:00</Created>
        <LastChange>2023-07-27T17:41:06.152+02:00</LastChange>
        <TranskribusMetadata docId="1416741" pageId="54953091" pageNr="142" tsid="131276039" status="IN_PROGRESS" userId="64420" imgUrl="https://files.transkribus.eu/Get?id=BRFHJULWLWGRREAFTZZFDAYT&amp;fileType=view" xmlUrl="https://files.transkribus.eu/Get?id=FWAYTSHTVNMEGXTECPDSDPZP" imageId="44456816"/>
    </Metadata>
    <Page imageFilename="1416741_0142.jpg" imageWidth="3883" imageHeight="3561">
        <ReadingOrder>
            <OrderedGroup id="ro_1711827690912" caption="Regions reading order">
                <RegionRefIndexed index="0" regionRef="tr_2"/>
                <RegionRefIndexed index="1" regionRef="tr_1"/>
            </OrderedGroup>
        </ReadingOrder>
        <TextRegion id="tr_2" custom="readingOrder {index:0;}">
            <Coords points="385,875 1620,875 1620,2314 385,2314"/>
            <TextLine id="tr_2_tl_1" custom="readingOrder {index:0;}">
                <Coords points="379,1023 1542,940 1545,888 797,912 383,972"/>
                <Baseline points="388,1011 426,1008 471,1005 516,999 561,999 605,996 650,990 695,988 740,985 785,979 829,976 874,973 919,967 964,967 1008,964 1053,961 1098,955 1143,952 1187,949 1232,943 1277,943 1322,937 1367,934 1411,931 1456,928 1501,925 1546,925"/>
                <TextEquiv>
                    <Unicode>geben, richtiger wäre es auch für diese mehr,</Unicode>
                </TextEquiv>
            </TextLine>
            <TextLine id="tr_2_tl_2" custom="readingOrder {index:1;}">
                <Coords points="377,1059 1513,980 1553,939 380,1025"/>
                <Baseline points="385,1053 391,1050 435,1050 480,1041 525,1041 570,1038 614,1035 659,1035 704,1029 749,1023 793,1020 838,1017 883,1014 928,1011 973,1008 1017,1005 1062,1002 1107,996 1152,993 1196,990 1241,985 1286,979 1331,976 1376,976 1420,970 1465,970 1510,967 1555,958"/>
                <TextEquiv>
                    <Unicode>für "Therese" oder "Weg ins Freie" aber min-</Unicode>
                </TextEquiv>
            </TextLine>
            <TextLine id="tr_2_tl_3" custom="readingOrder {index:2;}">
                <Coords points="375,1100 1346,1045 1562,1017 1566,969 379,1068"/>
                <Baseline points="385,1095 402,1095 447,1092 492,1089 537,1086 582,1080 626,1080 671,1074 716,1071 761,1068 805,1065 850,1062 895,1059 940,1053 985,1050 1029,1047 1074,1044 1119,1038 1164,1035 1208,1035 1253,1029 1298,1026 1343,1023 1387,1017 1432,1014 1477,1011 1522,1008 1567,1002"/>
                <TextEquiv>
                    <Unicode>destens 250-300 Mk. zu verlangen. Vielleicht</Unicode>
                </TextEquiv>
            </TextLine>
            <TextLine id="tr_2_tl_4" custom="readingOrder {index:3;}">
                <Coords points="382,1149 1603,1066 1608,1009 386,1102"/>
                <Baseline points="391,1143 402,1140 447,1137 492,1134 537,1131 582,1125 626,1122 671,1119 716,1116 761,1113 805,1110 850,1107 895,1101 940,1098 985,1095 1029,1089 1074,1086 1119,1086 1164,1080 1208,1077 1253,1074 1298,1071 1343,1068 1387,1062 1432,1059 1477,1056 1522,1050 1567,1047 1611,1041"/>
                <TextEquiv>
                    <Unicode>kann man bei dieser Gelegenheit auch in Erfah-</Unicode>
                </TextEquiv>
            </TextLine>
            <TextLine id="tr_2_tl_5" custom="readingOrder {index:4;}">
                <Coords points="386,1193 1456,1119 1582,1105 1585,1062 389,1151"/>
                <Baseline points="394,1185 423,1182 468,1179 513,1173 558,1173 602,1170 647,1164 692,1161 737,1158 782,1155 826,1152 871,1149 916,1143 961,1140 1005,1137 1050,1134 1095,1128 1140,1125 1185,1122 1229,1119 1274,1113 1319,1110 1364,1107 1408,1104 1453,1098 1498,1095 1543,1095 1587,1092"/>
                <TextEquiv>
                    <Unicode>rung bringen, welche meiner Bücher in Rumänien</Unicode>
                </TextEquiv>
            </TextLine>
            <TextLine id="tr_2_tl_6" custom="readingOrder {index:5;}">
                <Coords points="386,1243 1511,1165 1583,1148 1586,1109 389,1191"/>
                <Baseline points="394,1229 423,1223 468,1223 513,1220 558,1217 602,1211 647,1208 692,1205 737,1202 782,1199 826,1196 871,1193 916,1190 961,1187 1005,1185 1050,1182 1095,1176 1140,1173 1185,1167 1229,1164 1274,1161 1319,1158 1364,1152 1408,1149 1453,1146 1498,1143 1543,1140 1587,1137"/>
                <TextEquiv>
                    <Unicode>und bei welchen Verlagen sie erschienen sind.</Unicode>
                </TextEquiv>
            </TextLine>
            <TextLine id="tr_2_tl_7" custom="readingOrder {index:6;}">
                <Coords points="662,1308 1380,1274 1616,1236 1620,1182 1353,1157 1143,1206 668,1231"/>
                <Baseline points="671,1289 680,1289 725,1289 770,1286 814,1280 859,1280 904,1277 949,1271 993,1265 1038,1262 1083,1259 1128,1256 1173,1253 1217,1253 1262,1247 1307,1244 1352,1241 1396,1235 1441,1232 1486,1229 1531,1226 1576,1223 1620,1217"/>
                <TextEquiv>
                    <Unicode>Auf baldiges Wiedersehen hoffentlich</Unicode>
                </TextEquiv>
            </TextLine>
            <TextLine id="tr_2_tl_8" custom="readingOrder {index:7;}">
                <Coords points="388,1377 1039,1326 1103,1369 1296,1383 1303,1265 1005,1266 676,1314 535,1274 392,1299"/>
                <Baseline points="396,1358 408,1358 453,1355 498,1352 543,1346 588,1343 632,1340 677,1337 722,1334 767,1331 811,1328 856,1322 901,1322 946,1319 990,1313 1035,1310 1080,1307 1125,1304 1170,1307 1214,1307 1259,1304 1304,1301"/>
                <TextEquiv>
                    <Unicode>und die herzlichsten Grüsse.</Unicode>
                </TextEquiv>
            </TextLine>
            <TextLine id="tr_2_tl_9" custom="readingOrder {index:8;}">
                <Coords points="856,1434 880,1436 886,1426 892,1425 914,1429 928,1419 939,1428 954,1423 951,1342 929,1339 920,1348 905,1351 882,1345 879,1349 868,1348 862,1354 852,1353"/>
                <Baseline points="862,1399 907,1402 952,1402 958,1402"/>
                <TextEquiv>
                    <Unicode>Ihr</Unicode>
                </TextEquiv>
            </TextLine>
            <TextLine id="tr_2_tl_10" custom="readingOrder {index:9;}">
                <Coords points="514,2260 726,2276 766,2256 794,2273 876,2250 1139,2239 1145,2156 777,2180 712,2125 663,2145 592,2140 565,2116 523,2125"/>
                <Baseline points="522,2256 561,2253 605,2253 650,2250 695,2244 740,2244 785,2241 829,2238 874,2235 919,2229 964,2226 1008,2223 1053,2220 1098,2220 1143,2220"/>
                <TextEquiv>
                    <Unicode>Herrn S.Fischer,Verlag,</Unicode>
                </TextEquiv>
            </TextLine>
            <TextLine id="tr_2_tl_11" custom="readingOrder {index:10;}">
                <Coords points="488,2328 519,2331 557,2317 569,2325 600,2320 608,2327 636,2311 665,2314 682,2330 699,2327 702,2267 686,2260 671,2270 639,2270 628,2260 602,2260 557,2276 551,2267 517,2257 502,2270 491,2267"/>
                <Baseline points="498,2304 525,2301 570,2301 614,2298 659,2295 704,2295"/>
                <TextEquiv>
                    <Unicode>Berlin.</Unicode>
                </TextEquiv>
            </TextLine>
        </TextRegion>
        <TextRegion id="tr_1" custom="readingOrder {index:1;}">
            <Coords points="1984,669 3563,669 3563,2726 1984,2726"/>
            <TextLine id="tr_1_tl_1" custom="readingOrder {index:0;}">
                <Coords points="3419,746 3458,731 3485,748 3507,748 3521,756 3558,742 3553,645 3538,652 3531,649 3498,668 3474,654 3459,654 3447,663 3414,659"/>
                <Baseline points="3426,719 3471,722 3516,725 3561,725 3563,722"/>
                <TextEquiv>
                    <Unicode>+</Unicode>
                </TextEquiv>
            </TextLine>
            <TextLine id="tr_1_tl_2" custom="readingOrder {index:1;}">
                <Coords points="2668,788 2682,796 2696,788 2736,806 2774,797 2814,812 2857,788 2931,786 2936,683 2859,683 2819,659 2784,656 2750,669 2727,656 2673,659"/>
                <Baseline points="2677,776 2713,782 2758,779 2802,779 2847,779 2892,773 2937,767"/>
                <TextEquiv>
                    <Unicode>Rein</Unicode>
                </TextEquiv>
            </TextLine>
            <TextLine id="tr_1_tl_3" custom="readingOrder {index:2;}">
                <Coords points="1976,809 2150,811 2330,786 2351,800 2397,786 2397,722 2339,723 2311,742 2274,717 2214,729 2170,719 2083,739 2059,763 1976,754"/>
                <Baseline points="1984,785 2026,791 2071,791 2116,791 2161,791 2205,793 2250,791 2295,791 2340,791 2384,791 2399,788"/>
                <TextEquiv>
                    <Unicode>T. Tischer</Unicode>
                </TextEquiv>
            </TextLine>
            <TextLine id="tr_1_tl_4" custom="readingOrder {index:3;}">
                <Coords points="3061,856 3196,868 3265,849 3376,842 3381,780 3322,789 3239,780 3205,800 3142,789 3065,794"/>
                <Baseline points="3071,850 3113,850 3158,847 3202,844 3247,841 3292,838 3337,835 3381,832"/>
                <TextEquiv>
                    <Unicode>29.11.1930.</Unicode>
                </TextEquiv>
            </TextLine>
            <TextLine id="tr_1_tl_5" custom="readingOrder {index:4;}">
                <Coords points="2211,1082 2367,1086 2422,1063 2467,1077 2580,1063 2622,1076 2625,1009 2605,1017 2517,994 2465,1016 2453,1005 2424,1019 2404,1012 2385,1028 2367,1014 2330,1026 2214,1020"/>
                <Baseline points="2220,1077 2223,1077 2268,1077 2313,1074 2358,1071 2402,1068 2447,1065 2492,1062 2537,1062 2581,1059 2626,1056"/>
                <TextEquiv>
                    <Unicode>Lieber Freund,</Unicode>
                </TextEquiv>
            </TextLine>
            <TextLine id="tr_1_tl_6" custom="readingOrder {index:5;}">
                <Coords points="2476,1208 2867,1169 3082,1182 3168,1143 3291,1142 3336,1174 3390,1145 3394,1076 3253,1068 3158,1119 3093,1086 2937,1125 2773,1106 2480,1133"/>
                <Baseline points="2486,1185 2498,1185 2543,1187 2587,1185 2632,1182 2677,1179 2722,1179 2767,1176 2811,1173 2856,1167 2901,1167 2946,1164 2990,1161 3035,1155 3080,1152 3125,1149 3169,1143 3214,1146 3259,1143 3304,1140 3349,1137 3393,1146"/>
                <TextEquiv>
                    <Unicode>Wenn Harz tatsächlich das Verlage-</Unicode>
                </TextEquiv>
            </TextLine>
            <TextLine id="tr_1_tl_7" custom="readingOrder {index:6;}">
                <Coords points="2242,1256 2327,1279 2517,1226 2674,1251 3319,1202 3361,1160 3167,1143 2948,1200 2416,1180 2245,1213"/>
                <Baseline points="2250,1250 2289,1250 2334,1247 2378,1244 2423,1241 2468,1229 2513,1223 2558,1229 2602,1232 2647,1223 2692,1229 2737,1229 2781,1223 2826,1220 2871,1214 2916,1211 2961,1208 3005,1202 3050,1202 3095,1196 3140,1193 3184,1190 3229,1185 3274,1185 3319,1187 3363,1182"/>
                <TextEquiv>
                    <Unicode>recht an „Reigen“ an die Firma Nachmidt</Unicode>
                </TextEquiv>
            </TextLine>
            <TextLine id="tr_1_tl_8" custom="readingOrder {index:7;}">
                <Coords points="2243,1297 3311,1237 3427,1226 3430,1194 2247,1263"/>
                <Baseline points="2253,1295 2268,1295 2313,1292 2358,1289 2402,1289 2447,1286 2492,1280 2537,1277 2581,1274 2626,1271 2671,1268 2716,1265 2761,1262 2805,1259 2850,1256 2895,1253 2940,1253 2984,1250 3029,1244 3074,1241 3119,1238 3164,1235 3208,1229 3253,1229 3298,1229 3343,1223 3387,1220 3432,1214"/>
                <TextEquiv>
                    <Unicode>C. Günther oder an sonst eine Firma verpfän-</Unicode>
                </TextEquiv>
            </TextLine>
            <TextLine id="tr_1_tl_9" custom="readingOrder {index:8;}">
                <Coords points="2265,1342 3201,1303 3344,1285 3347,1231 2268,1303"/>
                <Baseline points="2274,1337 2313,1334 2358,1334 2402,1328 2447,1331 2492,1322 2537,1322 2581,1319 2626,1313 2671,1310 2716,1310 2761,1307 2805,1304 2850,1301 2895,1301 2940,1298 2984,1295 3029,1289 3074,1286 3119,1283 3164,1283 3208,1277 3226,1274 3259,1271 3304,1268 3349,1268"/>
                <TextEquiv>
                    <Unicode>det hat, so wäre das eine, sagen wir aus X</Unicode>
                </TextEquiv>
            </TextLine>
            <TextLine id="tr_1_tl_10" custom="readingOrder {index:9;}">
                <Coords points="2253,1391 2396,1411 3385,1331 3430,1323 3433,1277 2681,1308 2465,1357 2257,1339"/>
                <Baseline points="2262,1382 2271,1379 2316,1379 2361,1376 2405,1373 2450,1376 2495,1370 2540,1364 2584,1358 2629,1355 2674,1352 2719,1352 2764,1349 2808,1346 2853,1346 2898,1340 2943,1340 2987,1340 3032,1331 3077,1328 3122,1325 3166,1322 3211,1322 3256,1316 3301,1313 3346,1310 3390,1307 3435,1304"/>
                <TextEquiv>
                    <Unicode>minelle grenzende Handlung. Das Verlagsrecht</Unicode>
                </TextEquiv>
            </TextLine>
            <TextLine id="tr_1_tl_11" custom="readingOrder {index:10;}">
                <Coords points="2265,1429 3279,1376 3356,1363 3359,1323 2268,1393"/>
                <Baseline points="2274,1420 2286,1423 2331,1423 2375,1420 2420,1414 2465,1414 2510,1411 2555,1405 2599,1402 2644,1399 2689,1399 2734,1393 2778,1393 2823,1390 2868,1387 2913,1384 2958,1382 3002,1376 3047,1376 3092,1373 3137,1367 3181,1367 3226,1361 3271,1361 3316,1358 3361,1355"/>
                <TextEquiv>
                    <Unicode>des “Reigen“ war, wie Herr Harz sehr genau</Unicode>
                </TextEquiv>
            </TextLine>
            <TextLine id="tr_1_tl_12" custom="readingOrder {index:11;}">
                <Coords points="2260,1483 3413,1411 3416,1365 2265,1433"/>
                <Baseline points="2271,1468 2298,1468 2343,1465 2387,1462 2432,1459 2477,1456 2522,1453 2567,1450 2611,1444 2656,1441 2701,1441 2746,1438 2790,1435 2835,1429 2880,1432 2925,1426 2969,1423 3014,1420 3059,1417 3104,1414 3149,1411 3193,1408 3238,1402 3283,1402 3328,1399 3372,1396 3417,1399"/>
                <TextEquiv>
                    <Unicode>weise, worüber sowohl Dr.Rosenberger, Berlin,</Unicode>
                </TextEquiv>
            </TextLine>
            <TextLine id="tr_1_tl_13" custom="readingOrder {index:12;}">
                <Coords points="2257,1513 3250,1474 3442,1443 3445,1397 2260,1476"/>
                <Baseline points="2268,1510 2283,1510 2328,1510 2373,1507 2417,1504 2462,1501 2507,1498 2552,1495 2596,1492 2641,1489 2686,1486 2731,1483 2775,1477 2820,1477 2865,1474 2910,1471 2955,1468 2999,1465 3044,1462 3089,1459 3134,1453 3178,1453 3223,1450 3268,1447 3313,1444 3358,1438 3402,1438 3447,1435"/>
                <TextEquiv>
                    <Unicode>wie Dr. N. Hofimann, Wien, Zeugnis ablegen kön-</Unicode>
                </TextEquiv>
            </TextLine>
            <TextLine id="tr_1_tl_14" custom="readingOrder {index:13;}">
                <Coords points="2257,1562 3433,1497 3474,1445 2260,1525"/>
                <Baseline points="2268,1555 2313,1555 2358,1552 2402,1549 2447,1546 2492,1540 2537,1540 2581,1537 2626,1534 2671,1531 2716,1525 2761,1525 2805,1522 2850,1519 2895,1516 2940,1513 2984,1510 3029,1507 3074,1504 3119,1498 3164,1495 3208,1492 3253,1492 3298,1486 3343,1486 3387,1483 3432,1480 3477,1480"/>
                <TextEquiv>
                    <Unicode>nen, was aus der ganzen Korrespondenz zwischen</Unicode>
                </TextEquiv>
            </TextLine>
            <TextLine id="tr_1_tl_15" custom="readingOrder {index:14;}">
                <Coords points="2264,1610 3336,1542 3441,1528 3442,1496 2267,1559"/>
                <Baseline points="2274,1596 2280,1596 2325,1596 2370,1593 2414,1587 2459,1587 2504,1584 2549,1582 2593,1582 2638,1579 2683,1573 2728,1570 2772,1567 2817,1564 2862,1561 2907,1558 2952,1555 2996,1552 3041,1549 3086,1546 3131,1543 3175,1540 3220,1534 3265,1531 3310,1531 3355,1525 3399,1522 3444,1516"/>
                <TextEquiv>
                    <Unicode>mir und Herz, zwischen Ihnen und Harz und ab-</Unicode>
                </TextEquiv>
            </TextLine>
            <TextLine id="tr_1_tl_16" custom="readingOrder {index:15;}">
                <Coords points="2270,1657 3504,1574 3508,1508 2273,1605"/>
                <Baseline points="2280,1644 2298,1641 2343,1641 2387,1638 2432,1635 2477,1629 2522,1626 2567,1623 2611,1620 2656,1620 2701,1614 2746,1611 2790,1608 2835,1608 2880,1602 2925,1599 2969,1599 3014,1596 3059,1590 3104,1587 3149,1584 3193,1582 3238,1576 3283,1576 3328,1576 3372,1570 3417,1567 3462,1564 3507,1564"/>
                <TextEquiv>
                    <Unicode>schliessend aus Ihrer Abmachung mit Herrn Harz</Unicode>
                </TextEquiv>
            </TextLine>
            <TextLine id="tr_1_tl_17" custom="readingOrder {index:16;}">
                <Coords points="2273,1694 3471,1633 3507,1571 2276,1651"/>
                <Baseline points="2283,1686 2298,1683 2343,1683 2387,1680 2432,1677 2477,1674 2522,1671 2567,1668 2611,1665 2656,1662 2701,1662 2746,1656 2790,1653 2835,1650 2880,1647 2925,1644 2969,1641 3014,1638 3059,1635 3104,1629 3149,1626 3193,1623 3238,1620 3283,1614 3328,1614 3372,1611 3417,1611 3462,1605 3507,1599"/>
                <TextEquiv>
                    <Unicode>vom 28.Juni d.J. hervorgeht, immer nur von Auf-</Unicode>
                </TextEquiv>
            </TextLine>
            <TextLine id="tr_1_tl_18" custom="readingOrder {index:17;}">
                <Coords points="2276,1737 3361,1665 3407,1691 3433,1630 2279,1693"/>
                <Baseline points="2286,1725 2316,1728 2361,1725 2405,1725 2450,1719 2495,1716 2540,1713 2584,1710 2629,1707 2674,1704 2719,1701 2764,1698 2808,1695 2853,1692 2898,1692 2943,1686 2987,1683 3032,1680 3077,1674 3122,1674 3166,1671 3211,1668 3256,1665 3301,1662 3346,1659 3390,1659 3435,1656"/>
                <TextEquiv>
                    <Unicode>lagenreihe zu Auflagenreihs und zuletzt, wie</Unicode>
                </TextEquiv>
            </TextLine>
            <TextLine id="tr_1_tl_19" custom="readingOrder {index:18;}">
                <Coords points="2274,1779 3290,1728 3394,1711 3396,1682 2276,1740"/>
                <Baseline points="2283,1770 2325,1773 2370,1767 2414,1767 2459,1761 2504,1758 2549,1755 2593,1752 2638,1749 2683,1746 2728,1743 2772,1743 2817,1740 2862,1737 2907,1731 2952,1728 2996,1725 3041,1725 3086,1722 3131,1716 3175,1713 3220,1710 3265,1707 3310,1704 3355,1704 3399,1701"/>
                <TextEquiv>
                    <Unicode>schon aus meinem Briefe an Harz von xxx.12,</Unicode>
                </TextEquiv>
            </TextLine>
            <TextLine id="tr_1_tl_20" custom="readingOrder {index:19;}">
                <Coords points="2280,1823 3464,1768 3481,1685 3290,1731 2284,1779"/>
                <Baseline points="2289,1814 2316,1814 2361,1811 2405,1808 2450,1805 2495,1802 2540,1799 2584,1796 2629,1796 2674,1790 2719,1787 2764,1787 2808,1784 2853,1779 2898,1776 2943,1776 2987,1770 3032,1764 3077,1761 3122,1761 3166,1755 3211,1752 3256,1752 3301,1749 3346,1746 3390,1746 3435,1743 3480,1743"/>
                <TextEquiv>
                    <Unicode>1.1922 hervorgeht,nur für die 75.-100 Auflage</Unicode>
                </TextEquiv>
            </TextLine>
            <TextLine id="tr_1_tl_21" custom="readingOrder {index:20;}">
                <Coords points="2290,1865 3414,1802 3436,1756 2293,1823"/>
                <Baseline points="2298,1859 2319,1859 2364,1856 2408,1850 2453,1847 2498,1847 2543,1841 2587,1841 2632,1838 2677,1832 2722,1832 2767,1829 2811,1826 2856,1823 2901,1820 2946,1817 2990,1814 3035,1808 3080,1805 3125,1802 3169,1799 3214,1796 3259,1793 3304,1790 3349,1787 3393,1784 3438,1781"/>
                <TextEquiv>
                    <Unicode>im Besitz von Herrn Harz, darüber hinaus war</Unicode>
                </TextEquiv>
            </TextLine>
            <TextLine id="tr_1_tl_22" custom="readingOrder {index:21;}">
                <Coords points="2287,1907 3471,1853 3488,1790 2290,1863"/>
                <Baseline points="2295,1898 2325,1898 2370,1898 2414,1892 2459,1892 2504,1889 2549,1883 2593,1883 2638,1880 2683,1877 2728,1874 2772,1871 2817,1868 2862,1868 2907,1862 2952,1859 2996,1856 3041,1853 3086,1847 3131,1844 3175,1844 3220,1841 3265,1838 3310,1835 3355,1832 3399,1829 3444,1826 3489,1826"/>
                <TextEquiv>
                    <Unicode>das Verlagerecht ungeschmälert mein Eigentum.</Unicode>
                </TextEquiv>
            </TextLine>
            <TextLine id="tr_1_tl_23" custom="readingOrder {index:22;}">
                <Coords points="2287,1947 3381,1893 3439,1885 3442,1839 2290,1905"/>
                <Baseline points="2295,1940 2325,1943 2370,1943 2414,1937 2459,1934 2504,1931 2549,1931 2593,1928 2638,1922 2683,1919 2728,1919 2772,1916 2817,1913 2862,1910 2907,1907 2952,1901 2996,1901 3041,1895 3086,1895 3131,1889 3175,1886 3220,1883 3265,1883 3310,1880 3355,1877 3399,1874 3444,1868"/>
                <TextEquiv>
                    <Unicode>Nur auf dieser Basis war es mir möglich mit</Unicode>
                </TextEquiv>
            </TextLine>
            <TextLine id="tr_1_tl_24" custom="readingOrder {index:23;}">
                <Coords points="2294,1982 3453,1934 3473,1867 2297,1950"/>
                <Baseline points="2304,1981 2310,1978 2355,1984 2399,1981 2444,1981 2489,1978 2534,1973 2578,1970 2623,1967 2668,1967 2713,1961 2758,1961 2802,1955 2847,1955 2892,1952 2937,1949 2981,1946 3026,1943 3071,1937 3116,1934 3161,1931 3205,1931 3250,1928 3295,1922 3340,1919 3384,1916 3429,1916 3474,1916"/>
                <TextEquiv>
                    <Unicode>Ihnen zu verhandeln, auch hat Herr Harz weder</Unicode>
                </TextEquiv>
            </TextLine>
            <TextLine id="tr_1_tl_25" custom="readingOrder {index:24;}">
                <Coords points="2296,2039 3391,1988 3396,1925 2299,1993"/>
                <Baseline points="2304,2032 2322,2032 2367,2026 2411,2026 2456,2023 2501,2020 2546,2017 2590,2014 2635,2011 2680,2008 2725,2005 2769,2002 2814,1999 2859,1996 2904,1993 2949,1993 2993,1987 3038,1984 3083,1981 3128,1976 3172,1973 3217,1970 3262,1970 3307,1967 3352,1967 3396,1964"/>
                <TextEquiv>
                    <Unicode>mündlich noch schriftlich jemals auf eine</Unicode>
                </TextEquiv>
            </TextLine>
            <TextLine id="tr_1_tl_26" custom="readingOrder {index:25;}">
                <Coords points="2294,2090 3458,2016 3474,1960 2299,2042"/>
                <Baseline points="2304,2077 2313,2074 2358,2074 2402,2068 2447,2065 2492,2062 2537,2062 2581,2059 2626,2056 2671,2053 2716,2050 2761,2047 2805,2044 2850,2041 2895,2038 2940,2035 2984,2029 3029,2023 3074,2026 3119,2023 3164,2017 3208,2014 3253,2011 3298,2011 3343,2008 3387,2005 3432,1999 3477,1993"/>
                <TextEquiv>
                    <Unicode>Fortbestehen seines Verlagsrechtes An-</Unicode>
                </TextEquiv>
            </TextLine>
            <TextLine id="tr_1_tl_27" custom="readingOrder {index:26;}">
                <Coords points="2300,2133 3396,2065 3456,2057 3459,2016 2304,2090"/>
                <Baseline points="2310,2122 2343,2119 2387,2116 2432,2113 2477,2110 2522,2107 2567,2101 2611,2098 2656,2098 2701,2095 2746,2092 2790,2089 2835,2086 2880,2083 2925,2080 2969,2077 3014,2074 3059,2068 3104,2065 3149,2065 3193,2062 3238,2059 3283,2056 3328,2053 3372,2050 3417,2047 3462,2047"/>
                <TextEquiv>
                    <Unicode>spruch erhoben. Wenn also Herr Harz, was ich</Unicode>
                </TextEquiv>
            </TextLine>
            <TextLine id="tr_1_tl_28" custom="readingOrder {index:27;}">
                <Coords points="2299,2167 3453,2107 3456,2057 2300,2133"/>
                <Baseline points="2307,2161 2340,2161 2384,2161 2429,2158 2474,2152 2519,2149 2564,2146 2608,2146 2653,2140 2698,2137 2743,2137 2787,2134 2832,2131 2877,2125 2922,2122 2967,2122 3011,2113 3056,2110 3101,2110 3146,2110 3190,2107 3235,2104 3280,2098 3325,2098 3369,2095 3414,2092 3459,2089"/>
                <TextEquiv>
                    <Unicode>nicht glauben kann, auchdas Verlagerecht im</Unicode>
                </TextEquiv>
            </TextLine>
            <TextLine id="tr_1_tl_29" custom="readingOrder {index:28;}">
                <Coords points="2300,2211 3436,2150 3439,2100 2304,2165"/>
                <Baseline points="2310,2199 2322,2199 2367,2202 2411,2199 2456,2196 2501,2193 2546,2190 2590,2187 2635,2184 2680,2181 2725,2178 2769,2176 2814,2173 2859,2170 2904,2167 2949,2164 2993,2164 3038,2161 3083,2158 3128,2152 3172,2146 3217,2146 3262,2143 3307,2143 3352,2137 3396,2134 3441,2131"/>
                <TextEquiv>
                    <Unicode>Allgemeinen verpfändet hat,so hätte er mit</Unicode>
                </TextEquiv>
            </TextLine>
            <TextLine id="tr_1_tl_30" custom="readingOrder {index:29;}">
                <Coords points="2307,2256 3199,2211 3433,2185 3436,2148 2310,2205"/>
                <Baseline points="2316,2247 2319,2247 2364,2247 2408,2244 2453,2238 2498,2235 2543,2232 2587,2232 2632,2229 2677,2226 2722,2223 2767,2220 2811,2217 2856,2214 2901,2211 2946,2208 2990,2205 3035,2205 3080,2199 3125,2196 3169,2193 3214,2187 3259,2181 3304,2181 3349,2181 3393,2176 3438,2170"/>
                <TextEquiv>
                    <Unicode>vollem Bewugstsein mein eigene Recht ver-</Unicode>
                </TextEquiv>
            </TextLine>
            <TextLine id="tr_1_tl_31" custom="readingOrder {index:30;}">
                <Coords points="2308,2300 3438,2237 3465,2179 2310,2259"/>
                <Baseline points="2316,2295 2349,2292 2393,2289 2438,2286 2483,2283 2528,2280 2572,2277 2617,2274 2662,2271 2707,2268 2752,2265 2796,2262 2841,2262 2886,2259 2931,2253 2975,2253 3020,2247 3065,2244 3110,2244 3155,2238 3199,2235 3244,2232 3289,2232 3334,2229 3378,2223 3423,2220 3468,2220"/>
                <TextEquiv>
                    <Unicode>letzt und es könnte sich hier keineswegs um</Unicode>
                </TextEquiv>
            </TextLine>
            <TextLine id="tr_1_tl_32" custom="readingOrder {index:31;}">
                <Coords points="2319,2340 3285,2294 3390,2277 3391,2240 2320,2302"/>
                <Baseline points="2328,2334 2364,2337 2408,2334 2453,2328 2498,2325 2543,2325 2587,2322 2632,2316 2677,2313 2722,2310 2767,2307 2811,2304 2856,2301 2901,2301 2946,2298 2990,2292 3035,2289 3080,2289 3125,2286 3169,2283 3214,2280 3259,2277 3304,2271 3349,2271 3393,2271"/>
                <TextEquiv>
                    <Unicode>eine gütliche Ordnung der Angelegenheit</Unicode>
                </TextEquiv>
            </TextLine>
            <TextLine id="tr_1_tl_33" custom="readingOrder {index:32;}">
                <Coords points="2319,2396 3459,2324 3474,2271 2322,2339"/>
                <Baseline points="2328,2381 2358,2378 2402,2375 2447,2373 2492,2370 2537,2367 2581,2364 2626,2361 2671,2355 2716,2352 2761,2352 2805,2349 2850,2349 2895,2346 2940,2343 2984,2340 3029,2334 3074,2331 3119,2328 3164,2328 3208,2322 3253,2322 3298,2319 3343,2316 3387,2313 3432,2310 3477,2307"/>
                <TextEquiv>
                    <Unicode>sondern nur um das schärfste Vorgehen gegen</Unicode>
                </TextEquiv>
            </TextLine>
            <TextLine id="tr_1_tl_34" custom="readingOrder {index:33;}">
                <Coords points="2324,2433 3441,2367 3465,2322 2327,2385"/>
                <Baseline points="2334,2420 2349,2420 2393,2420 2438,2417 2483,2411 2528,2408 2572,2408 2617,2402 2662,2402 2707,2399 2752,2393 2796,2393 2841,2390 2886,2387 2931,2387 2975,2384 3020,2381 3065,2378 3110,2373 3155,2373 3199,2367 3244,2364 3289,2364 3334,2361 3378,2358 3423,2352 3468,2349"/>
                <TextEquiv>
                    <Unicode>über einem Delikt handeln, dessen juridische</Unicode>
                </TextEquiv>
            </TextLine>
            <TextLine id="tr_1_tl_35" custom="readingOrder {index:34;}">
                <Coords points="2324,2464 3442,2414 3498,2407 3501,2353 2327,2428"/>
                <Baseline points="2334,2459 2337,2456 2381,2462 2426,2462 2471,2459 2516,2456 2561,2450 2605,2447 2650,2447 2695,2444 2740,2438 2784,2435 2829,2435 2874,2432 2919,2432 2964,2429 3008,2423 3053,2423 3098,2417 3143,2414 3187,2411 3232,2408 3277,2405 3322,2402 3366,2402 3411,2399 3456,2399 3501,2393"/>
                <TextEquiv>
                    <Unicode>Boseichnung man eventuell der Anklagebehörde</Unicode>
                </TextEquiv>
            </TextLine>
            <TextLine id="tr_1_tl_36" custom="readingOrder {index:35;}">
                <Coords points="2319,2513 3478,2457 3490,2402 2322,2465"/>
                <Baseline points="2328,2507 2373,2507 2417,2507 2462,2501 2507,2498 2552,2495 2596,2495 2641,2492 2686,2486 2731,2486 2775,2483 2820,2480 2865,2477 2910,2474 2955,2471 2999,2471 3044,2468 3089,2462 3134,2459 3178,2456 3223,2453 3268,2453 3313,2450 3358,2447 3402,2441 3447,2438 3492,2435"/>
                <TextEquiv>
                    <Unicode>überlassen könnte. Sie sind hoffentlich mei¬</Unicode>
                </TextEquiv>
            </TextLine>
            <TextLine id="tr_1_tl_37" custom="readingOrder {index:36;}">
                <Coords points="2320,2564 3513,2507 3556,2499 3561,2431 2324,2517"/>
                <Baseline points="2331,2552 2352,2552 2396,2552 2441,2546 2486,2540 2531,2543 2575,2540 2620,2540 2665,2534 2710,2531 2755,2528 2799,2525 2844,2522 2889,2519 2934,2516 2978,2516 3023,2513 3068,2507 3113,2507 3158,2504 3202,2501 3247,2498 3292,2495 3337,2492 3381,2489 3426,2486 3471,2483 3516,2480 3561,2480"/>
                <TextEquiv>
                    <Unicode>ner Ansicht, dass der Brief der Firma H,Schmidt</Unicode>
                </TextEquiv>
            </TextLine>
            <TextLine id="tr_1_tl_38" custom="readingOrder {index:37;}">
                <Coords points="2334,2599 3362,2559 3462,2545 3465,2500 2336,2568"/>
                <Baseline points="2343,2596 2349,2596 2393,2593 2438,2590 2483,2587 2528,2587 2572,2584 2617,2581 2662,2578 2707,2575 2752,2572 2796,2570 2841,2567 2886,2567 2931,2564 2975,2561 3020,2558 3065,2555 3110,2552 3155,2549 3199,2546 3244,2543 3289,2540 3334,2537 3378,2537 3423,2534 3468,2528"/>
                <TextEquiv>
                    <Unicode>und 3,Günther keine weitere Verzögerung in</Unicode>
                </TextEquiv>
            </TextLine>
            <TextLine id="tr_1_tl_39" custom="readingOrder {index:38;}">
                <Coords points="2328,2640 3361,2588 3438,2616 3493,2602 3498,2531 2331,2602"/>
                <Baseline points="2337,2638 2378,2638 2423,2635 2468,2632 2513,2632 2558,2626 2602,2626 2647,2623 2692,2617 2737,2617 2781,2617 2826,2611 2871,2611 2916,2611 2961,2605 3005,2602 3050,2599 3095,2596 3140,2596 3184,2593 3229,2593 3274,2587 3319,2584 3363,2581 3408,2578 3453,2575 3498,2570"/>
                <TextEquiv>
                    <Unicode>dem Erscheinungstermin des “Reigen“ im Ver-</Unicode>
                </TextEquiv>
            </TextLine>
            <TextLine id="tr_1_tl_40" custom="readingOrder {index:39;}">
                <Coords points="2330,2711 2676,2685 2704,2664 3096,2667 3099,2608 2334,2644"/>
                <Baseline points="2340,2686 2384,2686 2429,2683 2474,2680 2519,2677 2564,2674 2608,2671 2653,2668 2698,2665 2743,2662 2787,2659 2832,2659 2877,2656 2922,2653 2967,2650 3011,2647 3056,2644 3101,2644"/>
                <TextEquiv>
                    <Unicode>lag S.Fischer bedeuten darf.</Unicode>
                </TextEquiv>
            </TextLine>
            <TextLine id="tr_1_tl_41" custom="readingOrder {index:40;}">
                <Coords points="2520,2739 2622,2716 2724,2759 2839,2748 2885,2768 2957,2751 3028,2770 3065,2753 3071,2664 2525,2677"/>
                <Baseline points="2531,2716 2537,2716 2581,2716 2626,2716 2671,2713 2716,2710 2761,2707 2805,2707 2850,2704 2895,2704 2940,2698 2984,2695 3029,2689 3074,2692"/>
                <TextEquiv>
                    <Unicode>Mit herzlichen Gruss</Unicode>
                </TextEquiv>
            </TextLine>
        </TextRegion>
    </Page>
</PcGts>
