3912 3368
2092 612 2508 720 Tischer
3015 711 3331 816 11.8.1928.
2257 900 2831 993 Lieber Herr Dr.Maril,
2762 960 2871 1000 G.H
2683 1039 3580 1097 Vielen Dank für Ihre Anteilnahme.
2269 1051 3640 1153 Ich gebe sie Ihnen aus aufrichtigem Herzen zurück.
2269 1130 3557 1213 Weiter lässt sich ja nichts sagen, Sie wissen das
2259 1185 2685 1267 so gut wie ich.
2666 1230 3619 1325 Um nun auf das "Geschäftliche" ein-
2262 1302 3587 1390 zugehen, ich hatte natürlich niemals weder in Tep-
2259 1348 3545 1418 litz noch sonst wo die Erlaubnis zur Aufführung
2269 1406 3564 1458 des „Reigen“ gegeben. Wahrscheinlich war es eine
2259 1439 3533 1501 Eigenmächtigkeit des Direktors, jedenfalls bitte
2262 1483 3617 1580 ich Sie der Sache nachzugehen und mein Standpunkt
2262 1536 3512 1595 bleibt vorläufig der gleiche; Aufführungen des
2280 1562 3542 1632 „Reigen“ werden absolut nirgends gestattet. Bei
2269 1613 3568 1671 dieser Gelegenheit erwähnt ich, dass ich von Harz
2266 1658 3673 1722 unglaublicherweise noch immer keine Antwort erhalten
2266 1702 3540 1764 habe. Mich jetzt mit allen diesen Dingen zu be-
2266 1757 3600 1809 schäftigen, fehlt mir begreiflicherweise die Stim-
2259 1781 3652 1848 mung. Verfügen Sie indess weiter, wie es Ihnen rich-
2271 1836 3610 1890 tig scheint, das Material ist ja bei Ihnen; vom 17.
2274 1867 3663 1950 d.m. an werde ich voraussichtlich in Hohenschwangen,
2269 1922 3566 2004 Hôtel Alpenrose wohnen, Sie hören jedesfalls sehr
2262 1974 2634 2052 bald von mir.
2629 2027 3668 2117 Bitte sagen Sie auch Herrn Fischer, wie
2264 2101 3598 2164 sehr mich sein und der Seinen Beileidsbezeigungen
2274 2148 3600 2199 ergriffen haben; geantwortet habe ich bisher über-
2274 2188 3598 2245 haupt noch keinem Menschen, dieser Brief ist der a
2264 2225 3608 2322 lererste, den ich seither schreibe, resp. diktiere.
2668 2292 3475 2401 Seien Sie herzlichet gegrüsst
2666 2367 2769 2450 Ihr
2271 2475 2871 2557 Herrn Dr. Konrad Maril,
2278 2545 2745 2627 Fischer, Verlag,
2259 2592 2480 2671 Berlin.
