3927 3544
3027 592 3540 698 Fischer, 13.9.1928.
3328 659 3489 722 Bl.2.
2068 635 2214 746 re
2281 702 3710 823 a) ohne weitere Rücksicht auf H. einfach den "Reigern"
2281 797 3617 867 in einer möglichst hübschen Neususgabe zu drucken
378 807 1751 908 Sie Näheres darüber zu erfahren und weisen auch in
2287 837 3564 908 und es darauf ankommen zu lassen, dass Herr Harz
303 867 1720 960 meinem Namen zurecht. Es bleibt vorläufig dabei, dass
2287 885 3619 950 nun plötzlich nach 1½jähriger Pause seine Vorräte
311 892 1818 1009 Aufführungen des "Reigen" nicht gestattet werden. Nur Un-
2287 940 3550 997 in den Handel bringt.-b) HerrnHarz noch einmal
311 956 1777 1045 annehmlichkeiten und kein Geld, das ist zu viel oder zu
2287 964 3694 1035 entgegen zu kommen, indem wir eine fixe Summe nennen,
2287 1009 3665 1080 die wir ihm bei sofortiger Herausgabe seiner Vorrä-
317 1047 485 1118 wenig.
2287 1061 3597 1132 te zahlen wollen, sagen wir z.B.2000-2500 Merk, um
590 1033 1783 1173 6. Haben Sie schon über die Aufführungen des
2285 1102 3677 1169 alle Weiterungen zu vermeiden.-c) oder uns geschla-
338 1126 1824 1223 „Weiten Land“ in Amerika durch Korff etwas in Erfahrung
2293 1152 3611 1223 gen zu geben und zu sagen, Ja es steht nun einmal
326 1177 1797 1310 gebracht? An mich gelangte weder Verständigung noch Ho-
2295 1177 3702 1262 so,du verkaufst zwar seit Jahren nicht ein Exemplar,
2285 1237 3597 1316 da hast also entweder nicht die Möglichkeit oder
315 1262 493 1344 norar.
2287 1276 3619 1355 nicht den guten Willen das Buch zu vertreiben, wir
594 1294 1945 1411 7. Hat sich der holländische "Bernhardi"-Direktori
2301 1332 3589 1399 gestehen dir das Recht zu diesen Zustand weiter
1375 1353 1595 1417 G.C.H.F.S.
2299 1369 3605 1433 dauern zu lassen, so lange du willst und damit, da
328 1375 797 1472 weiter geäussert?
2293 1393 3682 1474 du einem eventuellen neuen Verleger mit unluterer
621 1405 1864 1520 8. Harz, Reigen. Mir hat H. auf meine letzte An-
2293 1452 3629 1520 Konkurrenz zu drohen wagst, das Werk eines futors,
340 1486 1838 1577 frage vom 14. Juli überhaupt nicht geantwortet. Sein Pri-
2301 1504 3631 1569 an dem du immerhin mit 95 zuflagen nicht zu wenig
334 1524 1850 1617 vatgespräch mit Ihnen bei zufälliger Begegnung nehme ich
2301 1543 3530 1619 verdient hast, vom Büchermarkt zu verbannen. Du
338 1545 1898 1670 vorläufig nicht zur Kenntnis. Wir stehen nun auf dem glei-
2301 1593 3558 1654 massest dir also des Recht an den Autor, dessen
344 1617 1840 1710 chen Fleck wie vor einem Jahr. Wir gingen davon aus, dass
2299 1625 3655 1700 Werk du entweder nicht verkaufen willst oder nicht
338 1658 1898 1751 wir Herrn Harz die noch vorhandenen Vorräte abkaufen woli-
2295 1676 3591 1745 verkaufen kannst und der überdies vertragsgemäss
342 1694 1892 1803 ten und ich war bereit mich finanziell an diesem Unterneh-
2307 1723 3639 1795 von der 101. Auflage das Verfügungsrecht über sein
344 1751 1913 1842 men zu beteiligen. Die letzten Bedenken, Zensur und Oeffent-
2299 1755 3619 1830 Werk besitzt, von der Nutzniessung an seinem Werke
344 1789 1872 1886 licikeit betreffend, waren durch den Brief von Fritz Engel
2307 1797 3655 1880 ja geradezu von seinem Autorrecht auszuschliessen.
350 1828 1908 1927 völlig aus der Welt geschafft. Hierauf oder noch vorher in
2305 1858 3641 1923 Ich für meinen Teil meine, dass dies einer Kapi-
340 1884 1818 1961 Erwägung, dass ich ja ganz zweifellos berechtigt von der
2303 1894 3580 1979 tulationIgleich käme, die wir weder othisch noch
344 1921 1931 2018 101, Auflage an über mein Buch frei zu verfügen schreibe ich
2307 1939 3595 2014 praktisch zu rechtfertigen imstande wären. Doch
344 1969 1803 2064 mit Herrn Fischers Einverständnis an Herz, dass ich ihm
2301 1981 3629 2052 werde ich mich erst weiter äussern, wenn sich Herr
350 2014 1876 2107 seine Vorräte zum Makulaturpreise abzunehmen geneigt sei.
2293 2026 3657 2123 Fischer und wie ich hoffen möchte definitiv zu der
334 2060 1880 2159 Dazu hatte ich ums mehr Grund als uokumentarisch festge-
2311 2078 3380 2171 Angelegenheit ausgesprochen haben wird.
354 2103 1809 2198 stellt ist, dass Harz im Laufe von 1½ Jahren auch nicht
350 2131 1832 2246 ein Exemplar des “Reigen“ verkauft hat,er das Buch also
2576 2125 3639 2232 9. Da im Verlauf der nächsten Zeit wohl
348 2190 1937 2293 nicht vertreiben wollte oder nicht vertreiben konnte. Seine
2305 2196 3673 2287 kaum ein grösseres neues Werk von mir herauskommen
352 2242 1870 2329 gesprächsweise Bemerkung zu ihnen, lieber Herr Doktor, ich
2311 2256 3649 2323 dürfte, bin ich begreiflicherweise an dem Äusseren
356 2283 1842 2376 sei nicht berechtigt das Euch neu herauszugeben,ist ein
2311 2281 3718 2359 Solicksal meiner bisherigen etwas mehr interessiert.
356 2323 1838 2420 juridischer Unsinn, seine Zusage,er werde keinen Prozess
2307 2347 3585 2398 Die letzte Halbjahrsrechnung,etwa 1000 Mark für
354 2369 1838 2466 anstrengen, eine Ueberheblichkeit, seine Drohung,er werde
2305 2382 3580 2452 den Absatz aller meiner Bücher, ausser „Therese“
366 2412 1921 2495 wenn eine neue fusgabe bei einem anderen Verleger heraus
2313 2420 3728 2495 die Gesamtausgabe miteingeschlossen, war wohl angetan
356 2446 1937 2551 käme - seine Vorräte billig auf den Markt werfen, umso nich-
2313 2469 3688 2555 etwas bedenklich zu stimmen. Das Erscheinen des Er-
358 2511 1896 2596 tiger, als er ja gar nicht zugestünde mein Buch in doloser
2329 2525 3584 2592 gänzungsbendes steht wehl nihe bevor,nehme ich
352 2549 1870 2683 Weise zurückgehalten zu haben. Wir also haben die Wahl:
2311 2561 3621 2659 an. Wie steht es nun aber mit der Neuzusgabe der
421 2659 657 2741 damit
