3859 3576
509 814 1829 927 aus der Luft gegriften. Ich habe von Robert Klein
509 900 1854 967 überhaupt nichts gehört und in meinem Schreiben an
509 951 1847 1016 ihn ausdrücklich betont, dass ich ihm das Stück nur
514 994 1765 1083 ganz unverbindlich zur Lektüre überlassen habe.
859 1057 1779 1165 Auch über den Termin von "Fräulein
509 1111 1287 1208 Else“ steht noch nichts fest.
852 1193 1854 1296 Für die Rücksendung der legalisierten
516 1265 1748 1338 Dokumente für Amerika danke ich verbindliehet.
900 1323 1849 1419 Gegen die Verschiebung des "Bern"
500 1388 1801 1440 hardi" bei Barnowski (man sendet mir
509 1424 1851 1491 die Abschrift des an Sie gerichteten Briefes) habe
512 1486 1721 1534 ich natürlich nichts einzuwenden. Gern möchte
512 1510 1810 1578 ich etwas über die Besetzung wissen. Die einzige
507 1572 1851 1616 direkte Verbindung, die das Theater in dieser Sache
502 1613 1853 1686 mit mir anküpfte, war das Ersuchen um Herabsetzung
507 1657 896 1733 der Tantiemen.
907 1709 1839 1793 Für die Einsendung des Briefes von
500 1748 1854 1832 Herrn Mykytiak Brooklyn danke ich bestens. Die Be-
507 1813 1882 1894 merkung, dass die Firma Simon & Schuster alle Rechte
518 1866 1820 1925 für meine Werke in Amerika erworben habe, ist na-
521 1921 1806 1971 türlich falsch. Simon & Schuster haben lediglich
519 1964 1830 2015 eine Option für meine neuen Erzählenden Schriften
512 2003 1832 2072 auf die nächsten drei Jahre, wenn sie sich inner-
516 2048 1748 2104 halb vier Wochen oder sechs nach Einsichtnahme
516 2098 1757 2144 nicht aussern, habe ich uneingeschränkte Rechte,
507 2137 1861 2194 auch für Amerika. Ich werde Herrn M. an Curtis Brown
509 2180 1849 2238 weisen, der sich ja jetzt in den Verhandlungen über
509 2228 1858 2296 die Verfilmung von “Spiel im Morgengrauen“ bestens
500 2267 855 2332 bewährt hat.
900 2346 1458 2413 Mit herzlichem Gruss
898 2399 1412 2458 Ihr sehr ergebener
507 2468 1109 2560 Herrn Dr. Konrad Maril,
524 2526 989 2595 Fischer, Verlag,
500 2574 728 2641 Berlin.
2067 644 2577 783 Ttschet
2871 778 3200 862 12.12.1929.
2262 953 2968 1035 Lieber Herr Doktor Maril,
2625 1035 3508 1135 Beiliegend xxxxxxxxxx einige
2279 1123 3397 1179 Adressen, an die ich weitere Exemplare von
2303 1177 3366 1246 "Spiel der Sommerlüfte" zu senden bitte.
2632 1244 3494 1313 Die Versendung an die Zeitungen,
2286 1292 3508 1361 ebenso wie an die Buchhandlungen möge, wie ich
2286 1338 3486 1407 schon am 28.11. an Sie geschrieben, nicht vor
2288 1354 3582 1453 sondern am 15.Dezember oder 16. Dezember
2286 1440 3566 1493 erfolgen. Die Widmungsexemplare und dergleichen
2291 1493 3578 1570 wie ich im selben Brief ersuchte, am 10., was wohl
2288 1529 3020 1614 indess schon geschehen ist.
2605 1580 3556 1654 In Berliner Zeitungen lese ich, dass
2279 1650 3539 1722 Barnowsky das "Spiel der Sommerlüfte" aufführen
2295 1697 3532 1753 wird. Sie können sich denken, dass diese Notiz
2291 1715 3589 1801 falsch ist; immerhin wiederhole ich mein Ersuchen
2295 1786 3448 1875 Berliner Anfragen direkt mir zu überweisen.
2622 1866 3510 1930 Von "Fräulein Else“ ist vorläufig
2286 1914 3580 1979 nicht die Rede. Elisabeth Bergner geht im Jänner
2291 1957 3556 2015 nach London, um in einem Tonfilm mitzuwirken, wo-
2286 1993 3563 2096 mit die Engelegenheit zumindest hinausgeschoben
2290 2056 2413 2139 ist.
2644 2128 3587 2182 Die Premiere von “Spiel der Sommer-
2286 2176 3491 2266 lüfte" hier wird am 21. Dezember stattfinden.
2656 2254 3136 2338 Herzlich grüssend
2769 2317 2862 2377 Ihr
2295 2470 2893 2576 Herrn Dr. Konrad Maril,
2291 2538 2763 2617 S.Fischer,Verlag,
2291 2586 2497 2661 Berlin.
