3879 3560
339 663 517 733 r
422 781 1771 914 führe ich inoffiziell eine Korrespondenz mit einem
424 849 1688 961 der Herren über die Besetzungsmöglichkeiten und
428 878 1767 1018 ich habe meine guten Gründe, dass ich von einer of-
440 949 1796 1051 feziellen Einreichung vorläufig abzusehen vorziehe.
440 988 1693 1096 Es kommt hier noch dazu, dass möglicherweise ein
436 1036 1759 1136 Junotim zwischen Josefstadt in Wien und Deutschem
440 1084 1699 1188 Theater in Betracht gezogen werden könnte. Auch
440 1111 1749 1229 mit Wien habe ich seit 35 Jahren ausnahmslos per-
440 1138 1807 1279 sönlich über Uraufrührungen,meist auch übere Wieder-
447 1207 1678 1317 aufnahmen abgeschlossen,ohne dass darunter das
446 1246 1788 1362 Prestige Ihres Verlags im geringsten gelitten hät-
453 1290 1769 1410 te. Sobald die Frage der Uraufführung entschieden
455 1337 1715 1445 sein wird soll Ihrem Tatendrang nichts mehr im
459 1377 1846 1489 Wege stehen jedenso wie der Abschluss über eventuel-
463 1410 1855 1528 le gleichzeitige Uraufführungen an anderen deutschen
461 1468 1749 1580 Bühne natürlich Ihnen überlassen bleiben wird;-
467 1520 1738 1630 geradeso wie esja immer der Fall war,
476 1549 1755 1659 z.B. auch nach der Traufführung der "Komödie der
474 1607 1732 1695 Verführung" oder der "Schwestern" (die beide in
467 1638 1778 1755 Wien ungefähr 30 Mal gesielt wurden), ohne nachner
214 1692 1765 1852 durch Ihre Vermittlung/2-3 wei
482 1736 1711 1832 tere Bühnen und trotz des Erfolges, da und dort
474 1757 1792 1873 keine weiteren zu finden (woran natürlich nur die
478 1821 1765 1948 Mängel, vielleicht auch die Schwierigkeiten mei-
482 1840 1823 1962 ner Stücke und die allgemeinen Verhältnisse Schuld
484 1913 1796 2012 waren). Auch an Verhandlungen und eventuellen Ab-
490 1948 1728 2050 schlüssen über meine sämtlichen anderen Stücke
490 1975 1800 2104 an sämtlichen Bühnen Deutschlands, sowie über Wie-
486 2010 1854 2147 deraufnahmen in Berlin habe ich dem Verlag Fischer
490 2085 1753 2179 meines Wissensniemals behindert und es wäre mir
505 2125 1813 2230 gewies geradeo lieb wie Ihnen, wenn Sie auf diese
500 2174 1827 2268 Weise Ihr und am Ende auch mein Prestige ins Unge-
500 2218 1763 2314 messene steigern würden - sofern Prestige damit
503 2278 1298 2382 überhaupt etwas du tun hätte.
804 2309 1803 2434 Wenn ich in diesem neuen, wie in allen
511 2392 1827 2502 früheren Fällen das Problem der Uraufrührung nach
515 2450 1774 2538 allen Seiten hin selbst zu erledigen wünsche, so
511 2473 1800 2581 bedeutet das keineewegs eine ärsparungemasenahme
511 2513 1917 2666 wie ein Satz Ihres Briefes leider anzudeuten scheint
3221 706 3495 789 5.10.1929.
3227 756 3641 847 S.Fischer, Bl.2.
2162 812 3508 980 ### und noch weniger verstehe ich, wie Sie mir
2351 901 3609 989 sicherlich reichlich wieder einbringen könnten,
2357 951 3562 1030 was ich durch persönlichen Abschluss über die
2351 1005 3470 1076 Oranfführung eines Stückes erspare; denn
2357 1049 3586 1119 durch diesen einmaligen persönlichen Abschluss
2357 1094 3539 1167 wird ja der eventuelle Erfolg meines Stückes
2351 1136 3524 1221 nicht in Frage gestellt und die eventuellen
2361 1169 3599 1267 Chanoen für andere Bühnen verden dadurch nicht
2363 1250 2693 1321 vermindert :
2554 1281 3557 1391 Dass in anderen Fällen, wo ich Sie um
2355 1350 3595 1425 Führung der Verhandlungen ersuchte Ihroperzen-
2363 1400 3551 1472 tueller Beteiligung ausser Frage steht,habe
2363 1448 3551 1520 ich immer wieder betont und es ist gewiss so
2367 1487 3584 1564 wenig Ihre wie meine Schuld, dass z.B. zuletzt
2363 1537 3532 1603 Ihre ernsten Bemühungen hinsichtlich meines
2367 1578 3506 1653 Dramas "Gang zum Weiher" (wegen deßn sich
2367 1611 3580 1701 Frau Kinz und Reucker an Sie gewandt hatten)
2369 1668 3587 1740 resultatlos verlaufen sind. Dass ich mir ande-
2376 1717 3553 1784 rerseits für eine xx schwierige Urauf:ührung
2382 1740 3638 1830 (wie es z.E. "Gang zum Weiher“ wäre) die Bühne
2403 1794 3668 1875 sorgfaltig auszusuchen wünsche, wird Ihnen nicht
2370 1846 3611 1913 unbegreiflich sein und dass ich mit Ihrem Vor-
2372 1886 3599 1965 gehen. Bücher nur auf ausdrückliche Anfrage zu
2378 1938 3551 2002 versenden,höchst einverstanden bin,muss ich
2378 1962 3641 2043 nicht erst versichern. „Lahmgelegt“ sind Sie also
2372 2012 3543 2091 keineswegs und nach der Uraufführung werden
2376 2054 3643 2131 Sie in gewohnter Freiheit Ihre Verfügungen über
2376 2104 3624 2178 Aufführungen an anderen Bühnen treffen können,
2388 2152 3599 2218 wenn Sie die Gelegenheit dazu haben. So mögen
2384 2183 3622 2262 Sie auch jetzt schon Direktoren, die Ihnen ver-
2388 2239 3638 2311 trauenswürdig erscheinen, das Buch zur Einsicht
2396 2287 3578 2347 vorlegen, vorläufig aber jede Aufführung vor
2394 2314 3632 2399 raufführung, die noch nicht fest steht, absolut
2382 2372 3616 2440 untersagen. xxxx Die Buchausgabe soll je-
2384 2424 3560 2519 desfalle erst zugleich mit der Uraufrührung
2388 2477 2696 2552 erscheinen.
3344 2484 3713 2571 Angelegenheit
2617 2540 3533 2612 Mit Prestige aber hat die ganze
2378 2615 3674 2673 nicht das Geringete zu tun; wir wollen sie wei-
