3869 3561
2616 569 3349 695 Haglycah Bartel
2769 679 3189 782 Reyer by
2006 623 2451 784 S. Fischer
2865 750 3317 834 30.6.1929.
2196 935 2764 1047 Lieber Doktor Maril.
2607 1031 3558 1133 Ich danke Ihnen für die freundliche
2183 1114 3542 1185 Uebersendung des Bartsch'schen Briefes. Da wie Sie
2187 1142 3565 1231 wissen- wenn auch ohne feste Bindung - Curtis Brown
2180 1204 3592 1275 in Amerika mein Vertreter ist, habe ich Herrn Bartsch
2187 1243 3489 1323 gebeten den Interessenten für die Dramatisierung
2187 1279 3537 1368 des "Spiel im Morgengs###ens" (hinter welchem Inte-
2196 1337 3526 1410 resse sich zweifellos der Wunsch verbirgt sich in
2192 1384 3436 1453 den Besitz der Filmrechte zu setzen) direkt an
2192 1417 3558 1490 Curtis Brown zu weisen, mit dem ich immerhin bessere
2194 1460 3539 1541 Erfahrungen gemacht habe als mit Bartsch. Dass bei
2192 1504 3595 1589 der Sache nichts herauskommt ist selbstverständlich,
2196 1531 3620 1627 immerhin habeich in meinem unverwüstlichen Optimismus
2192 1598 3526 1671 an die Royalität des Herrn Bartsch appelliert, um
2192 1642 3260 1712 wenigstens das Möglichste zu versuchen.
2620 1721 3528 1784 Der Baseler Direktor Hess hat mir
2198 1768 3519 1846 wegen Aufführung des “Reigen” telefoniert. Es war
2198 1802 3576 1887 natürlich ganz richtig von Ihnen, dass Sie Ihre Ein-
2210 1862 3505 1930 willigung versagt haben. Immerhin habe ich Herrn
2201 1889 3533 1976 Hess telegraphiert, dass ich gegen 10sige Tantième
2198 1937 3604 2013 und einen sofort zahlbaren Vorschuss von 1000 Francs
2214 1988 3530 2063 zu einem Abschluss bereit wäre. Damit wird ja die
2198 2010 3583 2102 Sacheesipso erledigt sein, im allgemeinen aber könn-
2208 2075 3608 2159 te man ja von Fall zu Fall, aber immer nur gegen eine
2207 2114 3618 2196 entsprechende und sofort zahlbare Garantie unter den
3276 2155 3532 2219 gegenüber
2210 2166 3225 2242 heutigen Umständen die Intransingenz
2205 2201 3556 2279 den Bewerbern um das Aufführungsrecht des „Reigen“
2212 2260 3161 2357 wenigstens in der Schweiz aufgeben.
2643 2331 3205 2430 Mit herzlichem Gruss
2641 2398 2739 2464 Ihr
2219 2544 2817 2645 Herrn Dr. Konrad Maril,
2253 2625 2691 2700 Fischer, Verlag.
2223 2666 2411 2767 Berlin.
