3927 3705
490 1146 1719 1234 es schon einmal bei kritischen Geistern (auch
494 1230 1879 1283 höherer Art) vorzukommen pflegt,hält sich die allzu
499 1270 1883 1323 freundliche Rezensenten für die Ueberschätzung die-
499 1314 1903 1367 ses einen unter meinen Büchern durch gründliche Ver-
494 1354 1899 1425 kennung, ja Ablehnung meiner gesamten bisherigen Pro-
498 1403 1881 1467 duktion so schadlos wie nur möglich. Welche Leicht-
499 1449 1801 1504 fertigkeit gehört doch dazu in meinem Gesamtwerk
499 1484 1828 1544 bis zur "Therese" (das doch immerhin unter andern
498 1533 1802 1591 die "Liebelei, "Beatrice", den "Grünen Kakadu", den
508 1575 1813 1631 "Profes or Bernhardi,den "Einsamen Weg", den "Weg
498 1620 1908 1679 ins Freie,“ den „Gang zum Weiher“, den “Jungen Medar-
499 1668 1828 1722 dus" und noch ein paar Dutzend andere Stücke und
498 1710 1744 1770 Novellen enthält) nichts zu bemerken, als "die
499 1761 1883 1812 schmerzlich-heitere Welt meiner Wiener Aristokraten
498 1810 1935 1864 mit ihren lebensverliebten Nichtigkeiten und lässigen
498 1844 1853 1895 Besorgnissen. Und das heillose Geschwätz,
498 1886 1835 1946 xxx"als hätte erst das Wissen darum, dass auch in
503 1930 1850 1987 Oesterreich die Welt aus tausend Wunden blutet und
503 1979 1810 2030 die Liebenswürdigkeit der Sonnbeschienenen sich
503 2012 1810 2079 verkriechen muss in Scheu vor andrängendem Elend
507 2063 1828 2120 und bitterster Not mich gepackt", "umdräut von den
507 2079 1914 2169 furchtbaren Wolken der Zeit"stürzte ich tief in mich
508 2149 1974 2227 zusammen und"finde dort unten im Dunkel der heiligsten
512 2192 1859 2253 Schmerzen, des lautersten Menschenwehs die Kraft zu
507 2236 1963 2307 sagen, wie ich leide um alle Kreaturn. Und „im Schiff-
507 2293 1914 2344 bruch seiner gleissenden Welt denkt er zuerst an die
507 2327 1923 2380 Andern und dieses über sich selbst Hinauswachsen, die-
503 2375 1863 2433 ses Heimverlangen nach den Andern zur Not der tief
507 2415 1881 2495 enthofften Leidenswege der Mühseligen und Beladenen
499 2464 1538 2535 mag ihn von sich ganz zu sich erlösen.
747 2522 1899 2604 Wie gut gemeint und welch blühender Unsinn.
499 2599 1861 2652 Diktatur der Phrasse und des Cliches, der sich weder
498 2637 1881 2706 Schreibende noch Lesende, weder Freund noch Feind zu
507 2683 1037 2763 entziehen vermögen.
787 2748 1345 2850 Herzlichst grüssend.
875 2818 975 2898 Ihr
494 2931 1163 3024 Herrn 5. Fischer, Verlag,
481 3000 702 3060 Berlin.
2067 902 2577 981 J. Tischer
3162 968 3461 1073 1.12.1928.
2336 1150 3020 1265 Lieber Herr Doktor Maril,
2675 1270 3689 1378 Unter den in Ihrem Briefe dargelegten
2351 1327 3598 1427 Umständen sehe ich vorläufig keinen Anlass den
2355 1389 3652 1473 Rotters eine Aufführung von "Komödie der Verfüh-
2362 1432 3678 1520 rung" zu überlassen. Es handelt sich um ein ziem-
2355 1484 3678 1566 lich unsichere und sehr schwer spielbares Stück,
2358 1522 3701 1611 das nur bei glänzendster Besetzung und ausgezeich-
2364 1564 3660 1655 neter Regie auf einen Erfolg rechnen könnte. Was
2364 1589 3720 1693 ich bisher von meinen Stücken zu sehen Gelegenheit
2364 1655 3641 1742 hatte und die vagen Zusicherungen,die er Ihnen
2366 1700 3661 1786 zuletzt gab, sino nicht geeignet mich vertrauens-
2369 1742 3663 1832 voller zu stimmen. Ehe ich also über Besetzungs-
2364 1788 3663 1874 möglichkeiten und finanzielle Garantien mehr er-
2369 1828 3687 1915 fahre, ist eine Diskussion über diese Frage zweck-
2369 1877 3558 1963 los. Sollte ich in nächster Zeit nach Berlin
2369 1908 3669 2005 kommen, so kann ich ja unverbindlich mit Direktor
2378 1968 3656 2045 Rotter, dem ich mich bestens empfehle, persönlich
2378 2045 2626 2118 sprechen.
2664 2079 3691 2171 Was den "Reigen" anbelangt, so bin ich
2377 2123 3753 2227 Ihrer Meinung, dass das Deutsche Theater wahrschein-
2377 2176 3738 2267 lich das einzige ist, dem man heute eine Aufführung
2380 2233 3658 2318 des "Reigen" mit einiger Beruhigung anvertrauen
2382 2271 3663 2367 könnte. Prinzipiell stehe ich also dieser Sache
2382 2305 3758 2404 nicht ablehnend gegenüber und es wird mich interes-
2387 2366 3716 2475 sieren gelegentlich darüber mehr von Ihnen zu hö-
2389 2448 2506 2519 ren.
2675 2448 3773 2562 Es freut mich, dass Franziska Kins in der
2395 2541 3742 2617 „Liebelei“ einen so grossen Erfolg hatte. Wir wol-
2389 2581 3742 2666 len hoffen, dass sich das Stück einige Zeit auf dem
2384 2632 3738 2714 Repertoir erhält. Im übrigen sehen ja die Theater-
2382 2672 3638 2774 verhältnisse für mich nach wie vor triste aus.
2679 2783 3725 2878 Trotz meines Bulletin des déclaration.
2382 2805 3776 2951 das ich vor geraumer Zeit an die Societé geschickt,
