<?xml version="1.0" encoding="UTF-8" standalone="yes"?>
<PcGts xmlns="http://schema.primaresearch.org/PAGE/gts/pagecontent/2013-07-15" xmlns:xsi="http://www.w3.org/2001/XMLSchema-instance" xsi:schemaLocation="http://schema.primaresearch.org/PAGE/gts/pagecontent/2013-07-15 http://schema.primaresearch.org/PAGE/gts/pagecontent/2013-07-15/pagecontent.xsd">
    <Metadata>
        <Creator>prov=READ-COOP:name=TrHtr:version=2.1.0:model_id=51170:date=27_07_2023_17:40</Creator>
        <Created>2023-05-02T08:01:11.990+02:00</Created>
        <LastChange>2023-07-27T17:40:24.278+02:00</LastChange>
        <TranskribusMetadata docId="1416741" pageId="54952633" pageNr="44" tsid="131275842" status="IN_PROGRESS" userId="64420" imgUrl="https://files.transkribus.eu/Get?id=ZCJMMXLYESOJJHYOFNHXGCPS&amp;fileType=view" xmlUrl="https://files.transkribus.eu/Get?id=TBLFLQKWUVFHLNTXULGDUBFJ" imageId="44456359"/>
    </Metadata>
    <Page imageFilename="1416741_0044.jpg" imageWidth="3880" imageHeight="3466">
        <ReadingOrder>
            <OrderedGroup id="ro_1711827612695" caption="Regions reading order">
                <RegionRefIndexed index="0" regionRef="tr_1"/>
                <RegionRefIndexed index="1" regionRef="tr_2"/>
            </OrderedGroup>
        </ReadingOrder>
        <TextRegion id="tr_1" custom="readingOrder {index:0;}">
            <Coords points="370,699 1904,699 1904,2544 370,2544"/>
            <TextLine id="tr_1_tl_1" custom="readingOrder {index:0;}">
                <Coords points="361,813 1790,756 1803,694 1232,734 1023,675 595,758 364,730"/>
                <Baseline points="370,800 373,800 417,797 462,794 507,794 552,794 597,791 641,791 686,788 731,785 776,785 820,782 865,782 910,779 955,776 1000,776 1044,776 1089,773 1134,773 1179,770 1223,767 1268,767 1313,764 1358,764 1403,761 1447,758 1492,758 1537,755 1582,755 1627,755 1671,755 1716,749 1761,749 1806,749"/>
                <TextEquiv>
                    <Unicode>nachdenken. Wie ist das nun mit der Honorarfrage bei</Unicode>
                </TextEquiv>
            </TextLine>
            <TextLine id="tr_1_tl_2" custom="readingOrder {index:1;}">
                <Coords points="368,851 1647,816 1698,758 370,814"/>
                <Baseline points="379,844 403,844 447,844 492,838 537,838 582,832 626,832 671,829 716,829 761,829 806,829 850,826 895,820 940,820 985,817 1029,817 1074,817 1119,815 1164,815 1209,815 1253,812 1298,809 1343,806 1388,806 1432,806 1477,803 1522,800 1567,800 1612,800 1656,797 1701,794"/>
                <TextEquiv>
                    <Unicode>diesen Gesamelten Werken in Einzelausgeben? Hier</Unicode>
                </TextEquiv>
            </TextLine>
            <TextLine id="tr_1_tl_3" custom="readingOrder {index:2;}">
                <Coords points="366,908 1707,855 1744,791 368,851"/>
                <Baseline points="376,889 403,889 447,886 492,886 537,883 582,883 626,877 671,877 716,877 761,874 806,874 850,871 895,871 940,868 985,865 1029,865 1074,865 1119,862 1164,859 1209,859 1253,856 1298,856 1343,856 1388,850 1432,850 1477,850 1522,847 1567,847 1612,844 1656,841 1701,838 1746,835"/>
                <TextEquiv>
                    <Unicode>können natürlich nicht die Bestimmungen gelten, die</Unicode>
                </TextEquiv>
            </TextLine>
            <TextLine id="tr_1_tl_4" custom="readingOrder {index:3;}">
                <Coords points="371,944 1391,904 1539,968 1766,926 1770,834 373,897"/>
                <Baseline points="382,934 385,934 429,931 474,931 519,928 564,928 609,925 653,922 698,919 743,919 788,916 832,916 877,913 922,913 967,910 1012,910 1056,910 1101,907 1146,904 1191,904 1235,901 1280,901 1325,898 1370,895 1415,895 1459,892 1504,892 1549,889 1594,886 1638,886 1683,883 1728,883 1773,880"/>
                <TextEquiv>
                    <Unicode>seinerzeit über die Zahlungsbedingungen der Gesamt-</Unicode>
                </TextEquiv>
            </TextLine>
            <TextLine id="tr_1_tl_5" custom="readingOrder {index:4;}">
                <Coords points="377,1008 1356,979 1358,908 379,950"/>
                <Baseline points="388,976 420,976 465,973 510,973 555,973 600,973 644,970 689,967 734,964 779,961 823,961 868,958 913,958 958,958 1003,955 1047,955 1092,952 1137,952 1182,949 1226,946 1271,946 1316,946 1361,946"/>
                <TextEquiv>
                    <Unicode>ausgabe getroffen wurden.</Unicode>
                </TextEquiv>
            </TextLine>
            <TextLine id="tr_1_tl_6" custom="readingOrder {index:5;}">
                <Coords points="748,1063 1372,1028 1771,1049 1837,1034 1839,990 1632,946 1376,997 752,1003"/>
                <Baseline points="761,1053 767,1053 812,1050 856,1047 901,1047 946,1044 991,1044 1035,1041 1080,1038 1125,1038 1170,1035 1215,1035 1259,1035 1304,1032 1349,1032 1394,1029 1438,1026 1483,1026 1528,1026 1573,1023 1618,1023 1662,1020 1707,1018 1752,1015 1797,1012 1841,1009"/>
                <TextEquiv>
                    <Unicode>Zum Fälle Rökk Richter lege ich die Ab-</Unicode>
                </TextEquiv>
            </TextLine>
            <TextLine id="tr_1_tl_7" custom="readingOrder {index:6;}">
                <Coords points="384,1131 1724,1082 1753,1017 964,1069 778,1061 712,1016 388,1065"/>
                <Baseline points="397,1113 411,1110 456,1107 501,1107 546,1107 591,1104 635,1104 680,1101 725,1098 770,1098 815,1095 859,1095 904,1092 949,1089 994,1089 1038,1086 1083,1083 1128,1083 1173,1083 1218,1080 1262,1080 1307,1077 1352,1074 1397,1074 1441,1074 1486,1068 1531,1068 1576,1068 1621,1065 1665,1065 1710,1056 1755,1053"/>
                <TextEquiv>
                    <Unicode>schrift eines Briefes bei den ich heute an Ihn ge-</Unicode>
                </TextEquiv>
            </TextLine>
            <TextLine id="tr_1_tl_8" custom="readingOrder {index:7;}">
                <Coords points="379,1166 1649,1131 1825,1113 1828,1063 379,1131"/>
                <Baseline points="388,1158 397,1158 441,1155 486,1152 531,1149 576,1149 620,1149 665,1146 710,1143 755,1143 800,1143 844,1140 889,1137 934,1137 979,1134 1023,1131 1068,1128 1113,1128 1158,1128 1203,1125 1247,1125 1292,1122 1337,1119 1382,1119 1427,1116 1471,1116 1516,1113 1561,1113 1606,1110 1650,1107 1695,1107 1740,1104 1785,1104 1830,1101"/>
                <TextEquiv>
                    <Unicode>richtet habe. Ich glaube, Sie schrieben mir seinerzeit</Unicode>
                </TextEquiv>
            </TextLine>
            <TextLine id="tr_1_tl_9" custom="readingOrder {index:8;}">
                <Coords points="390,1217 670,1193 1103,1259 1208,1208 1812,1199 1815,1113 392,1168"/>
                <Baseline points="400,1200 429,1200 474,1197 519,1197 564,1194 609,1194 653,1191 698,1191 743,1188 788,1185 832,1185 877,1182 922,1182 967,1179 1012,1182 1056,1176 1101,1176 1146,1173 1191,1173 1235,1173 1280,1173 1325,1167 1370,1167 1415,1161 1459,1158 1504,1158 1549,1152 1594,1155 1638,1155 1683,1152 1728,1152 1773,1149 1818,1146"/>
                <TextEquiv>
                    <Unicode>such über Verhandlungen mit ihm, nicht aber von einem</Unicode>
                </TextEquiv>
            </TextLine>
            <TextLine id="tr_1_tl_10" custom="readingOrder {index:9;}">
                <Coords points="392,1277 417,1268 479,1281 518,1272 584,1281 633,1266 703,1270 706,1210 670,1193 639,1208 511,1199 485,1217 428,1202 393,1219"/>
                <Baseline points="403,1244 441,1244 486,1241 531,1241 576,1238 620,1235 665,1235 710,1232"/>
                <TextEquiv>
                    <Unicode>Abschluss</Unicode>
                </TextEquiv>
            </TextLine>
            <TextLine id="tr_1_tl_11" custom="readingOrder {index:10;}">
                <Coords points="659,1319 1779,1294 1814,1222 1288,1270 661,1265"/>
                <Baseline points="668,1313 695,1316 740,1322 785,1319 829,1316 874,1316 919,1316 964,1313 1009,1310 1053,1310 1098,1307 1143,1304 1188,1304 1232,1301 1277,1301 1322,1298 1367,1298 1412,1295 1456,1295 1501,1292 1546,1289 1591,1289 1635,1286 1680,1286 1725,1283 1770,1283 1815,1277"/>
                <TextEquiv>
                    <Unicode>5. Gibt es Neues in der hollländischen An-</Unicode>
                </TextEquiv>
            </TextLine>
            <TextLine id="tr_1_tl_12" custom="readingOrder {index:11;}">
                <Coords points="1069,1351 1797,1338 1799,1288 1071,1316"/>
                <Baseline points="1078,1350 1125,1352 1170,1349 1215,1346 1259,1346 1304,1343 1349,1343 1394,1340 1438,1340 1483,1334 1528,1331 1573,1334 1618,1334 1662,1331 1707,1328 1752,1322 1797,1313 1803,1313"/>
                <TextEquiv>
                    <Unicode>Wenn dieser Herr Lugt (mit-</Unicode>
                </TextEquiv>
            </TextLine>
            <TextLine id="tr_1_tl_13" custom="readingOrder {index:12;}">
                <Coords points="977,1354 990,1354 996,1349 1006,1351 1012,1347 1019,1351 1023,1349 1036,1358 1047,1358 1060,1351 1063,1354 1076,1354 1078,1316 1060,1318 1052,1312 1045,1318 1030,1319 979,1316"/>
                <Baseline points="987,1351 1032,1340 1078,1350"/>
                <TextEquiv>
                    <Unicode>1n2</Unicode>
                </TextEquiv>
            </TextLine>
            <TextLine id="tr_1_tl_14" custom="readingOrder {index:13;}">
                <Coords points="979,1374 1005,1376 1008,1372 1028,1374 1045,1369 1060,1376 1071,1376 1069,1345 1054,1347 1041,1341 1034,1349 1023,1345 1016,1349 999,1340 977,1340"/>
                <Baseline points="987,1351 1029,1367 1074,1358 1078,1350"/>
                <TextEquiv>
                    <Unicode>Prud'</Unicode>
                </TextEquiv>
            </TextLine>
            <TextLine id="tr_1_tl_15" custom="readingOrder {index:14;}">
                <Coords points="404,1383 741,1362 772,1385 886,1387 913,1363 983,1360 985,1323 767,1323 721,1341 635,1310 597,1329 406,1323"/>
                <Baseline points="414,1373 447,1379 492,1376 537,1370 582,1373 626,1370 671,1364 716,1361 761,1358 806,1358 850,1361 895,1358 940,1358 987,1351"/>
                <TextEquiv>
                    <Unicode>gelegenheit "Bernhardt</Unicode>
                </TextEquiv>
            </TextLine>
            <TextLine id="tr_1_tl_16" custom="readingOrder {index:15;}">
                <Coords points="401,1433 1870,1398 1872,1336 403,1382"/>
                <Baseline points="411,1421 441,1421 486,1418 531,1418 576,1418 620,1412 665,1412 710,1412 755,1409 800,1406 844,1406 889,1403 934,1403 979,1400 1023,1400 1068,1397 1113,1397 1158,1394 1203,1391 1247,1391 1292,1391 1337,1388 1382,1382 1427,1382 1471,1379 1516,1379 1561,1379 1606,1376 1650,1373 1695,1370 1740,1370 1785,1367 1830,1367 1874,1364"/>
                <TextEquiv>
                    <Unicode>dem ich schon vor Jahren mit unberechtigten Aufführun-</Unicode>
                </TextEquiv>
            </TextLine>
            <TextLine id="tr_1_tl_17" custom="readingOrder {index:16;}">
                <Coords points="404,1482 1658,1442 1742,1433 1764,1385 406,1431"/>
                <Baseline points="417,1465 423,1465 468,1465 513,1462 558,1462 603,1456 647,1453 692,1453 737,1453 782,1453 826,1447 871,1447 916,1447 961,1447 1006,1441 1050,1441 1095,1441 1140,1438 1185,1435 1229,1432 1274,1435 1319,1432 1364,1432 1409,1429 1453,1427 1498,1427 1543,1424 1588,1421 1632,1421 1677,1415 1722,1415 1767,1415"/>
                <TextEquiv>
                    <Unicode>gen des "Reigen" üble Erfahrungen gemacht zu haben</Unicode>
                </TextEquiv>
            </TextLine>
            <TextLine id="tr_1_tl_18" custom="readingOrder {index:17;}">
                <Coords points="406,1528 1781,1473 1797,1405 408,1484"/>
                <Baseline points="417,1516 456,1510 501,1510 546,1507 591,1507 635,1501 680,1501 725,1501 770,1495 815,1495 859,1492 904,1492 949,1492 994,1489 1038,1486 1083,1489 1128,1483 1173,1483 1218,1480 1262,1477 1307,1477 1352,1474 1397,1474 1441,1471 1486,1468 1531,1468 1576,1465 1621,1465 1665,1462 1710,1459 1755,1459 1800,1456"/>
                <TextEquiv>
                    <Unicode>glaube) nicht zahlen will, mochte ich die Sache doch</Unicode>
                </TextEquiv>
            </TextLine>
            <TextLine id="tr_1_tl_19" custom="readingOrder {index:18;}">
                <Coords points="404,1566 1587,1561 1790,1532 1852,1466 404,1528"/>
                <Baseline points="414,1552 423,1552 468,1552 513,1549 558,1549 603,1549 647,1546 692,1546 737,1543 782,1543 826,1540 871,1537 916,1534 961,1534 1006,1534 1050,1531 1095,1531 1140,1528 1185,1528 1229,1525 1274,1525 1319,1519 1364,1519 1409,1519 1453,1516 1498,1513 1543,1513 1588,1510 1632,1510 1677,1507 1722,1504 1767,1504 1812,1501 1856,1495"/>
                <TextEquiv>
                    <Unicode>durch einen holländischen Rechtsfreund weiter verfol-</Unicode>
                </TextEquiv>
            </TextLine>
            <TextLine id="tr_1_tl_20" custom="readingOrder {index:19;}">
                <Coords points="884,1581 911,1585 928,1576 933,1570 939,1572 944,1579 968,1577 970,1550 955,1552 952,1548 937,1550 935,1546 922,1545 900,1559 886,1561"/>
                <Baseline points="895,1573 928,1567 973,1567"/>
                <TextEquiv>
                    <Unicode>est.</Unicode>
                </TextEquiv>
            </TextLine>
            <TextLine id="tr_1_tl_21" custom="readingOrder {index:20;}">
                <Coords points="1420,1601 1444,1596 1468,1607 1471,1603 1475,1607 1484,1607 1488,1603 1493,1607 1504,1605 1510,1534 1495,1535 1491,1539 1471,1534 1457,1543 1449,1537 1440,1541 1426,1539"/>
                <Baseline points="1432,1585 1465,1585 1510,1579"/>
                <TextEquiv>
                    <Unicode>P.S.</Unicode>
                </TextEquiv>
            </TextLine>
            <TextLine id="tr_1_tl_22" custom="readingOrder {index:21;}">
                <Coords points="410,1618 456,1621 478,1636 525,1623 553,1640 604,1623 626,1636 670,1636 688,1623 719,1631 721,1566 705,1557 659,1565 573,1548 503,1559 492,1570 470,1557 445,1572 412,1570"/>
                <Baseline points="420,1603 453,1600 498,1597 543,1594 588,1594 632,1594 677,1591 722,1594"/>
                <TextEquiv>
                    <Unicode>gen lassen:</Unicode>
                </TextEquiv>
            </TextLine>
            <TextLine id="tr_1_tl_23" custom="readingOrder {index:22;}">
                <Coords points="781,1684 1687,1645 1876,1667 1879,1570 1402,1588 1261,1625 785,1616"/>
                <Baseline points="794,1677 809,1674 853,1674 898,1668 943,1668 988,1668 1032,1668 1077,1665 1122,1665 1167,1662 1212,1659 1256,1656 1301,1653 1346,1650 1391,1650 1435,1650 1480,1647 1525,1644 1570,1644 1615,1644 1659,1638 1704,1641 1749,1638 1794,1635 1838,1635 1883,1630"/>
                <TextEquiv>
                    <Unicode>Ich finde in meinen Aufzeichnungen keine</Unicode>
                </TextEquiv>
            </TextLine>
            <TextLine id="tr_1_tl_24" custom="readingOrder {index:23;}">
                <Coords points="655,1737 1545,1715 1799,1695 1801,1652 803,1685 727,1629 659,1636"/>
                <Baseline points="665,1719 683,1719 728,1719 773,1716 817,1716 862,1716 907,1710 952,1710 997,1710 1023,1698 1038,1701 1083,1704 1128,1701 1173,1707 1218,1707 1262,1704 1307,1698 1352,1698 1397,1692 1441,1695 1486,1698 1531,1689 1576,1692 1621,1692 1665,1686 1710,1680 1755,1677 1802,1676"/>
                <TextEquiv>
                    <Unicode>Sionserteilung an  Lawrence M.Price, Berkeler.</Unicode>
                </TextEquiv>
            </TextLine>
            <TextLine id="tr_1_tl_25" custom="readingOrder {index:24;}">
                <Coords points="415,1784 1841,1737 1865,1662 1543,1717 417,1740"/>
                <Baseline points="426,1779 432,1779 477,1776 522,1773 567,1773 611,1770 656,1767 701,1764 746,1761 791,1755 835,1758 880,1758 925,1758 970,1758 1015,1755 1059,1752 1104,1749 1149,1749 1194,1749 1238,1746 1283,1743 1328,1743 1373,1740 1418,1737 1462,1737 1507,1734 1552,1731 1597,1731 1641,1731 1686,1728 1731,1725 1776,1725 1821,1719 1865,1716"/>
                <TextEquiv>
                    <Unicode>für "Garonimo", ich glaube nicht, dass die für Xaxkam</Unicode>
                </TextEquiv>
            </TextLine>
            <TextLine id="tr_1_tl_26" custom="readingOrder {index:25;}">
                <Coords points="410,1828 1792,1786 1876,1773 1879,1722 412,1782"/>
                <Baseline points="420,1821 450,1821 495,1815 540,1812 585,1812 629,1809 674,1809 719,1809 764,1806 809,1803 853,1803 898,1800 943,1800 988,1800 1032,1797 1077,1797 1122,1791 1167,1791 1212,1788 1256,1788 1301,1785 1346,1785 1391,1785 1435,1782 1480,1782 1525,1779 1570,1776 1615,1776 1659,1773 1704,1770 1749,1770 1794,1767 1838,1764 1883,1758"/>
                <TextEquiv>
                    <Unicode>die englischen Schulen erteil -</Unicode>
                </TextEquiv>
            </TextLine>
            <TextLine id="tr_1_tl_27" custom="readingOrder {index:26;}">
                <Coords points="401,1878 1662,1834 1777,1826 1810,1781 403,1832"/>
                <Baseline points="411,1862 423,1862 468,1862 513,1862 558,1862 603,1859 647,1856 692,1856 737,1853 782,1850 826,1850 871,1847 916,1847 961,1844 1006,1841 1050,1838 1095,1838 1140,1835 1185,1835 1229,1835 1274,1833 1319,1830 1364,1830 1409,1827 1453,1827 1498,1824 1543,1821 1588,1824 1632,1821 1677,1818 1722,1815 1767,1812 1812,1806"/>
                <TextEquiv>
                    <Unicode>te Autorisation uns für Amerika im geringsten hin-</Unicode>
                </TextEquiv>
            </TextLine>
            <TextLine id="tr_1_tl_28" custom="readingOrder {index:27;}">
                <Coords points="414,1916 1748,1874 1830,1867 1832,1825 415,1879"/>
                <Baseline points="423,1907 447,1910 492,1907 537,1907 582,1904 626,1904 671,1901 716,1898 761,1898 806,1895 850,1892 895,1892 940,1889 985,1889 1029,1886 1074,1883 1119,1883 1164,1880 1209,1880 1253,1877 1298,1874 1343,1874 1388,1871 1432,1871 1477,1868 1522,1868 1567,1865 1612,1865 1656,1862 1701,1859 1746,1856 1791,1856 1835,1850"/>
                <TextEquiv>
                    <Unicode>dert. Eine Autorisation für die amerikanischen Schu-</Unicode>
                </TextEquiv>
            </TextLine>
            <TextLine id="tr_1_tl_29" custom="readingOrder {index:28;}">
                <Coords points="417,1965 1830,1932 1832,1867 419,1916"/>
                <Baseline points="429,1952 447,1952 492,1952 537,1949 582,1949 626,1946 671,1946 716,1943 761,1943 806,1940 850,1937 895,1937 940,1937 985,1934 1029,1931 1074,1928 1119,1925 1164,1922 1209,1919 1253,1922 1298,1919 1343,1919 1388,1919 1432,1916 1477,1913 1522,1910 1567,1907 1612,1910 1656,1907 1701,1907 1746,1904 1791,1907 1835,1904"/>
                <TextEquiv>
                    <Unicode>len existiert hinsichtlich "Kukxx" (Alfred A.Knopf),</Unicode>
                </TextEquiv>
            </TextLine>
            <TextLine id="tr_1_tl_30" custom="readingOrder {index:29;}">
                <Coords points="419,2011 1631,1973 1649,1923 421,1960"/>
                <Baseline points="429,2003 444,2000 489,1997 534,1994 579,1994 623,1985 668,1991 713,1988 758,1985 803,1985 847,1982 892,1979 937,1979 982,1979 1026,1976 1071,1973 1116,1970 1161,1967 1206,1967 1250,1967 1295,1967 1340,1964 1385,1961 1429,1958 1474,1955 1519,1955 1564,1952 1609,1952 1653,1949"/>
                <TextEquiv>
                    <Unicode>(Kakdu "Parazelsus", Gefährtin“), doch ist die</Unicode>
                </TextEquiv>
            </TextLine>
            <TextLine id="tr_1_tl_31" custom="readingOrder {index:30;}">
                <Coords points="419,2057 1459,2070 1843,2033 1846,1945 421,2013"/>
                <Baseline points="429,2038 462,2041 507,2041 552,2041 597,2038 641,2036 686,2036 731,2033 776,2030 820,2030 865,2027 910,2024 955,2027 1000,2024 1044,2021 1089,2021 1134,2018 1179,2018 1223,2015 1268,2012 1313,2009 1358,2006 1403,2006 1447,2006 1492,2003 1537,2000 1582,1997 1627,1997 1671,1994 1716,1994 1761,1994 1806,1994 1850,1991"/>
                <TextEquiv>
                    <Unicode>Ausgabe bisher weder erschienen noch bezahlt worden.</Unicode>
                </TextEquiv>
            </TextLine>
            <TextLine id="tr_1_tl_32" custom="readingOrder {index:31;}">
                <Coords points="814,2125 1032,2156 1663,2110 1878,2137 1901,2028 1462,2068 1360,2046 1301,2077 1261,2050 1065,2077 818,2051"/>
                <Baseline points="826,2113 829,2113 874,2113 919,2113 964,2110 1009,2107 1053,2107 1098,2104 1143,2104 1188,2101 1232,2101 1277,2101 1322,2095 1367,2098 1412,2095 1456,2092 1501,2089 1546,2083 1591,2083 1635,2086 1680,2086 1725,2083 1770,2080 1815,2080 1859,2077 1904,2074"/>
                <TextEquiv>
                    <Unicode>Haben Sie betreffs "Therese" aus Holland</Unicode>
                </TextEquiv>
            </TextLine>
            <TextLine id="tr_1_tl_33" custom="readingOrder {index:32;}">
                <Coords points="553,2203 586,2198 619,2207 639,2198 650,2207 712,2198 734,2214 767,2211 778,2201 803,2211 807,2125 761,2137 684,2112 646,2119 591,2095 558,2104"/>
                <Baseline points="564,2170 585,2170 629,2170 674,2170 719,2167 764,2161 809,2155"/>
                <TextEquiv>
                    <Unicode>des geliört</Unicode>
                </TextEquiv>
            </TextLine>
            <TextLine id="tr_1_tl_34" custom="readingOrder {index:33;}">
                <Coords points="1049,2273 1292,2264 1360,2286 1557,2256 1835,2280 1870,2264 1874,2185 1658,2176 1568,2134 1424,2121 1171,2211 1052,2181"/>
                <Baseline points="1059,2242 1068,2242 1113,2242 1158,2239 1203,2239 1247,2236 1292,2236 1337,2233 1382,2233 1427,2230 1471,2230 1516,2227 1561,2224 1606,2224 1650,2224 1695,2221 1740,2218 1785,2218 1830,2215 1874,2206"/>
                <TextEquiv>
                    <Unicode>Melantrich,Czecholsowakei wie-</Unicode>
                </TextEquiv>
            </TextLine>
            <TextLine id="tr_1_tl_35" custom="readingOrder {index:34;}">
                <Coords points="425,2344 470,2331 500,2346 538,2335 619,2352 712,2335 716,2240 703,2236 683,2255 650,2245 584,2262 511,2260 503,2251 479,2267 428,2249"/>
                <Baseline points="435,2313 450,2313 495,2310 540,2313 585,2307 629,2307 674,2304 719,2304"/>
                <TextEquiv>
                    <Unicode>der gemel</Unicode>
                </TextEquiv>
            </TextLine>
            <TextLine id="tr_1_tl_36" custom="readingOrder {index:35;}">
                <Coords points="827,2390 1656,2374 1704,2348 1826,2388 1830,2308 829,2341"/>
                <Baseline points="838,2385 847,2385 892,2385 937,2382 982,2379 1026,2376 1071,2376 1116,2373 1161,2370 1206,2367 1250,2367 1295,2364 1340,2364 1385,2364 1429,2364 1474,2361 1519,2358 1564,2358 1609,2355 1653,2355 1698,2352 1743,2352 1788,2349 1833,2346"/>
                <TextEquiv>
                    <Unicode>Auch betreffs Schweden habe ich eine</Unicode>
                </TextEquiv>
            </TextLine>
            <TextLine id="tr_1_tl_37" custom="readingOrder {index:36;}">
                <Coords points="877,2432 1658,2416 1773,2403 1773,2370 1706,2348 1651,2374 1213,2364 1082,2399 1039,2377 878,2397"/>
                <Baseline points="886,2424 925,2424 970,2421 1015,2421 1059,2421 1104,2421 1149,2418 1194,2418 1238,2415 1283,2415 1328,2412 1373,2409 1418,2409 1462,2406 1507,2403 1552,2403 1597,2400 1641,2400 1686,2397 1731,2397 1776,2394"/>
                <TextEquiv>
                    <Unicode>Balsbach erhalten. Hat Linden noch</Unicode>
                </TextEquiv>
            </TextLine>
            <TextLine id="tr_1_tl_38" custom="readingOrder {index:37;}">
                <Coords points="920,2472 1846,2449 1872,2445 1874,2375 1486,2427 922,2430"/>
                <Baseline points="931,2465 937,2465 982,2468 1026,2465 1071,2465 1116,2462 1161,2459 1206,2459 1250,2459 1295,2456 1340,2453 1385,2453 1429,2450 1474,2450 1519,2447 1564,2447 1609,2445 1653,2442 1698,2442 1743,2439 1788,2439 1833,2439 1877,2430"/>
                <TextEquiv>
                    <Unicode>Wie länge währt eine solche Option?</Unicode>
                </TextEquiv>
            </TextLine>
            <TextLine id="tr_1_tl_39" custom="readingOrder {index:38;}">
                <Coords points="430,2445 501,2461 547,2443 584,2458 640,2441 789,2452 791,2397 714,2405 661,2381 575,2397 507,2377 474,2403 432,2399"/>
                <Baseline points="441,2445 480,2442 525,2442 570,2439 614,2439 659,2436 704,2436 749,2436 794,2433"/>
                <TextEquiv>
                    <Unicode>Anfrage von Dr</Unicode>
                </TextEquiv>
            </TextLine>
            <TextLine id="tr_1_tl_40" custom="readingOrder {index:39;}">
                <Coords points="458,2498 476,2507 511,2494 523,2505 565,2489 580,2502 633,2505 677,2487 694,2498 719,2485 750,2491 767,2480 781,2485 783,2450 712,2454 690,2443 672,2454 640,2441 593,2458 549,2443 505,2461 459,2452"/>
                <Baseline points="468,2489 474,2489 519,2489 564,2486 609,2483 653,2483 698,2480 743,2477 788,2474"/>
                <TextEquiv>
                    <Unicode>in Optionsre</Unicode>
                </TextEquiv>
            </TextLine>
            <TextLine id="tr_1_tl_41" custom="readingOrder {index:40;}">
                <Coords points="926,2524 1594,2551 1771,2498 1876,2538 1879,2445 1663,2443 1594,2476 1526,2452 928,2476"/>
                <Baseline points="937,2510 943,2510 988,2513 1032,2513 1077,2510 1122,2510 1167,2507 1212,2504 1256,2501 1301,2501 1346,2501 1391,2501 1435,2501 1480,2498 1525,2498 1570,2498 1615,2498 1659,2492 1704,2489 1749,2486 1794,2483 1838,2480 1883,2483"/>
                <TextEquiv>
                    <Unicode>Hundfunksache irgendwie geäussert?</Unicode>
                </TextEquiv>
            </TextLine>
            <TextLine id="tr_1_tl_42" custom="readingOrder {index:41;}">
                <Coords points="540,2564 681,2564 708,2573 725,2562 743,2567 745,2498 725,2485 694,2500 679,2485 631,2505 580,2502 571,2492 542,2494"/>
                <Baseline points="549,2534 570,2531 614,2528 659,2528 704,2528 749,2522"/>
                <TextEquiv>
                    <Unicode>er sich</Unicode>
                </TextEquiv>
            </TextLine>
        </TextRegion>
        <TextRegion id="tr_2" custom="readingOrder {index:1;}">
            <Coords points="2188,675 3698,675 3698,2550 2188,2550"/>
            <TextLine id="tr_2_tl_1" custom="readingOrder {index:0;}">
                <Coords points="3001,730 3051,748 3074,734 3204,747 3318,736 3340,756 3400,741 3461,756 3461,661 3398,672 3378,657 3353,675 3276,661 3230,683 3193,661 3127,686 3062,666 3001,683"/>
                <Baseline points="3012,725 3057,725 3101,725 3146,725 3191,725 3236,725 3280,728 3325,728 3370,728 3415,728 3460,725 3466,728"/>
                <TextEquiv>
                    <Unicode>S.Fischer, Bl. 2</Unicode>
                </TextEquiv>
            </TextLine>
            <TextLine id="tr_2_tl_2" custom="readingOrder {index:1;}">
                <Coords points="2436,873 3413,873 3506,866 3506,798 2891,780 2750,829 2436,811"/>
                <Baseline points="2445,853 2489,853 2534,856 2579,856 2624,856 2668,856 2713,856 2758,853 2803,856 2848,856 2892,856 2937,859 2982,859 3027,856 3071,856 3116,856 3161,856 3206,856 3251,853 3295,856 3340,853 3385,853 3430,853 3474,850 3510,853"/>
                <TextEquiv>
                    <Unicode>10. Trotzdem die polnische Angelegenhaft.</Unicode>
                </TextEquiv>
            </TextLine>
            <TextLine id="tr_2_tl_3" custom="readingOrder {index:2;}">
                <Coords points="2192,913 3655,906 3642,853 2851,880 2192,840"/>
                <Baseline points="2203,883 2247,889 2292,898 2337,901 2382,904 2427,901 2471,901 2516,901 2561,901 2606,904 2650,901 2695,895 2740,895 2785,898 2830,898 2874,901 2919,901 2964,901 3009,901 3054,901 3098,898 3143,901 3188,901 3233,901 3277,901 3322,901 3367,901 3412,901 3457,901 3501,901 3546,901 3591,904 3636,901 3657,901"/>
                <TextEquiv>
                    <Unicode>„Spiel im Morgengrauen“ schon vor einem Jahre erledigt</Unicode>
                </TextEquiv>
            </TextLine>
            <TextLine id="tr_2_tl_4" custom="readingOrder {index:3;}">
                <Coords points="2200,948 3634,955 3634,917 3442,902 2200,910"/>
                <Baseline points="2209,943 2253,946 2298,943 2343,943 2388,946 2433,946 2477,946 2522,946 2567,946 2612,946 2656,946 2701,946 2746,943 2791,943 2836,946 2880,946 2925,943 2970,943 3015,943 3059,946 3104,946 3149,946 3194,946 3239,946 3283,946 3328,943 3373,943 3418,946 3463,946 3507,946 3552,946 3597,946 3639,943"/>
                <TextEquiv>
                    <Unicode>und die Summe von 150 Mk. mir verrechnet wurde, glaube</Unicode>
                </TextEquiv>
            </TextLine>
            <TextLine id="tr_2_tl_5" custom="readingOrder {index:4;}">
                <Coords points="2201,1005 3605,997 3605,955 3550,950 2201,948"/>
                <Baseline points="2212,988 2256,988 2301,988 2346,988 2391,988 2436,988 2480,988 2525,988 2570,988 2615,991 2659,988 2704,988 2749,988 2794,991 2839,991 2883,991 2928,988 2973,988 3018,991 3062,991 3107,988 3152,991 3197,988 3242,991 3286,991 3331,988 3376,991 3421,988 3466,991 3510,991 3555,988 3600,988 3609,988"/>
                <TextEquiv>
                    <Unicode>ich doch, dass wir Bedingungen dieser Art prinzipiell</Unicode>
                </TextEquiv>
            </TextLine>
            <TextLine id="tr_2_tl_6" custom="readingOrder {index:5;}">
                <Coords points="2196,1047 3568,1049 3607,996 2196,999"/>
                <Baseline points="2206,1032 2250,1035 2295,1032 2340,1032 2385,1032 2430,1032 2474,1035 2519,1035 2564,1032 2609,1032 2653,1035 2698,1035 2743,1035 2788,1032 2833,1032 2877,1035 2922,1035 2967,1035 3012,1035 3057,1035 3101,1035 3146,1035 3191,1032 3236,1032 3280,1032 3325,1032 3370,1032 3415,1032 3460,1035 3504,1032 3549,1032 3594,1032 3612,1032"/>
                <TextEquiv>
                    <Unicode>nicht akzeptieren sollten. Dergleichen Honorare sind</Unicode>
                </TextEquiv>
            </TextLine>
            <TextLine id="tr_2_tl_7" custom="readingOrder {index:6;}">
                <Coords points="2201,1089 3627,1091 3600,1038 2201,1049"/>
                <Baseline points="2212,1080 2242,1077 2286,1080 2331,1077 2376,1077 2421,1077 2465,1080 2510,1080 2555,1077 2600,1077 2645,1077 2689,1077 2734,1077 2779,1080 2824,1077 2868,1077 2913,1080 2958,1077 3003,1077 3048,1077 3092,1080 3137,1080 3182,1080 3227,1080 3271,1077 3316,1080 3361,1080 3406,1077 3451,1077 3495,1077 3540,1077 3585,1077 3630,1074"/>
                <TextEquiv>
                    <Unicode>eigentlich nicht viel bessere als ein Alibi für Dieb-</Unicode>
                </TextEquiv>
            </TextLine>
            <TextLine id="tr_2_tl_8" custom="readingOrder {index:7;}">
                <Coords points="2194,1155 2229,1155 2258,1138 2293,1155 2319,1138 2333,1147 2375,1142 2374,1103 2344,1100 2320,1083 2304,1089 2291,1083 2269,1094 2244,1083 2192,1093"/>
                <Baseline points="2203,1119 2247,1122 2292,1122 2337,1122 2376,1125"/>
                <TextEquiv>
                    <Unicode>stall.</Unicode>
                </TextEquiv>
            </TextLine>
            <TextLine id="tr_2_tl_9" custom="readingOrder {index:8;}">
                <Coords points="2560,1224 2712,1197 3016,1230 3611,1219 3609,1160 3547,1147 3493,1177 3298,1179 3080,1138 2558,1151"/>
                <Baseline points="2570,1206 2585,1206 2630,1209 2674,1212 2719,1206 2764,1209 2809,1209 2854,1209 2898,1212 2943,1209 2988,1209 3033,1209 3077,1212 3122,1212 3167,1212 3212,1215 3257,1212 3301,1212 3346,1209 3391,1209 3436,1209 3480,1209 3525,1209 3570,1209 3615,1203"/>
                <TextEquiv>
                    <Unicode>"Über "Therese" habe ich persönlich mit</Unicode>
                </TextEquiv>
            </TextLine>
            <TextLine id="tr_2_tl_10" custom="readingOrder {index:9;}">
                <Coords points="2183,1276 3601,1268 3601,1219 2183,1221"/>
                <Baseline points="2194,1256 2218,1253 2262,1250 2307,1253 2352,1250 2397,1253 2442,1253 2486,1256 2531,1256 2576,1256 2621,1256 2665,1256 2710,1256 2755,1253 2800,1253 2845,1253 2889,1253 2934,1253 2979,1253 3024,1256 3068,1256 3113,1253 3158,1253 3203,1253 3248,1256 3292,1256 3337,1256 3382,1256 3427,1256 3471,1256 3516,1253 3561,1253 3606,1247"/>
                <TextEquiv>
                    <Unicode>Rantheon (7½ mit Carantie von S.1500.-) abgeschlos-</Unicode>
                </TextEquiv>
            </TextLine>
            <TextLine id="tr_2_tl_11" custom="readingOrder {index:10;}">
                <Coords points="2185,1308 2212,1312 2236,1308 2267,1329 2291,1314 2320,1316 2322,1265 2313,1265 2300,1274 2291,1268 2286,1272 2253,1265 2236,1270 2214,1266 2200,1276 2187,1270"/>
                <Baseline points="2197,1298 2236,1298 2280,1298 2325,1295"/>
                <TextEquiv>
                    <Unicode>sen.</Unicode>
                </TextEquiv>
            </TextLine>
            <TextLine id="tr_2_tl_12" custom="readingOrder {index:11;}">
                <Coords points="2454,1398 3517,1415 3634,1402 3634,1329 3514,1358 3327,1356 3241,1312 2454,1338"/>
                <Baseline points="2465,1385 2492,1385 2537,1388 2582,1388 2627,1385 2671,1385 2716,1382 2761,1385 2806,1385 2851,1388 2895,1388 2940,1385 2985,1388 3030,1388 3074,1388 3119,1385 3165,1380 3165,1380 3212,1379 3257,1382 3301,1379 3346,1391 3391,1391 3436,1388 3480,1391 3525,1388 3570,1385 3615,1385 3639,1388"/>
                <TextEquiv>
                    <Unicode>12. In Amerika erscheint "Theread", wie alle</Unicode>
                </TextEquiv>
            </TextLine>
            <TextLine id="tr_2_tl_13" custom="readingOrder {index:12;}">
                <Coords points="2192,1466 2337,1435 2481,1468 3393,1459 3393,1418 3332,1396 2557,1409 2192,1374"/>
                <Baseline points="2203,1429 2247,1432 2292,1429 2337,1429 2382,1429 2427,1432 2471,1432 2516,1432 2561,1432 2606,1432 2650,1432 2695,1432 2740,1432 2785,1435 2830,1432 2874,1432 2919,1429 2964,1432 3009,1432 3054,1432 3098,1432 3143,1429 3188,1432 3233,1429 3277,1429 3322,1429 3367,1432 3397,1429"/>
                <TextEquiv>
                    <Unicode>meine letzten Novellen bei Schuster &amp; Simon.</Unicode>
                </TextEquiv>
            </TextLine>
            <TextLine id="tr_2_tl_14" custom="readingOrder {index:13;}">
                <Coords points="2454,1526 3660,1534 3660,1468 3611,1462 2454,1473"/>
                <Baseline points="2465,1516 2510,1519 2555,1519 2600,1519 2645,1519 2689,1519 2734,1513 2779,1516 2824,1516 2868,1516 2913,1516 2958,1516 3003,1516 3048,1519 3092,1519 3137,1516 3182,1516 3227,1513 3271,1513 3316,1513 3361,1516 3406,1516 3451,1522 3495,1519 3540,1519 3585,1519 3630,1519 3663,1516"/>
                <TextEquiv>
                    <Unicode>13. Ueber "Cananovas Heimfahrt" habe ich mit</Unicode>
                </TextEquiv>
            </TextLine>
            <TextLine id="tr_2_tl_15" custom="readingOrder {index:14;}">
                <Coords points="2187,1574 3612,1574 3612,1526 3310,1508 3217,1539 2187,1515"/>
                <Baseline points="2197,1561 2242,1561 2286,1561 2331,1561 2376,1561 2421,1561 2465,1564 2510,1561 2555,1561 2600,1561 2645,1561 2689,1561 2734,1564 2779,1564 2824,1564 2868,1567 2913,1564 2958,1564 3003,1564 3048,1564 3092,1564 3137,1564 3182,1567 3227,1567 3271,1567 3316,1561 3361,1558 3406,1558 3451,1561 3495,1558 3540,1561 3585,1564 3615,1567"/>
                <TextEquiv>
                    <Unicode>Nathan- und Morris Rémon abgeschlossen in Frankreich.</Unicode>
                </TextEquiv>
            </TextLine>
            <TextLine id="tr_2_tl_16" custom="readingOrder {index:15;}">
                <Coords points="2205,1620 3550,1616 3550,1572 3501,1570 2205,1568"/>
                <Baseline points="2215,1612 2256,1606 2301,1606 2346,1609 2391,1606 2436,1606 2480,1606 2525,1606 2570,1609 2615,1609 2659,1609 2704,1606 2749,1609 2794,1606 2839,1609 2883,1609 2928,1606 2973,1609 3018,1609 3062,1606 3107,1606 3152,1606 3197,1606 3242,1609 3286,1606 3331,1606 3376,1606 3421,1606 3466,1606 3510,1603 3555,1597"/>
                <TextEquiv>
                    <Unicode>[Ich glaube nicht, dass die verramschten Exemplare</Unicode>
                </TextEquiv>
            </TextLine>
            <TextLine id="tr_2_tl_17" custom="readingOrder {index:16;}">
                <Coords points="2233,1649 3695,1684 3695,1614 3589,1603 2233,1614"/>
                <Baseline points="2242,1638 2286,1647 2331,1650 2376,1650 2421,1650 2465,1650 2510,1650 2555,1650 2600,1650 2645,1653 2689,1650 2734,1650 2779,1650 2824,1653 2868,1653 2913,1653 2958,1653 3003,1650 3048,1650 3092,1653 3137,1650 3182,1650 3227,1650 3271,1650 3316,1650 3361,1653 3406,1650 3451,1650 3495,1647 3540,1647 3585,1650 3630,1653 3674,1653 3698,1653"/>
                <TextEquiv>
                    <Unicode>„Casanova“ in der üblen Kriegsausgabe einem anständigen</Unicode>
                </TextEquiv>
            </TextLine>
            <TextLine id="tr_2_tl_18" custom="readingOrder {index:17;}">
                <Coords points="2187,1704 3572,1700 3537,1660 2187,1642"/>
                <Baseline points="2197,1692 2233,1695 2277,1695 2322,1695 2367,1692 2412,1695 2456,1695 2501,1695 2546,1695 2591,1695 2636,1695 2680,1695 2725,1692 2770,1695 2815,1698 2859,1695 2904,1695 2949,1695 2994,1698 3039,1698 3083,1698 3128,1698 3173,1695 3218,1695 3262,1695 3307,1695 3352,1695 3397,1695 3442,1695 3486,1695 3531,1695 3576,1689"/>
                <TextEquiv>
                    <Unicode>Neudruck in hübscher Ausstattung Konkurrenz machen</Unicode>
                </TextEquiv>
            </TextLine>
            <TextLine id="tr_2_tl_19" custom="readingOrder {index:18;}">
                <Coords points="2196,1748 3576,1755 3576,1696 2196,1704"/>
                <Baseline points="2206,1740 2236,1740 2280,1740 2325,1737 2370,1740 2415,1740 2459,1740 2504,1737 2549,1740 2594,1740 2639,1740 2683,1737 2728,1740 2773,1740 2818,1740 2862,1740 2907,1740 2952,1740 2997,1740 3042,1740 3086,1740 3131,1737 3176,1740 3221,1734 3265,1734 3310,1737 3355,1737 3400,1740 3445,1737 3489,1737 3534,1734 3579,1725"/>
                <TextEquiv>
                    <Unicode>könnten. Uebrigens existieren auch die „Schwestern“</Unicode>
                </TextEquiv>
            </TextLine>
            <TextLine id="tr_2_tl_20" custom="readingOrder {index:19;}">
                <Coords points="2201,1788 3550,1792 3550,1748 3490,1744 2201,1748"/>
                <Baseline points="2212,1776 2256,1779 2301,1782 2346,1782 2391,1782 2436,1782 2480,1782 2525,1782 2570,1782 2615,1782 2659,1782 2704,1776 2749,1782 2794,1782 2839,1785 2883,1785 2928,1785 2973,1785 3018,1785 3062,1782 3107,1782 3152,1785 3197,1785 3242,1782 3286,1782 3331,1785 3376,1782 3421,1782 3466,1782 3510,1782 3555,1779"/>
                <TextEquiv>
                    <Unicode>(“Casanova in Spa“) in einer solchen schon an sich</Unicode>
                </TextEquiv>
            </TextLine>
            <TextLine id="tr_2_tl_21" custom="readingOrder {index:20;}">
                <Coords points="2192,1839 3655,1845 3638,1786 2192,1786"/>
                <Baseline points="2203,1827 2224,1827 2268,1827 2313,1827 2358,1827 2403,1824 2447,1827 2492,1827 2537,1827 2582,1827 2627,1827 2671,1830 2716,1827 2761,1827 2806,1830 2851,1830 2895,1830 2940,1827 2985,1827 3030,1827 3074,1827 3119,1824 3164,1830 3209,1833 3254,1830 3298,1827 3343,1827 3388,1830 3433,1830 3477,1830 3522,1830 3567,1830 3612,1830 3657,1824"/>
                <TextEquiv>
                    <Unicode>kaum mehr heute verkäuflichen Ausgabe. Die Entschlies-</Unicode>
                </TextEquiv>
            </TextLine>
            <TextLine id="tr_2_tl_22" custom="readingOrder {index:21;}">
                <Coords points="2191,1903 2278,1911 2326,1878 2445,1911 3252,1898 3252,1841 3193,1834 2191,1839"/>
                <Baseline points="2200,1874 2244,1874 2289,1871 2334,1874 2379,1874 2424,1874 2468,1871 2513,1874 2558,1874 2603,1871 2648,1871 2692,1871 2737,1871 2782,1874 2827,1871 2871,1871 2916,1871 2961,1871 3006,1874 3051,1874 3095,1874 3140,1874 3185,1874 3230,1874 3257,1877"/>
                <TextEquiv>
                    <Unicode>sungen stehen natürlich ganz bei Ihnen.</Unicode>
                </TextEquiv>
            </TextLine>
            <TextLine id="tr_2_tl_23" custom="readingOrder {index:22;}">
                <Coords points="2452,1969 3634,1987 3609,1916 2452,1912"/>
                <Baseline points="2462,1958 2507,1958 2552,1961 2597,1961 2642,1964 2686,1961 2731,1961 2776,1961 2821,1961 2865,1958 2910,1961 2955,1961 3000,1961 3045,1961 3089,1961 3134,1961 3179,1961 3224,1961 3268,1958 3313,1961 3358,1961 3403,1961 3448,1964 3492,1961 3537,1961 3582,1961 3627,1961 3639,1961"/>
                <TextEquiv>
                    <Unicode>Und nun ist es vielleicht schon an der Zeit</Unicode>
                </TextEquiv>
            </TextLine>
            <TextLine id="tr_2_tl_24" custom="readingOrder {index:23;}">
                <Coords points="2191,2018 3515,2008 3486,1969 2829,1989 2191,1949"/>
                <Baseline points="2200,2003 2244,2003 2289,2003 2334,2003 2379,2003 2424,2003 2468,2003 2513,2006 2558,2006 2603,2003 2648,2003 2692,2006 2737,2006 2782,2006 2827,2009 2871,2006 2916,2006 2961,2006 3006,2009 3051,2009 3095,2009 3140,2006 3185,2006 3230,2006 3274,2006 3319,2006 3364,2006 3409,2006 3454,2006 3498,2003 3519,2003"/>
                <TextEquiv>
                    <Unicode>nach Ihren Som erplänen zu fragen. Ich habe eine</Unicode>
                </TextEquiv>
            </TextLine>
            <TextLine id="tr_2_tl_25" custom="readingOrder {index:24;}">
                <Coords points="2192,2053 3532,2059 3504,2009 2192,2011"/>
                <Baseline points="2203,2047 2239,2047 2283,2050 2328,2047 2373,2047 2418,2047 2462,2047 2507,2047 2552,2047 2597,2047 2642,2050 2686,2050 2731,2047 2776,2050 2821,2047 2865,2047 2910,2047 2955,2050 3000,2047 3045,2050 3089,2047 3134,2047 3179,2047 3224,2047 3268,2050 3313,2050 3358,2050 3403,2053 3448,2050 3492,2050 3537,2044"/>
                <TextEquiv>
                    <Unicode>schöne Schiffsreise hin‘ er mir, wie Sie wissen, gehe</Unicode>
                </TextEquiv>
            </TextLine>
            <TextLine id="tr_2_tl_26" custom="readingOrder {index:25;}">
                <Coords points="2196,2097 3625,2112 3625,2057 3563,2046 2196,2059"/>
                <Baseline points="2206,2092 2242,2092 2286,2092 2331,2092 2376,2089 2421,2092 2465,2092 2510,2092 2555,2092 2600,2092 2645,2092 2689,2092 2734,2092 2779,2092 2824,2092 2868,2092 2913,2095 2958,2092 3003,2092 3048,2092 3092,2095 3137,2095 3182,2092 3227,2092 3271,2095 3316,2095 3361,2092 3406,2095 3451,2092 3495,2092 3540,2092 3585,2092 3630,2089"/>
                <TextEquiv>
                    <Unicode>vielleicht im Lauf des Juni für ein paar Tage ins Ge-</Unicode>
                </TextEquiv>
            </TextLine>
            <TextLine id="tr_2_tl_27" custom="readingOrder {index:26;}">
                <Coords points="2196,2145 3598,2148 3550,2101 2196,2097"/>
                <Baseline points="2206,2134 2250,2137 2295,2137 2340,2137 2385,2137 2430,2134 2474,2137 2519,2140 2564,2140 2609,2137 2653,2140 2698,2137 2743,2137 2788,2137 2833,2137 2877,2137 2922,2140 2967,2140 3012,2140 3057,2140 3101,2140 3146,2137 3191,2137 3236,2137 3280,2137 3325,2140 3370,2137 3415,2140 3460,2137 3504,2140 3549,2140 3594,2140 3603,2140"/>
                <TextEquiv>
                    <Unicode>birge und bleibe dann bis gegen den Herbst in Wien.</Unicode>
                </TextEquiv>
            </TextLine>
            <TextLine id="tr_2_tl_28" custom="readingOrder {index:27;}">
                <Coords points="2191,2185 2915,2220 3583,2194 3583,2156 3453,2137 2191,2148"/>
                <Baseline points="2200,2179 2244,2179 2289,2179 2334,2179 2379,2179 2424,2182 2468,2182 2513,2182 2558,2182 2603,2182 2648,2182 2692,2185 2737,2185 2782,2185 2827,2182 2871,2185 2916,2185 2961,2188 3006,2188 3051,2185 3095,2185 3140,2185 3185,2182 3230,2182 3274,2185 3319,2185 3364,2185 3409,2185 3454,2185 3498,2182 3543,2182 3588,2182"/>
                <TextEquiv>
                    <Unicode>Ich hoffe, es geht Ihnen Ellen gut und bin mit herz-</Unicode>
                </TextEquiv>
            </TextLine>
            <TextLine id="tr_2_tl_29" custom="readingOrder {index:28;}">
                <Coords points="2191,2240 2260,2244 2300,2231 2317,2244 2361,2238 2392,2256 2447,2245 2489,2262 2591,2260 2591,2196 2558,2198 2533,2181 2514,2194 2492,2185 2372,2196 2361,2187 2223,2196 2191,2185"/>
                <Baseline points="2200,2230 2236,2227 2280,2224 2325,2221 2370,2224 2415,2224 2459,2224 2504,2224 2549,2227 2594,2227"/>
                <TextEquiv>
                    <Unicode>lichen Grüssen</Unicode>
                </TextEquiv>
            </TextLine>
            <TextLine id="tr_2_tl_30" custom="readingOrder {index:29;}">
                <Coords points="2181,2505 2302,2494 2333,2509 2353,2491 2403,2524 2500,2496 2582,2525 2613,2513 2613,2439 2489,2436 2474,2449 2395,2454 2374,2438 2357,2454 2341,2443 2324,2454 2231,2425 2181,2427"/>
                <Baseline points="2191,2492 2236,2492 2280,2492 2325,2492 2370,2492 2415,2492 2459,2492 2504,2492 2549,2492 2594,2495 2618,2495"/>
                <TextEquiv>
                    <Unicode>Herrn S.Fischer.</Unicode>
                </TextEquiv>
            </TextLine>
            <TextLine id="tr_2_tl_31" custom="readingOrder {index:30;}">
                <Coords points="2178,2558 2198,2557 2214,2546 2223,2555 2256,2560 2266,2553 2278,2564 2297,2564 2308,2555 2335,2551 2342,2542 2368,2546 2366,2496 2353,2492 2333,2507 2302,2494 2275,2502 2264,2498 2233,2505 2196,2498 2176,2505"/>
                <Baseline points="2188,2534 2233,2534 2277,2534 2322,2537 2367,2537 2373,2540"/>
                <TextEquiv>
                    <Unicode>Berlin.</Unicode>
                </TextEquiv>
            </TextLine>
        </TextRegion>
    </Page>
</PcGts>
