3915 3560
2081 674 2536 797 J. Tischer
3207 765 3494 866 19.1.1931.
2307 933 3036 1071 Lieber Herr Doktor Maril.
2683 1066 3652 1143 Mit bestem Dank sende ich Ihnen den
2319 1126 3635 1200 Brief des Herrn Araquistain zurück und bin ganz
2322 1164 3635 1256 einverstanden, dass Sie die spanische Aufführungs-
2329 1217 3570 1318 angelegenheit "Der grüne Kakadu", "Die letzten
2320 1241 3626 1340 Masken, Anatol“ weiter und zu einem hofrentlich
2319 1314 2928 1408 positiven Ende führen.
2666 1360 3710 1458 Hat sich die ogsachische Angelegenheit
2338 1436 3660 1508 „Bernhardi“ von der Sie mir vor etlichen Monaten
2329 1460 3679 1550 schrieben, sowie die rumänische Verlagssache (ich
2332 1518 3672 1595 weise nicht mehr, um welche Hovelle es sich handel-
2332 1568 3275 1651 te) entwickelt oder gar realisiert?
2709 1614 3712 1725 Eine Frau Studienrätin Hippel, Berlin
2341 1687 3686 1763 W50, Schaperstr.6, hat sich wegen einer Schulausga-
2338 1708 3708 1811 be deutscher Draman,in die sie u.a. den "Bernhardi"
2344 1766 3705 1853 aufnehmen möchte,- frei natürlich - an mich gewandt
2341 1821 3667 1903 und wird sich mit dem Verlag direkt in Verbindung
2341 1870 3633 1973 setzen. Von meiner Seite steht der Sache nichts
2336 1937 2594 2011 entgegen.
2700 1985 3737 2071 "Der Gang zum Weiher" wird am Burgthea-
2344 2045 3719 2141 ter am 12. Februar zur Uraufführung gelangenwas Sie
2346 2105 3426 2178 freundlichst zur Kenntnis nehmen wollen.
2683 2149 3214 2243 Herzlichet grissend
2663 2226 3186 2302 Ihr sehr ergebener
2334 2324 2618 2391 1 Beilage
2350 2372 2931 2468 Herrn Dr. Konrad Maril,
2362 2445 3015 2538 8. Fischer,Verlag, Berlin.
