3872 3594
2029 683 2452 790 T. Tischer
3277 732 3541 843 9.5.1931.
2261 977 2661 1076 Lieber Freund.
2513 1083 3541 1176 Ich habe eben mit Dr. Horovitz im Sinne
2268 1156 3536 1214 Ihres letzten Schreibens vom 6.d.M. gesprochen.
2273 1200 3587 1270 Er wird an Sie wegen Beilage eines kleinen Pros-
2273 1246 3643 1336 pektblattes über mein bei ihm erschienenes Buch der
2280 1296 3138 1376 Sprüche und Bedenken“ schreiben.
2586 1355 3129 1461 Mit herzlichem Gruss
2620 1425 2719 1508 Ihr
2300 1563 3645 1662 Wäre es nicht möglich in Ihrem Prospekt den "Geist
2303 1641 3591 1697 im Wort" etc. an eine andere Stelle, etwa nach der
2292 1680 3568 1731 "Griechischen Tanzerin" von den Einzelausgaben
2292 1723 3620 1822 der Erzählenden Werke durch einen Strich getrennt
2286 1777 2574 1852 zu setzen?
2268 1915 2906 2023 Herrn S-Fischer, Verlag.
2286 1989 2470 2074 erlin.
