3915 3560
923 837 1837 953 Von der Aufführung des “Reigen” in
624 896 1867 990 London habe ich neulich auch privat gehört. Es
631 944 1788 1052 soll mich freuen, wenn von dort Tantiemen zu
639 1018 1209 1102 erhalten sein werden.
924 1060 1565 1166 Mit herzlichen Grüssen
953 1149 1059 1211 Ihr
669 1647 1391 1750 Herrn Dr.Gottfried Hermann,
705 1719 1144 1785 Fischer, Verlag.
673 1770 879 1849 Berlin.
2105 703 2593 849 J. Tischer
3326 762 3652 866 17.10.1931.
2447 928 2847 1027 Sieber Freund.
2676 1038 3726 1141 Ich sende hier eine Liste der Adressen.
2459 1097 3761 1176 an welche ich "Im Auftrage des Autors" gebundene
2459 1159 3781 1213 Exemplare meiner neuen Novelle zu senden bitte.
2459 1196 3739 1261 Zugleich ersuche ich um freundlichste Zusendung
2466 1228 3729 1307 einer Liste derjenigen Adressen, an die vom Ver-
2459 1283 3650 1349 lag aus ohnedies Exemplare abgehen (und zwar
2463 1320 3690 1394 in 2 Exemplaren), eines werde ich Ihnen zurück-
2461 1369 3734 1446 senden und diejenige Adressen bezeichnen, wo ich
2469 1396 3801 1493 gleichfalls Kärtchen “Im Auftrage des Autors“ bei-
2466 1468 2852 1555 zulegen bitte.
2704 1508 3779 1617 Die fällige Summe von Mk. 6250.- xxx bitte
2463 1573 3763 1662 womöglich mir nach Wien an mein Konto Creditan-
2459 1647 3672 1698 stalt überweisen zu lassen. Ich glaube nicht,
2466 1649 3786 1753 dass das ohneweiters gehen wird; wie man mir sagt
2469 1714 3680 1787 werden Sie beim Finanzamt vielleicht über den
2458 1758 3727 1835 Schutzverband um die Erlaubnis ansuchen müssen.
2458 1802 3685 1869 Als Grund wäre anzugeben, dass ich so ziemlich
2466 1847 3726 1948 meine ganzen Einkünfte aus Deutschland beziehe.
2702 1904 3734 2003 Der Antrag des rumänischen Verlage uns
2469 1991 3659 2067 für "Spiel im Morgengrauen" ein für alle Mal
2463 2025 3764 2095 100 Mark zu zahlen ist ja kläglich genug. Immer-
2466 2050 3813 2144 hin ist es besser als nichts,-vielleicht versucht
2466 2110 3642 2213 man doch noch eine Erhöhung durchzusetzen.
2734 2167 3712 2266 Ist Ihnen bekannt, ob mit dem Staats-
2478 2233 3753 2367 theater ein Vertrag über den "Gang zum Weiher'
2474 2298 3011 2390 abgeschlossen wurde?
2729 2348 3521 2451 Mit den herzlichsten Grüssen
2739 2434 2843 2515 Ihr
2478 2543 3108 2647 Herrn S, Fischer, Verlag,
2484 2612 2733 2682 Berlin W.
