3880 3688
2122 818 2617 921 T. Tischer
3222 843 3503 944 1.7.1931.
2389 1084 2919 1186 Lieber Herr Doktor.
2727 1180 3673 1285 Vor kurzem ist das "Weite Land" von
2401 1252 3640 1341 Berlin aus gesendet worden. Darf ich fragen, ob
2407 1297 3704 1378 von ihnen irgendwelche Abmachungen getroften wor-
2407 1338 3688 1434 den sind. Auf diesem Gebiete scheint neuerdings
2407 1386 3643 1460 von Seite der Hundfunkgesellschaften besondere
2407 1431 3409 1531 Eigenmächtigkeit eingerissen zu sein.
2703 1490 3656 1605 Herr Hübsch var schon vor etwa drei
2416 1531 3673 1640 Jahren bei mir und ich bedauerte damals mit ihm
2412 1596 3671 1691 nicht in nähere Verbindung treten zu kön-
2412 1638 3673 1721 nen, weil schon eine solche zwischen mir und dem
2416 1691 3653 1764 New Yorker Verlag Simon & Schuster bestand. So
2422 1737 3650 1810 hat dieser Verlag auch "Flucht in die Finster-
2411 1762 3736 1848 nis" schon vor längerer Zeit erworben, dagegen bin
2419 1823 3716 1907 ich augenblicklich für Enland noch frei und sehe
2422 1871 3604 1962 eventuellen Anträgen mit Interesse entgegen.
2681 1944 3196 2030 Mit besten Grüssen
2714 1998 3204 2094 Ihr sehr ergebener
2427 2247 3153 2350 Herrn Dr. Gottfried Hermann,
2449 2315 2902 2388 8. Fischer, Verlag,
2439 2366 2655 2429 Berlin.
2445 2439 3717 2524 P.S.Seit einiger Zeit werden durch den hiesigen
2452 2503 3731 2559 Buchnändler Lanyi immer Bücher zu herabgesetzten
2449 2539 3737 2605 Preisen angekündigt; in dieser Annonce figuriert
2447 2587 3719 2655 beinahe regelmässig der "Reigen" zu 3 S.50. Die
2455 2628 3660 2703 Vermutung scheint nicht ganz unbegründet, dass
2463 2661 3717 2744 es sich hier um die Reserven aus dem Harz'schen
2458 2731 3688 2800 Verlag handelt und es wird sich vielleicht em-
