3884 3512
419 801 1788 931 verzichten und der S.Fischer Verlag erst recht, aber
414 886 1786 969 ich finde es einfach unerträglich, dass ein Verleger
414 929 1764 1021 sei es aus schlechtem Willen, sei es ans dem Grunde
418 953 1824 1057 kommerzieller Missstände dauernd in der Lage bleiben
427 1023 1831 1106 sollte den Autor um die Vertriebs- und Ertragsmöglich-
418 1063 1813 1166 keit eines Werkes zu bringen, wie es hier ganz offen-
396 1128 884 1225 bar der Fall ist.
873 1191 1435 1296 Mit herzlichem Gruss
878 1260 976 1330 Ihr
455 1983 1083 2095 Herrn S.Fischer,Verlag,
457 2062 660 2120 Berlin.
3179 508 3530 674 Berlin
2039 591 2422 680 T. Tischer
1999 667 2109 718 comme le
2914 643 3207 752 23.6.1928.
2784 737 2984 900 Aan
2247 895 2679 1001 Lieber Freund.
3140 915 3246 974 G.C.F.P.
3114 960 3454 1023 Geschxxad xxx
2238 994 2344 1052 G.C.F.P.
2597 976 3695 1088 Auf Ihren Brief vom 11.6 zum Falle Harz:
2259 1061 3671 1142 Ich bin ganz Ihrer Meinung, dass, xxxz de Harz das Ur-
2268 1117 3669 1184 heberrecht nur bis zur 100. Auflage besitzt, mir ohne-
2267 1157 3635 1227 weiters eine Neuauflage veranstalten könnten. Wenn
2270 1198 3592 1278 Sie sich dazu entschliessen könnten, so würde ich
2283 1238 3626 1321 einrach in diesem Sinne an Harz schreiben, etwa so:
2274 1291 3617 1366 Aus unserer Korrespondenz geht zur Evidenz hervor,
2274 1334 3628 1408 dass Sie im Laufe der letzten 2,3 Jahre so gut wie
2277 1368 3642 1453 kein Exemplar des "Reigen verkauft haben. Ihr Ver-
2277 1412 3662 1502 lagsrecht ist bekanntlich mit der 100. Auflage abge-
2274 1460 3675 1536 laufen. Da Sie Ihren Restbestand nicht zu einem mög-
2279 1509 3662 1594 lichen Preise hergeben wollen, aber ihr Verlagsrecht
2277 1558 3604 1634 und -Pflicht, aus welchen Gründen immer nicht aus-
2281 1594 3593 1677 üben, so werde ich (werden wir, S.F. und ich) ohne
2283 1650 3592 1728 jede weitere Rücksicht auf Sie eine neue Ausgabe
2288 1676 3611 1762 des „Reigens“ veranstalten, wovon ich Sie der Ord-
2283 1739 3073 1844 nung wegen in Kenntnis setze.
2630 1782 3696 1887 Dass Herrn Harz gerad- in die Verbrei-
2283 1860 3687 1932 tung verboten sein sollte, halte ich für ausgeschlos-
2286 1914 3680 1981 sen. Ich bin nach wie vor der Meinung, dass sein Be¬
2296 1941 3675 2026 stand zum grossen Teil oder ganz verpfändet ist und
2296 1994 3624 2070 er die Kaufsumme benötigen würde einfach um
2292 2030 3676 2118 die Exemplare auszulösen. Aber selbst wenn ein sol-
2296 2082 3648 2165 ches Verbot bestände (was doch unbedingt in Erfah-
2292 2131 3653 2200 rung zu bringen sein muss) ginge uns das nicht das
2292 2158 3713 2243 allergeringste an. Ich möchte doch sehen, ob es heute
2292 2227 3689 2297 noch nach all dem, was ungehindert gedruckt und ver-
2297 2265 3716 2364 triepen wird, ein Staatsanwalt wagen würde den "Rei-
2297 2306 3676 2380 gen zu beschlagnahmen. Und wenn doch, nur umso bes-
2301 2344 3756 2426 ser. Dass eine solche Beschlagnahme auf dem kürzesten
2297 2393 3725 2471 Wege wieder aufgehoben werden müsste, ist zweifellos.
2306 2447 3680 2512 Es handelt sich hier wirklich um eine prinzipielle
2296 2484 3725 2588 Frage. Ich kann in meinem Gesamtwerk auf den "Reigen
