3927 3705
2751 782 3407 1040 Reit 1.1928
2086 799 2554 982 S. Fischer.
2270 1130 2685 1189 Lieber Freund,
2687 1218 3662 1306 Beigeschlossen die Antwort von Harz,
2289 1294 3591 1366 die vor einigen Tagen an mich gelangt ist und um
2286 1326 3607 1406 deren Rücksendung ich sehr bitte. Das Wesentliche
2291 1366 3645 1462 erscheint mir, dass wie er schreibt, heute plötzlich
2289 1433 3529 1497 nicht mehr ganz 4000 Exemplare vorhanden sind,
2294 1466 3507 1547 nachdem vor einem halben Jahr etwa noch 4521
2293 1518 3564 1583 da waren und xx im Laufe von 1½ Jahren ungefähr
2289 1569 3590 1633 kein einziges Exemplar verkauft worden war, d.h.
2294 1602 3614 1671 also, dass Herr Harz ganz nach seinem Belieben die
2291 1647 3638 1721 Exemplare zurückhalten oder verkaufen kann. Jetzt,
2291 1690 3597 1776 wo er eine Gefahr nahen sieht, bringt er das Buch
2294 1733 3512 1810 in den Handel, lässt man ihn in Ruhe,so wird
2289 1747 3672 1857 er sich um das Buch wieder nicht kümmern. Was also
2298 1822 3400 1931 tun? Ich habe ihm noch nicht geschrieben.
2689 1878 3671 1965 Bei Prof. Brecka handelt es sich wohl
2289 1957 3643 2039 um eine Uebersetzung ins Czechische, nicht ins Pol-
2294 1996 3614 2074 nische (ein Versehen in dem Brief vom 30½ Oktober)
2284 2046 3547 2129 Mit 10% Tantieme könnte man sich wohl begnügen
2291 2088 3638 2167 eine Anzahlung von 1000 c.K., die wohl wahrschein-
2289 2136 3641 2210 lich für "Fräulein Else" geleistet wurde, erscheint
2291 2184 3593 2256 mir für „Therese“ viel zu gering, unter 3000 c.K.
2294 2239 3221 2315 bitte das Hecht nicht zu vergeben.
2728 2272 3669 2370 Wurde mit der Agence lit, Int. Paris
2298 2349 3678 2436 in Hinsicht auf das französische Uebersetzungsrecht
2298 2406 3164 2505 der "Therese" weiter verhandelt?
2723 2456 3603 2554 Für die freundliche Uebersendung
2542 2496 2672 2560 G.H.P
2298 2532 3678 2608 des Artikels von Frau Nettesheim danke ich bestens.
2970 2577 3648 2646 "Therese" in mancher Hin-
2298 2599 3001 2663 Die Dame überschätzt die
2303 2625 3633 2699 sicht und dass hier ein "grossartiger Beginn sich
2296 2675 3603 2737 kündet“, ist ein liebenswürdiger Irrtum, der seine
2298 2713 3626 2784 Entstehung, wie mich dünkt, der jetzt allgemein üb-
2296 2758 3652 2844 lichen, sagen wir sozialpolit: schen Einstellung als
2294 2809 3640 2939 asthetischer Betrachtungsweise verdankt. Aber wie
