3912 3496
721 756 1762 867 Ich erbat vor kurzem Einbandmuster für
509 840 1817 917 Therese“ und erwarte gern freundliche Erledigung
511 889 1717 991 dieser und anderer Bitten in meinem letzten
509 948 713 1023 Briefe.
730 961 1741 1080 Ich hoffe. Sie haben eine sehr schöne
512 1057 1841 1167 Reise gehabt und sind wohl und vergnügt zurückge-
519 1128 725 1210 kommen.
788 1177 1398 1289 Mit herzlichen Grüssen
790 1260 883 1333 Ihr
548 2166 1150 2259 Herrn Dr. Konrad Maril,
555 2236 1020 2310 S.Fischer,Verlag.
548 2284 757 2358 Berlin.
2089 569 2747 686 G. Fischer Verlag
2910 682 3510 788 Thien 11.2.1928.
2355 817 2893 903 Lieber Herr Doktor.
2682 937 3726 1040 Ich habe natürlich nichts dagegen, dass
2360 1004 3602 1068 der "Blinde Geronimo" und die "Weissagung" in
2360 1051 3715 1124 englischen Schulbüchern aufgenommen werden. "Gero-
2367 1105 3688 1158 nimo ist auch schon in einer schwedischen Schul-
2360 1153 3583 1222 ausgabe und, irre ich mich nicht, auch in einer
2363 1191 3673 1261 amerikanischen Schulausgabe veröffentlicht. Ich
2360 1236 3647 1304 denke man könnte für jede der Erzählungen 15-20
2358 1282 3611 1350 Pfund verlangen und das Alleinrecht müsste man
2363 1326 3556 1400 natürlich war auf Schulausgaben beschränken.
2680 1398 3664 1489 Das Abdrucksrecht des "Garonimo" für
2355 1457 3563 1525 die Wiesbadner Volksbücher braucht natürlich
2363 1510 3580 1561 nicht auf sehn Jahre beschränkt zu werden; es
2356 1529 3688 1607 müsste aber nachher wieder auf den Verlag zurück-
2358 1602 3686 1657 fallen, wenn keine neuen Auflagen gedruckt werden,
2360 1640 3614 1691 doch bliebe dem Wiesbadner Verlag ein Options-
2355 1686 3621 1739 recht gewahrt. Dass die Leute immer wieder von
2358 1729 3693 1784 xdem aussergewöhnlich hohen Honorar sprechen ist
2355 1775 3587 1827 doch wahrhaftig ennervant. Sie waren ja sogar
2355 1818 3607 1880 schon bereit auf einmal mehr zu zahlen und wir
2353 1866 3553 1914 haben ihnen vorgeschlagen lieber zuerst nur
2358 1899 3686 1966 500 Mk. und dann für weitere 10.000 eine Nachzah-
2355 1952 3659 2015 lung zu leisten. Das ist doch kein Opfer, das wir
2360 2000 3638 2053 von ihnen verlangen. Im übrigen sende ich Ihnen
2355 2045 3673 2104 hier die Abschrift eines Briefes, den ich schon
2358 2087 3662 2137 29.Oktober v.J. an den Wiesbadner Volksbildungs-
2360 2123 3691 2187 Verein geschrieben habe. Vielleicht kann er Ihnen
2351 2176 3705 2235 durch die präzise Formulierung meines Standpunkts,
2358 2226 3733 2303 den Sie doch teilen, in künftigen Fällen von Natzen
2356 2266 2514 2338 sein.
3153 2283 3523 2372 der “Therege“.
2615 2324 3697 2408 In der letzten Korrektur habe ich keine
2346 2391 3705 2461 weiteren Veränderungen vorgenommen, es ist ja, wie
2355 2447 3647 2502 ich beim Vergleich mit der vorigen konstatieren
2346 2476 3673 2569 konnte, alles berücksichtigt worden. Ueber Einhand
