3895 3495
973 848 1057 930 G.F.P.
410 919 1698 1049 Restbestand verkauft wäre und Neudruck erfolgen
404 1019 617 1096 könnte.
1323 1025 1452 1094 d.h.
656 1034 1806 1161 6. Dass diese Transaktion die Ueber-
410 1096 1907 1202 nahme des "Reigen" durch meinen angestammten Ver-Kirchen
425 1157 1918 1241 lag von mir keineswegs aus einem "finanziellen Gewinn-
421 1197 1806 1293 angestrebt wird, ersehen Sie aus meinen Vorschlägen.
425 1251 1750 1334 Es handelt sich mir nicht so sehr darum.dass der
421 1280 1845 1374 "Reigen" endlich in einem anderen, sondern darum, dass
419 1344 1728 1426 er im Verlage S.Fischer erscheine und aus meiner
427 1366 1787 1480 Ansicht, dass gerade in diesem speziellen Fall auch
434 1426 1787 1504 der Verlag einen gewissen Wert darauf legen müsste
431 1469 1812 1569 habe ich Ihnen und Herrn Fischer persönlich niemals
436 1532 902 1635 ein Hehl gemacht.
677 1560 1769 1683 7. Herrn Harz habe ich vorläufig auf den
434 1642 1744 1728 letzten Brief vom 12. d. M. noch nicht geantwortet
444 1698 1705 1793 und sehe Ihren Entscheidungen resp. Vorschlägen
432 1767 855 1843 gerne entgegen.
678 1808 1808 1899 Es ist mir ein angenehmes Bewusstsein Sie
444 1873 1743 1966 in meiner Meinung über die holländische Urheber-
440 1901 1832 2011 rechtsverletzung an meiner Seite zu wissen, Ich wur-
449 1948 1882 2048 de Sie nun bitten ohne weiter auf die rein juridische
449 1998 1832 2086 Seite der Frage einzugehen Ihren Vertreter nochmals
449 2046 1871 2136 aufzufordern in meinem und Ihrem Namen die Tantièmen
447 2087 1812 2173 einzufordern und irgend eine Antwort des holländi-
455 2136 1819 2223 schen Direktors zu provozieren. Sollten wir keinen
453 2169 1879 2276 positiven Erfolg erzielen, so möchte ich mich in die-
451 2227 1873 2307 ser Sache an einen mir persönlich sehr gut bekannten
451 2279 1871 2397 holländischen Rechtsanwalt Dr.Tels wenden, um die An-
455 2337 1271 2440 gelegenheit weiter zu führen.
731 2365 1847 2479 Was den (übrigens offenbar noch nicht ak-
451 2449 1813 2535 tuellen). Wunsch von Magda Sonja anbelangt bei der
451 2488 1881 2589 Vorführung ihres nächsten Films (Sie schrieben Ihres
444 2551 1881 2702 mit grossem 1.es soll aber wohl heissen ihres klein¬
3168 628 3439 716 S.Fischer
3222 680 3509 759 15.3.1928.
2266 736 3489 835 geschrieben) in der "Frau mit dem Dolch" auf-
2266 790 3509 872 zutreten, so handelt es sich offenbar um irgend
2272 833 3591 915 eine einmalige Aufführung in einem nicht angemes-
2272 883 3541 971 senen Rahmen und ich bitte hiezu keineswegs die
2268 941 2865 1031 Erlaubnis zu erteilen.
2481 1010 3601 1081 Die neuen Musterbände sind noch nicht an-
2270 1042 3627 1152 gelangt es ist gewiss möglich, dass ich bei anderer
2276 1100 3627 1176 Farbenwirkung die Zierleiste entsprechender finden
2276 1148 3573 1221 werde, es war vor all m die Farbe, die ich so un-
2272 1182 3660 1269 leidlich fand, eine Ansicht, die ohne Augustivfragen
2276 1251 3245 1347 meinerseits allgemein geteilt wurde.
2488 1297 3528 1390 Möchten Sie vielleicht ein umbrochenes
2266 1359 3614 1441 Exemplar an Fräulein Viola Gabriele Schlesinger,
2266 1429 3534 1502 Wien III. Neulinggasse 16, senden. Dr. Lothar und
2272 1467 3530 1541 Dr. Auernheimer haben wohl schon meinem neulich
2281 1474 3601 1575 ausgesprochenen Wunsch zufolge je eines erhalten?
2281 1560 3511 1620 Bleibt es auch dabei, dass das Referat für die
2285 1577 3590 1700 Neue Rundschau Herrn Dr.Viktor Zuckerhandl zuge-
2287 1662 2622 1739 teilt wurde?
2516 1731 3077 1808 Mit herzlichem Gruss
2525 1791 2628 1849 Ihr
2285 1905 2606 1992 & Beilagen.
2294 2087 2896 2166 Herrn Dr. Konrad Maril,
2300 2143 2764 2222 Fischer,Verlag.
2292 2182 2494 2259 Berlin.
