3883 3561
3447 631 3580 716 + +
1996 710 2446 813 P. Fischer
3087 762 3412 860 29.11.1930.
2233 1012 2645 1104 Lieber Freund.
1193 1041 1313 1135 P.S.
2497 1056 3434 1196 Wenn Harz tatsächlich das Verlags-
2263 1134 3409 1240 recht an "Reigen" an die Firma H. Schmidt &
2263 1181 3456 1298 u. Günther oder an sonst eine Firma verpfan-
2274 1239 3425 1327 det hat, so wäre das eine, sagen wir, aus Kri-
2263 1259 3461 1374 minelle grenzende Handlung, Das Verlagsrecht
2271 1318 3382 1432 des „Heigen“ war, wie Herr Harz sehr genau
2272 1353 3435 1470 weiss, worüber sowohl Dr.Rosenberger, Berlin,
2269 1403 3463 1508 wie Dr. B.Hofimann,Wien,Zeugnis ablegen kön-
2274 1442 3496 1546 nen, was aus der ganzen Korrespondenz zwischen
2280 1496 3461 1599 mir und Herz, zwischen Ihnen und Harz und ab-
2286 1528 3502 1639 schliessend aus Ihrer Abmachung mit Herrn Har
2282 1573 3482 1677 vom 28.Juni d.J. hervorgeht, immer nur von An
2288 1617 3447 1728 lagenreihe zu Auflagen reihe und zuletzt, wie
2286 1677 3420 1769 schon aus meinem Briefe an Harz vom xxx.12.
2294 1704 3484 1812 1.1922 hervorgeht,nur für die 79,-100 Auftag
2301 1751 3450 1850 im Besitz von Herrn Harz, darüber hinaus war
2295 1788 3487 1889 das Verlagsrecht ungeschmälert mein Eigentum
2298 1830 3467 1932 Nur auf dieser Basis war es mir möglich mit
2300 1876 3485 1973 Iknen zu verhandeln, auch hat Herr Harz weder
2307 1924 3411 2028 mündlich noch schriftlich jemals auf eine
2304 1964 3490 2066 Fortbestehen seines Verlagsrechtes An-
2316 2002 3479 2122 spruch erhoben. Wenn also Herr Harz, was ich
2310 2050 3478 2168 nicht glauben kann, auchdas Verlagerecht im
2307 2095 3449 2215 Allgemeinen verpfändet hat,so hätte er mit
2318 2140 3453 2247 vollem Bewuestsein mein eigenes Recht ver-
2318 2181 3481 2297 letzt und es könnte sich hier keineewegs um
2330 2224 3411 2342 eine gütliche Ordnung der Angelegenheit
2332 2262 3499 2379 sondern nur um das schärfste Vorgehen gegen
2332 2309 3490 2412 über einem Delikt handeln, dessen juridische
2330 2353 3517 2459 Bezeichnung man eventuell der Anklagebehörde
2327 2399 3517 2508 überlassen könnte. Sie sind hoffentlich mei-
2339 2437 3522 2558 ner Ansicht, dass der Brief der Firma H.Schm!
2344 2487 3487 2589 und C.Günther keine weitere Verzögerung in
2342 2523 3504 2636 dem Erscheinungstermin des "Reigen" im Ver-
2344 2593 3111 2696 lag S.Fiecher bedeuten darf.
2528 2639 3087 2728 Mit herzlichen Gruss
2911 2686 3013 2763 Ihr
