3868 3415
323 772 1760 921 milder zu beurteilen als solche gegen das materielle,
339 831 1627 970 ja dass solche Vergehen durch das geringere oder
345 856 1779 1010 gar fehlende Risiko des Uebeltäters nur widerwärtiger
345 974 1023 1064 und verächtlicher werden.
567 972 1779 1126 Als Verfasser der Komödie "Professor Bernhar-
350 1051 1649 1181 di" und als Autor, dessen Besitz beinshe durchaus
356 1098 1605 1230 durch sein Werk repräsentiert wird, und dessen
350 1128 1793 1274 Existenz und Existenzmöglichkeit nach unumstösslichen
367 1179 1806 1313 ökonomischen Gesetzen, denen sich endlich das anerkann-
365 1229 1737 1362 ter Massen rückständige internationale Urheberrecht
367 1274 1693 1405 wird anbequemen müssen, in den Erträgnissen dieses
376 1313 1788 1450 Werks begründet ist, erhebe ich hiemit in aller Form
380 1368 1665 1495 Anspruch auf Auszahlung der für die Aufführungen
374 1388 1806 1533 des "Professor Bernhardi" in Holland fälligen Tantie-
369 1447 1779 1590 men und bitte Sie Ihren Vertreter mit der Einziehung
378 1495 1749 1625 dieser Tantiemen beauftragen zu wollen. Denn in der
381 1518 1806 1674 Vertretung der Interessen und der Rechte eines Autors
381 1577 1788 1716 besteht einer solchen Vertretung Wert und Sinn, nicht
387 1632 1764 1762 in der Einziehung der Perzente von automatisch ein-
391 1683 1716 1803 fliessenden Tantiemen und Honoraren; sonst dürfen
398 1700 1821 1850 sie sich nicht Vertreter, sondern sollten sich einfach
381 1760 1795 1900 Provisionäre nennen. Die wirklichen Autorenvertreter
394 1821 1792 1935 sind meiner Ansicht nach dazu da, und ich weiss Sie,
403 1865 1751 1988 verehrter Herr Doktor, darin mit mir einer Meinung,
400 1913 1748 2030 durch entschiedene Wahrung der Autoreninteressen,
402 1949 1779 2085 von Fall zu Fall auch gegen den Geist oder den Un-
405 1993 1812 2120 geist eines Paragraphen, die Mangelhaftigkeit und Re-
413 2024 1830 2162 formbedürftigkeit des jetzt noch bestehenden Urheber-
407 2068 1852 2204 rechtes aufzuzeigen und einem neuen die Bahn zu ehnen
416 2123 1793 2252 das mehr auf den Vorteil der geistigen Arbeiter als
416 2149 1848 2298 auf den der Unternehmer und Händler mit geistigem Gut
414 2272 867 2345 Rücksicht nehme.
711 2287 1307 2408 Mit herzlichem Gruss
724 2380 1104 2463 Ihr ergebener
506 2496 1049 2613 Herrn Dr. Konrad Maril,
486 2580 932 2672 Fischer, Berlin.
2041 614 2520 787 S. Fischer
3226 664 3620 763 1928. 10/5.
2697 660 2971 792 Hollen
2773 792 3004 908 tout.
2195 959 2962 1084 Verehrter Herr Doktor Maril.
2604 1051 3568 1174 Für Ihre freundliche Mitteilung, so-
2199 1117 3653 1221 wie die Einsendung des Schreibens Ihres holländischen
2199 1175 3616 1262 Vertreters danke ich. Diesem Schreiben entnehme ich,
2206 1218 3675 1309 dass ein holländischer Theaterdirektor sich berechtigt
2208 1276 3548 1355 fühlt ein Stück von mir tantiemenfrei aufzuführen
2237 1300 3688 1406 und dass Ihr Vertreter sich dieser Meinung anschlies-
2210 1377 2784 1476 sen zu müssen glaubt.
2624 1399 3680 1524 Es ist mir bisher unbekannt gewesen und
2219 1484 3653 1573 ich bin auch jetzt noch nicht völlig davon überzeugt,
2215 1537 3623 1616 dass Werke fremdl ndischer Autoren in Holland des am
2215 1577 3528 1665 urheberrechtlichen Schutzes entbehren, wenn sehn
2223 1636 3581 1713 Jahre nach ihrem Erscheinen in der Originalsprache
2226 1682 3631 1751 eine holl nische Uebersetzung nicht erseienen ist.
2223 1715 3627 1804 Es ist mir auch nicht mit Sicherheit bekannt, ob spe-
2221 1757 3629 1848 ziell meine Komödie „Professor Bernhardi“ in hollän-
2224 1784 3647 1885 discher Sprache im Buchhandel erschienen ist, dass ge-
2228 1852 3607 1933 druckte Exemplare, vielleicht nur Bühnenmanuscripte
2223 1887 3609 1975 existieren, halte ich für höchst wahrscheinlich, umso
2232 1938 3567 2021 mehr da ja die letzte Tournee mit dem "Professor
2232 1980 3634 2065 Bernhardi" in Hol and schon die dritte gewesen ist.
2232 2048 2861 2149 die veranstaltet wurde.
2650 2089 3633 2188 Wie dem immer sei,ich möchte heute
2226 2133 3679 2254 wieder einmal meinen Ihnen schon von ähnlichen Fällen
2234 2206 3592 2289 her bekannten Standpunkt präzisieren, dass die Tat-
2239 2276 3579 2344 sache eines Unrechts dadurch charakterisiert ist.
2243 2294 3579 2380 dass es begangen, nicht dass es bestraft wird, dass
2246 2327 3719 2426 Leute, die sich am fromden Eigentum vergreifen in jedem
2243 2393 3592 2468 Falle nur als Dtode bezeichnet werden können, auch
2243 2433 3660 2510 wenn sie thunxätetaktxxxxxxxxxxxxxxx
2237 2487 3669 2564 xxx für ihren Diebstahl, wenigstens wenn er xxx Aus¬
2270 2518 3688 2606 ländern begangen wird, nach den Gesetzen ihres Landes
2267 2580 3513 2659 nicht bestraft werden können und endlich dass
3048 2617 3172 2697 gen. &
2901 2628 2993 2719 en
2476 2630 2840 2692 besteht Verg
