3873 3593
3288 622 3632 731 Berlin
3190 712 3493 816 28.2.1931.
2065 727 2520 818 Titischer
2342 948 3046 1097 Lieber Herr Doktor Maril.
2664 1028 3594 1171 Die italienische Hundfunksache ist
2347 1122 3629 1233 mir ganz klar. Herr Giordano Cecehini ist offen-
2360 1166 3622 1277 bar völlig unschuldig; der Schuldige ist dieser
2364 1203 3718 1329 unglaubliche Rökk Richter. Dieser Herr Rösk Richt
2365 1253 3683 1368 hat nicht die geringste Berechtigung gehabt Herrn
2365 1297 3656 1418 Giordano Cecchini das Leserecht meiner Werke für
2365 1322 3684 1460 den Rundfunk zu übertragen und noch weniger Recht
2369 1374 3657 1497 sich die dafür entfallenden Autorenhonorare auf
2365 1428 3666 1525 Lonto des Unterfertigten Stefano Bökk Richter an
2370 1458 3686 1591 die Societa zahlen zu lassen. Dieses Recht wäre
2376 1504 3661 1626 ihm nur dann zugestanden,wenn der Verlag Fischer
2379 1556 3664 1677 oder ich ihm dieses Recht übertragen hätten. Das
2387 1591 3615 1712 ist nicht geschehen, er hat sich also, sagen wir
2387 1645 3617 1757 milde, in völlig widerrechtlicher Weise, Beträge
2391 1690 3667 1811 angeeignet,die ihm nicht zustehen und er ist so-
2392 1729 3649 1845 fort dazu zu veranlassen die Beträge an den
2397 1754 3701 1890 rechtmässigen Besitzer, xæp. also in diesem Fall
2399 1824 3647 1924 an mich oder an meinen Vertreter S.Fischer,Ver-
2401 1910 2829 1994 lag auszuzahlen.
2764 1920 3714 2038 Das wäre der Sachverhalt, der meine
2402 1996 3667 2095 Erachtene, an die Societa resp. an die römische
2404 2031 3688 2134 Hundfunkgesellschaft zu berichten wäre. Im übri-
2406 2053 3720 2206 gen behalte ich mir vor das unglaubliche Vorgeher
2416 2115 3676 2239 des Herrn Rökk Rähters,mit dem wir ja schon
2416 2164 3661 2285 ähnliche Erfahrun en früher gemacht haben, den
2419 2218 3647 2317 in Betracht kommenden Schutzverbänden mitzu-
2419 2250 3681 2359 teilen. Es ist Ihnen bekannt, lieber Herr Doktor
2421 2292 3709 2414 Maril, dass Verhandlungen, die ich persönlich vor
2429 2332 3716 2449 Jahren mit Herrn Rökk Richter wegen des Ueber¬
2429 2370 3735 2510 setzungsrechtes einiger meiner Werke geführt habe
2428 2429 3691 2552 absolut resultatlos geblieben sind; ich erwähne
2434 2448 3731 2580 das ganz besonders, weil Herr R.R. sich zweifellos
2433 2522 3699 2638 auf solche Verhandlungen berufen wird, um seinen
