3883 3561
1618 644 1731 728 7
2007 679 2512 790 S. Fischer
2987 754 3275 852 5.12.1930.
2247 948 2663 1051 Lieber Freund.
2452 1042 3537 1136 Bei einer zufälligen Ordnung eines Teils
2262 1117 3460 1196 meiner Briefe finde ich auch einen Brief von
2271 1158 3537 1242 Harz vom 26. September 1928, der unter andern den
2266 1179 3566 1284 Satz enthält:... "Es stimmt vollständig, dass nach
2267 1237 3520 1313 unserem Vertrag das Verlagsrecht Ihres "Reigen"
2279 1287 3523 1383 bei einer Veranstaltung einer neuen Auflage an
2279 1333 3547 1402 Sie zurückfällt“. Für alle Fälle will ich Ihnen
2278 1376 3515 1448 das mitteilen, obzwar ich ja nicht glaube, dass
2276 1402 3597 1498 Harz je daran denken könnte diese vertragemässige
2274 1448 3626 1551 Abmachung abzuleugnen. Ich hoffe, dass Sie den son-
2283 1500 3623 1601 derbaren Versuch- ich weiss nicht ob von Harz oder
2286 1548 3549 1631 der von Ihnen genannten Leipziger Buchhandlung
2279 1613 3073 1690 kurzer Hand erledigen werden.
2459 1642 3659 1753 ÜGegen den (mir durch Dr.Maril übermittelten
2288 1724 3611 1796 Wunsch des Frankfurter Schauspielhauses nach ei-
2286 1762 3607 1856 ner tantiemenfreien Aufführung des „Tapferen Cas-
2286 1805 3585 1887 sien" habe ich natürlich nichte einzuwenden. Ich
2283 1822 3659 1931 möchte nur gern wiesen, zu welchem wohltätigen Zweck
2295 1892 3667 1979 die Vorstellung stattfinden soll, ferner wünsche ich
2293 1933 3570 2021 eine Tantiemenaufstellung, aus der ich entnehmen
2300 1950 3669 2070 kann.welchen Betrag (3% der Bruttoeinnahme) ich für
2290 2039 3302 2123 den wohltätigen Zweck gespenöet habe.
2540 2096 3116 2188 Mit herzlichem Gruss
2531 2183 2637 2238 Ihr
2298 2384 2924 2463 Herrn S.Fischer, Verlag,
1512 2430 1590 2502 P.
2307 2451 2523 2512 Berlin.
