3873 3576
471 952 1825 1033 leicht ist irgend eine Vakanz in Ihrem oder einem
480 1011 1823 1073 Ihnen nahestehenden Verlage in Berlin oder in Mün-
483 1044 1730 1114 chen in Aussicht, von der Sie unterrichtet sind.
495 1095 1722 1151 Nahere Heferenzen stehen Ihnen natürlich zur
483 1120 1751 1199 Verfügung wenn Sie sich für die Sache überhaupt
480 1168 1808 1247 interessieren. Ich jedenfalls kann Ihnen das Fräu-
474 1233 1837 1330 lein, auch ohne alle verwandtschaftlichen Erwägungen,
483 1275 1413 1342 ernsthaft und herzlich empfehlen.
730 1325 1164 1423 Mit den allerben
1237 1325 1477 1425 Gruesen
776 1402 1449 1475 Ihr aufrichtig ergebener
909 1456 1023 1508 G.C.F.P.
812 1496 937 1558 G.C.H.F.P.
490 1896 1249 2001 Herrn Dr. Gottfried Hermann,
531 1966 975 2044 Fischer.Verlag.
497 2015 702 2080 Berlin.
2036 693 2501 802 Tischer
3124 773 3417 883 24.1.1931.
2274 932 2793 1035 Lieber Herr Doktor.
2577 1054 3657 1132 Ich sende Ihnen hier eine Drucksache, die
2277 1113 3660 1176 mir ein hiesiger Buchhändler übergab. Wie sind die-
2286 1159 3593 1218 se unrichtigen Angaben "Gesamte Novellen" und Um-
2289 1194 3574 1268 fang 700 Seiten zu erklären? Das müsste doch ei¬
2289 1245 3153 1346 gentlich richtiggestellt werden.
2581 1249 3588 1349 Die Korrektur "Reigen ist gestern an
2289 1320 3583 1396 mich gelangt. Ich darf daraus wohl entnehmen, dass
2291 1368 3586 1440 das Buch ungefähr gleichzeitig mit oder noch vor
2289 1418 3148 1501 dem Novellenband erscheinen wird
2593 1440 3671 1525 Darf ich bitten ein Exemplar "Professor
2298 1490 3514 1561 Bernhardi" freundlichst zu senden an: xxxxxx
2298 1534 3585 1616 Seniore Arnoldo Cappellini, Leg. I. Turin.- Auch an
2294 1573 3640 1687 mich bitte 3 Exemplare "Bernhardi,gebunden,senden
2294 1646 2579 1722 zu wollen.
2665 1690 3193 1801 Herzlichet grüssend
2698 1772 2794 1849 Ihr
2293 2129 3060 2249 Herrn Dr. Gottfried Hermann,
2330 2201 2803 2287 S.Fischer,Verlag.
2303 2255 2508 2324 Berlin.
