3900 3578
2133 684 2537 772 F. Tischer
3322 715 3622 822 21.5.1931.
2395 908 2852 1028 Lieber Freund.
2691 1014 3610 1114 Eben sind die beiden ersten Exempl
2413 1091 3602 1169 des "Reigen" angelangt. Das Buch präsentiert
2420 1135 3602 1217 sich in seiner jetzigen Form und Ausstattung
2416 1187 3585 1257 sehr gut. und sich denke allmählich wird sich
2421 1217 3590 1296 auch der buchhändlerische Erftlg einstellen.
2423 1260 3641 1341 Es würde sich doch wohl empfehlen die Zahl der
2429 1318 3656 1386 Auflagen bei nächster Gelegenheit beizufügen.
2435 1342 3663 1432 (101.-105.Auflage). Eine Ausdehnung der Versen¬
2432 1395 3636 1476 dung von Rezensionsexemplaren scheint mir ab-
2423 1428 3661 1516 solut nicht notwendig. An mich bitte gelegent-
2430 1496 3529 1592 lich 20 gebundene Exemplare zu schicken.
2692 1548 3683 1634 Die Satzvorlage für die neue Hovelle.
2430 1615 3582 1688 sende ich Ihnen in den allernächsten Tagen.
2429 1637 3674 1739 Es freut mich, dass Sie wieder den von mir sehr
2435 1703 3619 1776 verehrter Herrn Professor Hans Meid mit der
2438 1750 3402 1834 Einbandgestaltung beauftragt haben.
2714 1826 3405 1931 Mit sehr herzlichen Gruss
2841 1889 2937 1942 Ihr
2441 2071 3119 2190 Herrn S. Fischer, Verlag,
2446 2158 2649 2230 Perlin.
