3927 3544
573 597 1087 696 DATES DES ACTES
448 829 1811 964 Sie Näheres darüber zu erfahren und weisen auch in
375 932 1775 1028 meinem Namen zurecht. Es bleibt vorläufig dabei, dass
385 962 1877 1065 aufführungen des "Reigen" nicht gestattet werden. Nur Un-
385 1014 1839 1113 annehmlichkeiten und kein Geld, das ist zu viel oder zu
389 1101 561 1172 wenig.
466 1087 1843 1226 6. Haben Sie schon über die Aufführungen des
401 1159 1892 1283 „Weiten Land“ in Amerika durch Korff etwas in Erfahrung
395 1228 1851 1369 gebracht? An mich gelangte weder Verständigung noch Ho-
395 1319 577 1399 norer.
672 1331 2015 1496 7. Hat sich der holiändische "Bernhardi"-Direkton
391 1414 881 1527 weiter geäussert?
698 1472 1930 1599 8. Harz. Reigan. Mir hat H. auf meine letzte An-
399 1535 1904 1629 frage vom 14. Juli überhaupt nicht geantwortet. Sein Pri-
407 1575 1912 1670 vatgespräch mit Ihnen bei zufälliger Begegnung nehme ich
413 1601 1954 1718 vorläufig nicht zur Kenntnis. Wir stehen nun auf dem glei-
405 1670 1906 1770 chen Fleck wie vor einem Jahr. Wir gingen davon aus, dass
409 1712 1958 1803 wir Herrn Harz die noch vorhandenen Vorräte abkaufen woli-
415 1752 1964 1855 ten und ich war bereit mich finanziell an diesem Unterneh-
405 1807 1998 1896 men zu beteiligen. Die letzten Bedenken, Zensur und Oeffent-
407 1843 1940 1936 lioikeit betreffend, waren durch den Brief von Fritz Engel
413 1871 1976 1976 völlig aus der Welt geschafft. Hierauf oder noch vorher in
415 1930 1887 2015 Erwägung, dass ich ja ganz zweifellos berechtigt von der
413 1962 1998 2069 101. uflige an über mein Buch frei zu verfügen schreibé ich
409 2025 1875 2113 mit Herrn Fischers Einverständnis an Herz, dass ich ihm
413 2059 1940 2156 seine Vorräte zum Mekulaturpreise abzunehmen geneigt sei.
415 2113 1950 2210 Dazu hatte ich uns mehr Grund als dokumentarisch festge-
421 2162 1881 2250 stellt ist, dass Harz im Laufe von 1½ Jahren auch nicht
419 2196 1898 2289 ein Exemplar des „Reigen“ verkauft hat, er das Buch also
415 2214 2010 2347 nicht vertreiben wollte oder nicht vertreiben konnte. Seine
432 2279 1932 2384 gesprächsweise Bemerkung zu ihnen, lieber Herr Doktor, ich
425 2333 1918 2422 sei nicht berechtigt das Buch neu herauszugeben, ist ein
427 2382 1916 2474 juridischer Unsinn, seine Zusage, er werde keinen Prozess
427 2422 1912 2515 anstrengen, eine Ueberheblichkeit, seine Drohung, er werde
430 2454 1986 2555 - wenn eine neue ausgabe bei einem anderen Verleger heraus
1206 2515 2014 2581 auf den Markt werfen, umso nich-
448 2531 1093 2617 käme - seine Vorräte bill
1234 2555 1968 2664 stünde mein Buch in doloser
607 2593 768 2640 ele er
468 2597 549 2650 ge
1282 2601 1785 2696 Wir also haben die
724 2621 827 2710 Kegen
577 2700 797 2783 damit
3077 587 3593 698 Fischer, 13.9.1928.
3370 659 3553 722 Bl.2.
2339 716 3761 835 a) ohne weitere Rücksicht auf H. einfach den "Reigen"
2345 799 3656 867 in einer möglichst hübschen Neuausgabe zu drucken
2341 837 3620 901 und es darauf ankommen zu lassen, dass Herr Harz
2339 869 3668 952 nun plötzlich nach 1½jähriger Pause seine Vorräte
2144 911 2265 976 G.C.F.P.
2351 920 3593 994 in den Handel bringt.-b) Herrn Harz noch einmal
2347 970 3741 1036 entgegen zu kommen, indem wir eine fixe Summe nennen,
2347 1010 3716 1073 die wir bei sofortiger Herausgabe seiner Vorrä-
2353 1063 3638 1125 te zahlen wollen, sagen wir z.B.2000-2500 Mark, um
2341 1097 3710 1172 alle Weiterungen zu vermeiden.-c) oder uns geschla-
2351 1153 3650 1214 gen zu geben und zu sagen, ja es steht nun einmal
2347 1178 3739 1254 so, du verkaufst zwar seit Jahren nicht ein Exemplar,
2347 1230 3652 1297 du hast also entweder nicht die Möglichkeit oder
2339 1272 3670 1349 nicht den guten Willen das Buch zu vertreiben, wir
2351 1325 3636 1391 gestehen dir das Recht zu diesen Zustand weiter
2353 1369 3654 1432 dauern zu lassen, so lange du willst und damit, da
2283 1401 3731 1480 du einem eventuellen neuen Verleger mit unlauterer
2347 1450 3680 1518 Konkurrenz zu drohen wagst, das Werk eines Putors,
2357 1502 3682 1569 an dem du immerhin mit 95 'nflagen nicht zu wenig
2353 1547 3652 1611 verdient hast, vom Büchermarkt zu verbannen. Du
2359 1603 3630 1648 massest dir also das Recht an den Autor, dessen
2363 1597 3712 1698 Werk du entweder nicht verkaufen willst oder nicht
2359 1676 3595 1740 verkaufen kannst und der überdies vertragsgemäß
2359 1712 3678 1775 von der 101. Auflage das Verfügungsrecht über sein
2363 1771 3676 1823 Werk besitzt, von der Nutzniessung an seinem Werke
2369 1821 3708 1875 ja geradezu von seinem Autorrecht auszuschliessen.
2359 1847 3716 1924 Ich m für meinen Teil meine, dass dies einer Kapi-
2363 1904 3642 1970 tulationIgleich käme, die wir weder thisch noch
2351 1950 3656 2012 praktisch zu rechtfertigen imstande wären. Doch
2311 1972 3700 2039 werde ich mich erst weiter äussern, wenn sich Herr
2347 2029 3694 2093 Fischer und wie ich hoffen möchte definitiv zu der
2355 2075 3410 2166 Angelegenheit ausgesprochen haben wird.
2625 2136 3569 2224 9. Da im Verlauf der nächsten Zeit
2363 2150 3694 2265 kaum ein grösseres neues Werk von mir herauskommen
2347 2256 3694 2301 dürfte, bin ich begreiflicherweise an dem äusseren
2359 2271 3761 2361 Schioksel meiner bisherigen etwas mehr interessiert.
2363 2335 3648 2396 Die letzte Halbjahrerechnung, etwa 1000 Mark für
2365 2382 3620 2440 den Absatz aller meiner Bücher, ausser „Therese“
2365 2420 3753 2488 die Gesamtsusgabe miteingeschlossen, war wohl angetan
2375 2472 3694 2533 etwas bedenklich zu stimmen. Das Erscheinen des Erb-
2496 2525 3636 2575 ungsbandes steht wohl nahe bevor, nehme ich
2458 2561 3618 2656 Wie steht es nun aber mit der Neuausgabe
