3869 3561
387 896 1643 971 zugleich einige persönliche Unterschriften, die
394 949 1582 1027 Sie vielleicht gütig in die Bücher einkleben
392 986 1713 1066 lassen. Sie wählen wohl am besten "Therese". "Jeg
387 1031 1737 1104 ins Freie", „Wpiel im Morgengrauen „ „Traumnovel-
389 1054 1520 1172 1s“. “Bertha Garlan“, “Casnovas Heimfahrt”.
2621 587 3083 720 Thérenisert
3252 628 3619 720 Berlin
2025 665 2467 776 Fischer
2638 700 3230 812 Garten 23.5.1929.
3464 752 3558 843 7.
2264 916 2803 1010 Lieber Herr Doktor.
2605 1012 3501 1109 Der Vorschlag des Prager Verlags
2276 1063 3479 1157 Alois Srdos scheint mir in dieser Form kaum
2286 1130 3587 1196 annehmbar. Bitte verlangen Sie eine 10ge Betei-
2283 1176 3607 1251 ligung am Ladenpreis und eine Garantie von aller-
2285 1222 3585 1283 mindestens 3000 cK. für „Therese“. Unwahrschein-
2288 1256 3568 1322 lich finde ich auch die Summe von 8 Mk., die der
2590 1287 3648 1377 Verleger sich erlaubt hat uns für "Spiel
2291 1322 2556 1379 Warschauer
2295 1329 3663 1420 im Morgengrauen zu bezahlen. Dass Holland noch im-
2288 1387 3590 1462 mer nicht für "Zwischenspiel" bezahlt hat,ersehe
2291 1450 3614 1510 ich aus der letzten Abrechnung mit Missvergnügen.
2295 1464 3662 1558 Diese Säumigkeit darf man wohl schon als Inkorrekt-
2295 1539 2735 1619 heit bezeichnen.
2611 1597 3626 1676 Durch die Leipziger Firma E.Alexander
2288 1641 3636 1718 habe ich eine Anfrage für die italienischen Rechte
2303 1689 3576 1759 von "Bertha Garlan“ erhalten und zwar I500 Lira
2300 1744 3653 1802 Vorschuss, 10. Tantièmen. Ausserdem wünscht er eine
2303 1776 3668 1853 Provision von 20% und Einsendung eines "broschier-
2300 1827 3598 1891 ten Prüfungsstückes“. Ich halte es für nicht un-
2307 1851 3675 1940 wahrscheinlich, dass es sich um den gleichen italie-
2300 1914 3600 1993 nischen Verlag handelt,mit dem Sie in Verbindung
2300 1945 3656 2054 stehen T.I.L.A. und antworte für alle Fälle ableh-
2298 2022 2452 2087 nend.
2617 2078 3687 2175 Mit den verbindlichsten Grüssen und den
2307 2145 3264 2222 besten Wünsohen für Ihre Gesundheit
2629 2179 3141 2268 Ihr sehr ergebener
2324 2344 2971 2435 Herrn Dr. Konrad Maril,
2339 2408 2790 2479 „Fischer,Verlag.
2314 2462 2522 2537 Berlin.
