3900 3578
3256 599 3509 724 Berlin
1958 623 2363 773 S. Fischer
2971 700 3265 805 2.6.1931.
2287 895 3040 1016 Lieber Herr Doktor Sermann.
2514 1020 3466 1097 Eine Aufführung der "Schwestern" in
2224 1063 3567 1157 Berlin wäre mir freilich sehr erwünscht. Eine Ver-
2231 1083 3599 1202 bindung mit Direktor Barnowsky nach den Erfahrungen
2229 1153 3543 1245 der letzten Jahre begreiflicherweise nicht ebenso
2229 1191 3491 1285 sehr. Keinesfalls dürfte man einen Vertrag ohne
2229 1231 3572 1323 künstlerische und finanzielle Gewähr abschliessen.
2226 1292 3572 1372 Mit Forster und Götz allein ist es ja nicht getan.
2231 1321 3570 1428 Der Santis und der Andrea und die drei Frauen sind
2236 1356 3630 1464 recht wichtig. Das Stück ist im übrigen abendfüllend
2238 1417 3628 1504 und man müsste keineswegs einen Einakter dazu geben.
2238 1453 3540 1550 Wenn aber einer dazu xxxx gespielt werden soll.-
2233 1496 3541 1597 was freilich seinen Vorteil hätre - dürfte es ab-
2238 1540 3563 1635 solut nur einer von mir sein. Als vor drei Jahren
2242 1581 3608 1679 ungefähr neben anderen Stücken auch eine Aufrührung
2244 1634 3608 1726 der "Schwestern zwischen Barnowsky und mir bespro-
2251 1668 3561 1762 chen wurde, dachten wir ein wenig an den "Tapferen"
2251 1718 3534 1800 Cassian“. Elisabeth Bergner wohnte damals dieser
2242 1756 3567 1848 Unterhaltung bei, sie behauptete, dass sie gern den
2244 1812 3541 1890 Martin (nicht die Sophie) spielen möchte. Diese
2238 1850 3558 1931 Kombination kommt ja heute kaum mehr in Betracht.
2280 1890 3659 1976 Auch an einen "Anatol"-Eenakter oder an die "Litera-
2256 1937 3594 2018 tur“ ist nicht zu denken. Nicht uninteressant, eine
2253 1971 3547 2072 dankbare, wenn auch etwas schwierige Regieaufgabe
2256 2004 3624 2108 wäre vielleicht "Der grosse Wurstl“, der meines Wis-
2251 2070 3419 2173 sens niemals in Berlin gespielt worden ist.
2522 2144 3679 2220 In Wien wurden die „Schwestern“ nur bei der
2253 2188 3650 2285 Première ohne Pause - freilich mit zweimaligem Fal-
2262 2235 3626 2328 len des Vorhange - durchgespielt; bei den späteren
2269 2271 3646 2366 Aufführungen gab es einen Zwischenakt, ich weiss in
2265 2323 3657 2417 diesem Augenblick nicht mehr an welcher Stelle. Aus-
2260 2343 3709 2455 ser in Wien, im Burgtheater und im Schönbrunner Schloss
2267 2402 3642 2496 theater (oca 25 Mal) wurde das Stück wie ich glaube
2269 2439 3641 2547 nur in Königsberg gegeben, wo es von der Kritik sehr
2263 2476 3646 2588 gut behandelt wurde. In Berlin wurdenseinerzeit die
2267 2522 3536 2641 Proben abgebrochen; mein Stück war nicht Schuld
