3889 3528
2061 557 2455 713 22/4
2975 619 3276 738 14.7.1928.
2008 659 2543 771 ongue très
3292 627 3681 798 Berlin
2793 716 3039 861 Reyer
2804 833 3037 945 Vulis
2238 929 3131 1016 Sehr verehrter Herr Fritz Engel.
2602 1050 3604 1176 Darf ich Sie um eine Gefälligkeit er-
2259 1145 3581 1225 suchen? Meine Szenenreihe "Reigen" soll demnächst
2261 1188 3603 1268 bei einem neuen ersten Verleger herauskommen. (Zu-
2249 1240 3474 1318 letzt ist sie bei Harz erschienen, der aus mir
2256 1265 3584 1367 nicht ganz klaren Gründen im Vertrieb
2261 1328 3559 1405 erheblich behindert zu sein scheint), Wären Sie,
2271 1375 3526 1442 verehrter Herr Engel, als Mitglied der Prüfungs-
2261 1403 3564 1489 kommission des Schund- und Schmutzgesetzes in der
2264 1465 3531 1532 Lage ohne Mühe festzustellen, ob ein Verbot des
2286 1474 3618 1569 Reigen aus der Zeit vor dem Gesetz noch besteht.
2263 1550 3601 1634 Mir persönlich ist es sonderbarerweise auch durch
2256 1597 3518 1660 Mithilfe eines Rechtsanwalts niemals gelungen,
2268 1642 3519 1705 das einwandfrei zu erfahren. Sie
2275 1685 3496 1754 würden mich sehr verbinden, wenn Sie mir viel-
2271 1690 3596 1796 leicht mitteilen könnten, wie die Rechtslage heute
2268 1772 3524 1847 beschaffen xxxx,d.h. ob der "Reigen" beschlag-
2271 1827 3074 1906 nahmt, verboten oder frei ist,
2590 1879 3528 1996 Mit vielem Dank und verbindlichen
2271 1937 2491 2043 Grüssen
2592 1971 3122 2081 Ihr sehr ergebener
2280 2280 2800 2376 Herrn Dr. Fritz Eng###
2280 2336 3251 2458 Redakteur des Berliner Tageblattes,
2281 2411 2503 2505 Berlin.
514 2685 1096 2787 ure endlich noch,oo mit
