3915 3560
2130 626 2654 783 S. Fischer
3201 747 3479 841 5.1.1931.
2381 999 2909 1089 Lieber Herr Doktor.
2735 1064 3716 1187 Einer Weisung Herrn Fischers folgend
2394 1136 3681 1235 erlaube ich mir mich heute direkt an Sie in der
2397 1203 3718 1303 Angelegenheit des billigen Novellenbandes zu wen-
2401 1228 3765 1324 den. Mit der Zusammenstellung wäre Ich nicht durch¬
2397 1291 3655 1368 aus einverstanden. Die drei grösseren Novellen
2728 1317 3734 1418 "Traumnovelle", “Spiel im Morgengrauen“
2415 1358 2652 1430 "Graesler
2401 1388 3651 1462 wurden sich wohl gut eignen. Für die kleineren
2401 1412 3681 1495 möchte sich eine andere Auswahl vorschlagen. Ich
2402 1447 3816 1535 wünschte sehr, dass der "Geronimo" und die "Hirtenfläge
2413 1504 3727 1590 te“ darin nicht fehlten, hingegen könnte man ohne-
2401 1525 3755 1630 weiters auf das Tagebuch der „Redegonda“,eventuel
2406 1592 3734 1671 auch auch auf "Die Fremde" verzichten. Am liebste
3574 1632 3672 1683 "Die
2402 1637 3516 1710 wäre mir die Zusammenstellung „Geronimo“
2895 1681 3648 1736 "Der Mörder,"Die Hirtenflöte"
2413 1702 2879 1766 Toten schweigen“,
2409 1722 3693 1826 und "Die Fremde". Die paar Seiten mehr kämen wol
2404 1792 2881 1877 kaum in Betracht.
3600 1810 3690 1866 acte
2726 1824 3737 1928 Ueber die Frage des Preises kann mich
2409 1892 3746 1979 natürlich nur schwer äussern; das Exemplar zu 2,8 5
2417 1945 3748 2017 30.000 Exemplare, Honorar 10 Pfennig in drei Rater
2415 1991 3648 2065 für je 10 Exemplare, das wäre ja freilioh nicht
2424 2033 3597 2103 viel. Und von diesem Standpunkt aus wäre mir
2424 2065 3709 2154 natürlich der höhere Preis von Mk.3.75 viel lie-
2424 2121 3685 2191 ber; in welchem Masse das auf den Abeatz wirken
2422 2165 3764 2239 würde, kann ich natürlich nicht beurteilen und Sie
2424 2202 3795 2279 wohl auch nicht, hier kann nur der Verlag das letzte
2427 2249 3741 2322 Wort sprechen. Ein guter Buchtitel ist mir bisher
2422 2293 3778 2369 leider nicht eingefallen, vielleicht sind Sie glück-
2424 2339 3477 2441 licher; immerhin denke ich weiter nach.
2714 2399 3806 2489 Gegen den Aufschub des "Reigen" darf ich
2424 2469 3743 2552 natürlich nichts einwenden. Ich glaube allerdings
2427 2515 3725 2591 nicht, dass die beiden Bücher sich irgendwie Kon-
2418 2573 3030 2661 kurrenz machen würden.
2767 2622 3226 2745 Herzliche Grüsse
