3932 3496
2151 529 2498 655 20 14/7
3083 606 3384 696 14.7.1928.
2096 644 2581 752 Tischer
3511 622 3781 779 to the
2967 754 3310 860 Dr. Gerle
2420 838 2817 935 Lieber Freund.
2980 828 3285 957 Esq
3339 862 3533 979 Hax
2892 938 3105 992 G.C.H.F.P
2636 968 3708 1048 Somit, denke ich, sind wir über die Neu¬
2409 1018 3651 1103 ausgabe der Gesamelten Werke doch wohl einig:
2430 1076 3620 1137 Novellen in vier Bänden! I. Band: Sterben und
2430 1111 3686 1170 andere Novellen (eventuell und 9 andere Novel-
2430 1156 3698 1227 len),2.Band: Bertha Garlan (und 10 andere Novel.
2441 1197 3641 1275 len). 3.Band: Die Alternden, 3 Novellen u.zw.
2453 1248 3606 1336 sto.etc. 4.Band: Die Erwachenden, nämitskr 3
2433 1297 3045 1385 Novellen u.zw. etc.) D
2668 1369 3703 1433 Dass bei den Gesamtausgaben von Hesse,
2425 1428 3700 1488 Mann und Wassermann die Verhältnisse insoferne
2439 1464 3697 1533 günstiger xxx liegen, als fast nur abgeschlos-
2439 1512 3679 1576 sene Bände in Frage kommen, günstiger.d.h. eben
2441 1549 3713 1617 einfacher zur Titelgebung, das ist es ja, was ich
2442 1596 3659 1655 selbst gesagt habe. Im übrigen habe ich nicht
2436 1642 3660 1706 im Entferntesten gedacht die Sache persönlich
2442 1695 3657 1746 zu nehmen. Wie aber steht es nun mit den Neu-
2436 1725 3659 1813 auflagen der Theaterstücke als Gesamtausgabe?
2671 1789 3597 1878 Da ich Sie mit meinem Entwurf mei-
2433 1852 3628 1932 nes Briefes an Harz einverstanden weiss, will
2445 1911 3608 1972 ich ihn nun absenden. Die beigeschlossenen
2439 1957 3601 2024 Briefe habe ich dieser Tage wieder vorge-
2445 1975 3670 2081 funden, sie werden vielleicht im gegenwärtigen
2442 2038 3714 2121 Stadium Interesse für Sie haben. Die Gutachten.
2442 2088 3667 2135 von denen in dem Brief vom 12. Jänner 1920 die
2439 2121 3687 2196 Rede ist, habe ich ihnen schon im Herbst in Ab-
2445 2186 3643 2242 schrift zugesandt und ich hoffe, sie befinden
2449 2212 3673 2301 sich noch bei den Akten; wir werden sie mögli-
2442 2267 3609 2317 cherweise brauchen können. Im übrigen werde
2449 2306 3584 2383 ich, auch, Ihrem Rate folgend, an Fritz Engel
2461 2350 3070 2430 in der Sache schreiben.
2678 2415 3611 2490 Meine Antwort hinsichtlich Querido in den
2698 2479 3724 2560 stand in einem meiner letzten Briefe.
717 2717 811 2775 en
