3869 3561
385 767 1704 888 mit lassen wirs wenn es Ihnen beliebt,bei den 10%
392 852 1702 937 bewenden und hoffen wir, dass wir diesmal -endlich
387 898 1680 986 wieder - auch unter diesen Bedingungen einen Ge-
179 874 288 956 heite
385 966 1298 1027 winn zu verzeichnen haben werden.
598 1000 1784 1087 Was ich zum Theatervertrieb gesagt habe gilt
385 1061 1651 1152 natürlich - noch mehr! - für den Rundfunk. Auch
390 1109 1738 1196 hier scheint mir die 10###ige Provision durchaus an¬
394 1148 1765 1240 gemessen. Von einem Gastspiel Baklanoff in New York
390 1189 1663 1276 in einem Einakter ohne ich nichts. Bitte teilen
385 1237 1615 1315 Sie mir Näheres mit. Es xxxx wäre hier Furtis
394 1286 1716 1368 Browns Sache sich zu kümmern, aber er merkt selten
394 1349 794 1419 was von selber.
661 1404 891 1503 etc. etc.
1128 1487 1269 1576 A.S.
394 1872 879 1976 S.Fischer,Verlag.
2033 618 2479 767 S. Tischer
3034 707 3333 782 10.9.1929.
2268 932 3046 1029 Verehrter Herr Doktor Kayser,
2479 1051 3523 1162 Novembera die Hofmannathal-Briefe doch
2273 1090 3605 1191 erst im xxx kommen, wäre es vielleicht möglich
2280 1162 3549 1240 den ersten Brief an mich (datiert Fusch, 19. Juli
2278 1211 3574 1285 92) erst bei Zeile 8 (gewiss ist Hebbel ein sehr
2275 1249 3505 1332 grosser,tiefer und reicher Geist)beginnen zu
2276 1298 3523 1366 lassen, da die ersten Zeilen allzu Persönliches
2276 1336 3564 1412 über mich enthalten, was vorläufig vermieden ver-
2283 1389 3580 1457 den soll. Ich denke, Frau v. Hofmannsthal wird da-
2271 1445 3048 1525 mit auch einverstanden sein.
2515 1491 3074 1590 Mit herzlichem Gruss
2549 1571 2920 1632 Ihr ergebener
2288 1932 2711 2029 Herrn Dr. Kayser
2292 1978 2951 2085 Neue Deutsche Rundschau,
2295 2051 2770 2135 S.Fischer,Verlag.
2298 2108 2496 2174 Berlin.
