3896 3479
3380 504 3682 611 3.3.1928.
2881 514 3221 707 Reyer
2086 551 2350 740 Hart,
2319 858 2893 992 Verehrter Herr Harz.
3362 963 3524 1026 Jelers
2581 998 3626 1108 Herr Dr. Maril berichtet mir von seiner
2301 1067 3661 1158 Unterredung mit Ihnen, aus der hevorgeht, dass Sie
2317 1121 3589 1201 noch 4-44000 Exemplare des "Reigen" alle aufge-
2315 1170 3518 1242 bunden. besitzen und dass Sie die Vorräte per
2315 1209 3620 1287 Exemplar um 1 Mk.50-1.80 vorkaufen könnten, dass
2307 1266 3596 1323 aber bei Verkauf des garzen Vorrets auf einmal
2319 1303 3694 1397 eine kleine Reduzierung des Preises eintreten kann.
2575 1377 3569 1455 Nach meiner letzten Unterredung mit
2299 1393 3532 1506 Ihnen war ich der Meinung, dass nur wenig über
2309 1467 3600 1545 3000 Exemplare, nicht alle aufgebunden, vorhanden
2309 1524 3571 1596 seien und dass ein geringerer Betrag,
2299 1567 3575 1645 nich xxx über eine Mark, als Verkaufspreis pro
2301 1621 3634 1698 Exemplar in Betracht käme. Aber Siesetzten hinzu,
2301 1662 3499 1719 dass Sie ja diese Sache mit dem Verleger der
2299 1711 3569 1770 künftigen Auflagen ins Reine zu bringen hätten
2295 1743 3639 1817 und so will ich auf diesen vielleicht nur schein-
2293 1787 3583 1871 baren Widersprüchen nicht insistieren. In jedem
2303 1836 3505 1907 Falle aber glaube ich, dass wir die Sache nun
2295 1889 3503 1955 einmal endgiltig in Ordnung bringen sollten.
2561 1946 3567 2039 Dass ich das Verfügungsrecht von der
2297 1995 3587 2090 101. Auflage an besitze steht fest. Dieses Recht
2295 2063 3641 2120 aber wird natürlich in gewissem Sinne illusorisch
2295 2100 3628 2174 wenn Sie weder dem eventuellen Käufer des Restbe-
2319 2147 3653 2219 standes entgegenkommen, noch irgend etwas dazu tun,
2032 2114 3680 2262 wärzteren die noch vorhandenen 4-4½ 000 Exemplare abzusetzen.
2286 2213 3690 2303 Denn esist eine Tatsache, dass der “Reigen“ im Buch-
2291 2278 3686 2377 handel einfach nicht existiert, was natürlich nur so
2288 2331 3583 2395 zu erklären ist, dass diese 42000 Exemplare oder
2293 2375 3581 2440 wenigstens ein Teil davon irgendwo festgehalten
2286 2426 3594 2495 werden und aus irgend einem Grunde nicht auf der
2288 2461 3583 2561 Markt gebracht werden. Wäre ein solcher Zustand
