3832 3496
2012 649 2462 752 Fischer,
2891 693 3185 790 19.5.1928.
2758 757 2994 864 here
2788 869 2887 988 Ce
2260 909 2638 1004 Lieber Freund.
2069 1003 2157 1065 G.C.F.P.
2509 977 3632 1098 Es freut mich sehr von Ihnen zu hören,
2273 1075 3599 1148 dass die Laufbahn der "Therese" sich gut anlässt,
2271 1126 3498 1190 Hoffentlich behalten Sie (anders als im Falle
2283 1133 3627 1249 "Spiel im Morgengrauen") mit Ihrer Vorhersage bal-
2276 1200 3528 1282 diger neuer Auflagen Recht. Danke auch für die
2276 1249 3555 1331 Einsendung der Observor-Kritiken und lassen Sie
2271 1292 3565 1379 mich bitte auch andere lesen, mir ist noch wenig
2280 1352 3493 1418 zu Gesichte gekommen (Neue Presse, Vossische,
2280 1389 3476 1463 8 Uhr Abendblatt.Sonn- u.Montagszeitung).
3160 1436 3430 1491 G.H.F.P.
2496 1433 3570 1538 2.Zum Fall Harz lege ich zur gefälli¬
2298 1496 3614 1593 gen Information meinen Brief vom 7.4., sowie seine
2288 1563 3570 1650 Antwort vom 11. April bei, auf welch letztere ich
2290 1600 3580 1687 noch nicht geantwortet habe. Die in seinem Brief
2298 1642 3610 1726 erwähnte Zusammenstellung ist bisher nicht einge-
2295 1692 3513 1767 troffen. Es ist klar, dass es auch für ihn das
2283 1742 3565 1814 Beste wäre seinen Vorrat, der auch meiner Ueber-
2298 1779 3486 1856 zeugung nach zum Teil irgendwo gebunden ist,
2298 1831 3503 1911 pauschaliter herzugeben. Natürlich wäre es mir
2288 1848 3629 1948 sehr erwünscht, wenn wir endlich zu einem Resultat
2298 1918 3629 1995 kämen und ich verweise auf meine in verschiedenen
2295 1963 3570 2040 meiner Briefe an Sie niedergelegten Vorschläge
2301 2020 3008 2104 und Auseinandersetzungen.
2660 2057 3582 2171 Ihre Mitteilungen hinsichtlich der
2310 2127 3639 2223 neuen Auflage der Erzählenden Schriften nehme ich
2306 2183 3565 2271 gern zur Kenntnis. Vier verschiedene Buchtitel
2316 2221 3639 2306 zu den Novellenbänden zu finden scheint mir nicht
2316 2281 3508 2345 leicht. Die zwei ersten Bände enthälten die
2306 2295 3563 2395 kürzeren Geschichte wie die bisherigen in Band
2337 2355 3629 2435 2, die zwei nächsten Bände enthalten die grös-
2370 2404 3637 2486 ren Novellen (wie sie in Frahkreich schon unter
2373 2457 3650 2522 der Bezeichnung "Romane" veröffen tleht zu werden
2358 2497 3624 2571 flegen). Vielleicht lässt sich auf Grund dieser
2651 2534 3622 2616 auch ein Obertitel finden, zum mindesten
2328 2566 2569 2621 Sinteilung
3103 2581 3512 2651 auf diese forme
2787 2591 3071 2658 Ankünd 1 gun¬
2352 2608 2713 2671 önnte man in d
2383 2655 2549 2733 Geschied
