3873 3593
2044 711 2432 800 3, Tischer
3167 738 3426 844 9,4.1931.
2299 952 3003 1073 Lieber Herr Doktor Maril.
2634 1061 3605 1166 Ich kenne natürlich keinen Herr Mar-
2327 1109 3683 1220 cellini und habe ihm nie eine Autorisation erteilt.
2327 1163 3590 1278 aber selbst, wenn es der Fall gewesen wäre, hätte
2334 1206 3640 1316 ich nie und nimmer auf das mir gebührende Honorar
2332 1254 3640 1356 verzichtet. Man sollte doch einmal dieser italie-
2332 1292 3667 1401 niechen Autorengesellschaft schreiben, dass sie die
2327 1342 3595 1451 Rechte von den Autoren selbst zu erwerben haben
2341 1380 3571 1484 und sich nicht mit den beiläufigen Erklärungen
2339 1423 3650 1525 von Uebersetzern begnügen dürfen, resp. mindestens
2344 1444 3726 1571 von den Uebersetzern Legitimationen fordern müssten.
2343 1508 3662 1618 in denen das Recht der Uebersetzer zur Einkassie-
2344 1561 3609 1670 rung für den Autor bestätigt würde. Oder sollen
2344 1596 3683 1704 wir uns wieder einfach damit begnügen, dass man uns
2346 1635 3664 1754 den Namen des Honorareinsteckers bekannt gibt und
2351 1673 3679 1792 im übrigen, wie auch im letzten Falle Rökk Hichter,
2355 1737 3536 1858 die Sache auf sich beruhen lassen?
2722 1794 3721 1913 Haben Sie nichts über die Aufführung
2365 1856 3590 1972 vom "Spiel der Sommerlüfte " in Frankfurt a.M.
2358 1910 3598 2006 erfahren? Es gab Zeiten, da der Direktor
2362 1939 3616 2053 in einem solchen Fall den Autor von dem Ausfall
2365 1985 3604 2098 einer solchen Vorstellung mit einem Kärtchen
2368 2022 3710 2141 oder gar mit einem Telegramm zu verständigen pfleg
2375 2073 3674 2180 te, besonders wenn es sich um eine deutsche Unauf-
2365 2127 3700 2218 führung und einen persönlichen Bekannten handel-
2375 2158 3709 2260 te. Auch diese bescheidene Höflichkeit ist aus den
2379 2217 3757 2327 Verkehrsformen wie es scheint endgültig geschwunden.
2774 2265 3695 2384 Darf ich mein Ersuchen wiederholen
2375 2337 3679 2446 mir vor Erscheinen des "Reigen" Einbandzeichnung
2375 2370 3764 2501 und dergleichen zur Ansicht freundlichst zuzusenden?
2772 2468 3457 2594 Mit verbindlichen Grüssen
2789 2532 3310 2629 Ihr sehr ergebener
2375 2667 2989 2782 Herrn Dr. Konrad Maril,
