3875 3400
797 645 930 738 P.P.
656 721 1632 844 Die Bücherabrechnung für das zweite
423 788 1760 880 Halbjahr 1927 habe ich erhalten. Sie ist ja nicht
426 856 1699 932 sehr erfreulich. Immerhin ist es klar, dass Neu-
426 888 1808 983 ausgabe der Gesammelten Werke notwendig erscheint;
426 944 1742 1016 Ihrem Vorschlag entsprechend in Einzelausgaben",
435 978 1741 1061 Ich denke, es müsste nicht allzu schwer sein eine
428 1037 1666 1125 Anzahl dieser Exemplare zu numerieren, so dass
435 1066 1782 1144 we nigstens für diese der Cähmkter der Gesamtaus-
438 1118 1792 1199 gabe gewahrt bliebe. Was den Ergänzungsband anbe-
435 1168 1810 1242 langt, so weiss ich noch nicht, ob Sie sie entschlos-
440 1211 1756 1285 sen haben ihn so lange hinauszuschieben bis auch
443 1254 1739 1323 die Aufnahme von “Spiel im Morgengurann“ möglich
438 1276 1794 1373 würde. Ich kann mir vorstellen dass auch die drei
438 1339 1760 1416 Novellen "Fräulein Else" "Frau des Richters und
431 1375 1794 1451 "Traumnovelle) als Einzelband genügte stelle Ihnen
450 1421 1772 1501 aber selbstverständlich die Entscheidung ganz an¬
443 1471 1825 1547 heim. Sie teilen mir wohl auch bald mit zu welchem
452 1513 1775 1599 Preise Sie die "Einselausgaben" zu verkaufen ge-
447 1570 1732 1632 denken, wie hoch Sie das broschierte Exemplar in
367 1599 1672 1673 Rechnung stellen mit welchem Perzentsatz ich
450 1618 1768 1730 daran beteiligt bin (ich nehme 20% als selbstver-
454 1689 1784 1782 ständlich an xxx wie viele Auflagen Sie drucken
473 1735 1780 1837 und wie viele Sie mir vorauszubezahlen wünschen.
695 1785 1830 1901 Ich höre, dass Sie bald in die Schweiz rei-
452 1870 1720 1985 sen, ich wünsche Ihnen und den Ihren angenehmen
450 1925 1187 2020 und glücklichen Aufenthalt.
687 1987 1195 2089 Herzlichsten Gruss
692 2068 790 2142 Ihr
485 2260 1121 2374 Herrn S.Fischer,Verlag,
443 2329 650 2422 Berlin.
2148 578 2836 730 Pr Tischer
3205 605 3472 699 2.2.1928.
2791 762 3102 907 Ruis
2279 840 2665 938 Lieber Freund.
2518 940 3590 1042 Herrn Leon Schalit der Ihnen vermutlich
2277 1028 3605 1087 bekannte Uebersetzer von Galsworthy, frägt bei mir
2279 1075 3598 1128 an, ob er die "Therese" noch vor ihrem Erscheinen
2277 1121 3662 1175 für ein englisches Blatt ankündigen, resp. besprechen
2306 1170 3583 1232 dürfte. Von meiner Seite steht dem nichts ent-
2280 1189 3610 1278 gegen. Ich glaube Herr Sch. fährt dieser Tage nach
2279 1259 3550 1311 Berlin und wird sich persönlich mit Ihnen resp.
2286 1294 3467 1364 Dr. Maril in Verbindung setzen. Die "Thersse"
2286 1308 3510 1399 erscheint jederfalls sehr bald in Amerika bek
2282 1378 3595 1440 Schuster & Simon in New York, voraus lohtlich auch
2289 1421 3609 1482 bei Constable in London. Wie ich höre wird Viktor
2289 1468 3586 1535 Euckerkandl den Waasermann'schen neuen Roman bei
2286 1492 3641 1580 Ihnen besprechen und er möchte auch gern eventuell
2291 1561 3612 1618 in der "enen Rundschau über die „Tharase“ schrei-
2291 1611 3662 1670 ben. Wenn keine redaktionellen Bedenken dem wider-
2289 1651 3566 1711 sprechen, so würde ich diesen Wunsch umso lieber
2289 1696 3526 1749 unterstützen, als ich in diesem Falle auf ein
2289 1742 3664 1796 besondersv verstündnisvolles und verständnisinniges
2289 1778 3645 1879 Eingehen auf Gehalt und Sinn meines Buches rechnen
2291 1835 2487 1910 könnte.
2527 1910 3666 1972 Was nun den "Reigen" anbelangt, so sind nur
2282 1965 3640 2025 zwei Fälle möglich: dass er beschlagnahmt ist oder
2289 2001 3524 2068 nicht. Hingegen ist es absolut ausgeschlossen,
2289 2054 3574 2104 dass es nicht ernieber ist, ob er beschlagnahmt
2291 2092 3526 2170 ist oder nicht. Es gibt, es muss einen Behörde
2298 2137 3521 2208 geben, bei der man weiss.ob die Beschlagnahme
2296 2198 3593 2267 noch zu Recht besteht oder ob sie, wie ich über¬
2301 2244 3164 2327 zeugt bin, längst aufgehoben ist.
2534 2308 3607 2382 Sollte aber - was anzunehmen eigentlich
2294 2360 3579 2436 grotesk erscheint - eine Auskunft darüber nicht
2301 2393 3624 2472 zu erhalten sein, so ist man umso mehr berechtigt.
2294 2456 3528 2518 das Buch neuerlich herauszugeben.
2301 2489 3564 2567 als 1. das Risiko einer solchen Herausgabe aber
2289 2541 3557 2613 lut Null ist, ja nicht einmal anfänglich Kosten
