3897 3400
2051 517 2452 655 S. Fischer,
2706 570 3296 693 Auer, 10.2.1928.
2772 650 3040 759 Embare
2327 809 2951 902 Verehrter Herr Eipper.
2730 924 3646 1027 Mein Telegramm haben Sie wohl er-
2231 1000 3688 1082 hal en und daraus entnommen, dass der für die "Therese"
2238 1045 3646 1120 vorgeschlagene Einband mir absolut nicht zusagt; vor
2234 1098 3528 1167 allem die Farbe, dann auch, was natürlich weniger
2234 1142 3596 1207 wichtig ist, die Arabesken des Buchrückens. Auch der
2238 1187 3614 1256 Druck auf dem Buchdeckel lässt an ästhetischer Wir-
2232 1227 3548 1303 kung zu wünschen übrig. Es tut mir leid, dass nun
2238 1281 3574 1338 vielleicht eine Verzögerung der Ausgabe eintreten
2236 1316 3592 1403 wird, aber ich bat ja schon vor Wochen um freundli-
2238 1370 3639 1430 che Zusendung von Mustern und ich kann nichts dafür,
2240 1419 3615 1472 dass man mir nur diesen einen schon fertig gestell-
2243 1454 3577 1519 ten Band zugesandt hat. Sehr hübsch fand ich die
2243 1486 3652 1575 graue Farbe des Einbands von "Spiel im Morgengrauen"
2238 1548 3581 1606 aber es gäbe ja noch ein Dutzend Mö g lichkeiten.
2234 1554 3623 1655 Unmöglich ist nur bestimmt der mir gesandte Musteré
2245 1650 2383 1710 band.
2724 1710 3260 1782 Herzlichst grüssend
2724 1770 3086 1837 Ihr ergebener
2249 2280 2742 2374 Herrn Paul Eipper,
2245 2363 2724 2421 S.Fischer,Verlag.
2245 2403 2461 2468 Berlin.
2267 2615 3100 2692 Lel Grund bestemt Vergehen gegen
