3887 3512
374 765 1759 880 schiene mir kein starkes geschäftliches Risiko, denn
374 825 1764 908 zweifellos würde eine neue und vornehm ausgestatte-
374 873 1713 964 te Ausgabe des „Reigen“ im Verlag Fischer sich in
376 911 1715 1006 einer nicht allzu Ternen Zeit rentieren. Lasse ich
376 964 1589 1041 die Sache laufen wie sie ist so sind die bei
373 986 1715 1085 Harz erliegenden Bestände frühestens in 25 Jahren
290 1048 1759 1145 ausverkauft, denn für mich steht es zweifellos fest,
279 1099 1609 1174 wenn ich es auch nicht beweisen kann, dass ein
289 1147 1751 1220 grosser Teil der Exemplare gebunden, wahrscheinlich
393 1189 1680 1260 verpfändet und überhaupt nicht zu Harzens freier
320 1231 1733 1317 Verfügung ist und offenbar müsste die von dem neu-
391 1269 1744 1353 en Verleger an Harz zu zahlende Verkaufssumme die
396 1322 1695 1388 Auslösung der verpfändeten Exemplare decken. Der
382 1344 1733 1459 jetzt zu beschreitende Weg, (wenn Sie überhaupt ei¬
393 1403 1678 1490 nen Weg beschreiten wollen wäre also der Herrn
384 1441 1702 1532 Harz eine bestimmte Summe, sagen wir 3000 Mark zu
396 1488 1755 1576 bieten (man könnte eventuell bis 4000 gehen sofort
405 1536 1779 1627 zahlbar bei sofortiger Lieferung, wobei ich nochmals
404 1576 1715 1698 meine Bereitwilligkeit erkläre die halben Kosten
384 1658 699 1740 zu tragen.
665 1678 1653 1793 Im übrigen hat Harz das Urheberrecht
396 1759 1764 1845 nur bis zur 100. Auflage und ich wüsste nicht durch
402 1801 1755 1896 welches Gesetz ich verhindert sein sollte ohne die
404 1854 1753 1950 geringste Rücksicht auf Harz bei einem andern Ver-
402 1892 1755 1983 leger neue Auflagen erscheinen zu lassen,insbeson-
411 1943 1719 2013 dere, wenn es sich zeigt, dass Herr Harz die Rest-
407 1972 1735 2064 bestände nicht verkaufen kann oder verhaufen will
405 2033 1722 2115 und mich somit wissentich oder unwissentlich in
402 2075 1656 2170 der Ausübung meiner persönlichen Autorenrechte
411 2115 1740 2199 schädigt. (Mir ist beinahe, als ob ich all das
1008 2181 1088 2234 .8.
416 2171 1003 2257 schon gesagt hätte.)
652 2219 1733 2318 Mit bestem Danke sende ich die Kritiken
411 2294 1748 2376 über die "Therese" zurück, mit denen wir ja, wie ja
411 2341 1722 2420 auch mit dem buchhändlerischen Erfolg des Romans
411 2396 1191 2500 recht zufrieden sein dürfen.
1541 2396 1633 2453 G.H.F.P
685 2445 1804 2549 Der Antwort von Dr. Maril auf die in Ihrem
535 2520 1746 2593 nndlichen Schreiben nicht behandelten Theater-
520 2564 1498 2646 triabsfragen sehe ich gern entgegen.
670 2624 1328 2708 Mit herzlichen Grüssen
2290 530 2500 643 8 & 16
2023 597 2246 721 Hark
3019 672 3291 767 7.6.1928.
2728 778 2982 873 Kan
2288 853 2959 973 Sehr geehrter Herr Harz.
2677 972 3534 1056 Noch immer erwarte ich Ihre mir
2296 1052 3561 1127 freundlichst zugesegte Aufstellung über die im
2310 1094 3534 1160 Laufe der letzten Jahre von Ihnen abgesetzten
2310 1127 3570 1213 Exemplare des „Reigen“, mindestens nach Halbjah-
2310 1174 3561 1246 ren geordnet. Das kann Ihnen doch unmöglich so
2310 1229 3570 1293 grosse Schwierigkeiten bereiten und Sie würden
2307 1266 3587 1346 mir eine Gefälligkeit erwiesen, auch eine Erle-
2310 1320 3561 1377 digung der Angelegenheit für sämmtliche Betei-
2307 1340 3563 1430 ligten resp. die eventuelle Uebernahme der bei
2305 1397 3545 1494 Ihnen noch vorhandenen Exemplare erleichtern.
2635 1477 3338 1578 Mit verbindlichen Grüssen
2316 2011 2683 2113 Herrn S. Harz.
2327 2078 2518 2139 Vèrlag.
2321 2120 2524 2193 Berlin.
