3883 3561
1972 682 2425 761 P. Tischet
2877 811 3193 910 13.12.1930.
3118 900 3255 957 G.H.F.P.
2980 948 3240 1004 dson 13m
2830 912 2924 1005 G.F.P.
2318 948 2719 1057 Lieber Freund.
2750 988 3271 1050 seiner gewiß aus
2367 1042 3638 1152 Wie mir der Ullsteinverlag (Dr.Max Krell)
2333 1132 3571 1196 mitteilt, kann meine Novelle erst im Mai (spä-
2340 1179 3519 1246 testens Juni) und zwar in der Vossischen er-
2347 1181 3581 1286 scheinen. Unter diesen Umständen wird uns wohl
2325 1253 3546 1320 nichts anderes übrig bleiben mit dem Buch bis
2340 1308 3581 1366 zum nächsten Herbst zu warten. Damit wird die
2340 1350 3586 1408 Frage des billigen Novellenbuches akut und ich
2347 1387 3492 1463 nehme an, dass Sie dieses ungefähr zugleich
2342 1423 3659 1500 mit dem "Reigen" herausbringen wollen. Wir müssen
2333 1470 3658 1544 uns bald über die Zusammenstellung einigen. Ob nu
2342 1519 3559 1594 die kleineren Novelien, etwa zwölf an der Zahl
2347 1527 3664 1632 oder diese und etwa noch den "Leutnant Gustl" ode
2347 1611 3609 1678 eine noch grössere, etwa "Graesler" oder "Traum-
2348 1617 3656 1738 novelle“ dazu, Buchschmuck nur ornamental oder et-
2343 1703 2808 1793 wa illustrativ -?
2592 1754 3633 1840 Ich danke Ihnen noch für Ihre freundli-
2352 1820 3537 1893 chen Worte über die Hovelle. Damit, dass der
2333 1830 3609 1938 Brudermord nicht absolut zwingend erscheint, ha-
2347 1910 3611 1974 ben Sie wahrscheinlich Recht, aber manche andere
2352 1938 3698 2027 Gedanken, Regungen und Handlungen des - sagen wir —
2378 1999 3593 2069 Helden entbehren gleichfalle der Notwendig-
2362 2029 3696 2117 keit und Ueberzeugungskraft, seine Zwangevorstellun-
2362 2089 3678 2161 gen unterliegen keinem logischen Gesetz, im Ganzen
2352 2126 3681 2213 aber halte ich den Ablauf,sowie ich ihn geschil-
2362 2169 3671 2250 dert habe und damit auch den tragischen Abschluß
2367 2221 3604 2281 für durchaus möglich und mit Rückeicht auf das
2357 2251 3586 2323 Zusammentreffen unglücklicher Umstände in den
2362 2310 3649 2372 letzten Tagen seiner Existenz für unaufhaltsam.
2362 2347 3624 2418 Ich hatte zuerst ganz ähnliche Bedenken wie Sie
2362 2395 3582 2462 und ich gestehe Ihnen auch heute zu, dass rein
2363 2415 3659 2497 äusserlich genommen der Mord an dem Bruder nicht
2367 2477 3654 2552 hätte geschehen müssen. Ich will mich nicht ein-
2367 2519 3658 2592 mal darauf ausreden, dass der Mord, ebenso wie der
2362 2569 3641 2659 Selbstmord hier wie in so vielen anderen Fällen
