3898 3576
2158 666 2560 781 Tischer
3023 730 3287 811 3.4.1930.
2389 935 2948 1048 Lieber Doktor Maril,
2749 1038 3635 1159 Darf ich Sie bitten mir mit aller
2384 1129 3743 1239 möglichen Präzision zu sagen,wie die Angelegenheit
2396 1188 3130 1277 Barnowsky eigentlich steht?
2719 1228 3671 1323 1. Kann ich, wenn schon nicht sofort
2392 1290 3712 1372 auf den ganzen Betrag doch die Vor-
2398 1358 3642 1442 lage einer genauen Abrechnung über die einzel-
2396 1403 3097 1487 nen Aufführungen erwarten?
2796 1463 3717 1578 Zu welchem Termin wird die Auszah-
2392 1492 3285 1615 lung der gesamten Summe erfolgen?
2796 1588 3638 1690 Welche Machtmittel besitzen Sie
2401 1634 3719 1720 um die Gesamtsumme derxxx zum Teil veruntreuten
2403 1700 3394 1802 Tantièmen für uns herein zu bringen?
3247 1770 3332 1802 G.F.P.
2716 1774 3813 1844 4. Kann ich darauf rechnen, dass Sie alle
2392 1817 3729 1901 gesetzlichen Mittel rücksichtslos anwenden
2398 1873 3801 1955 werden, um die Direktion zur Erfüllung einer Zahlungs-
2408 1927 3719 1994 pflicht zu bewegen, das sie sich vom ersten
2401 1964 3757 2055 Tage des laufenden Kontraktes an in unverantwortli-
2398 2013 3395 2106 cher Weise zu entziehen gewusst hat?
2712 2067 3401 2177 Mit verbindlichen Grüssen
2770 2142 2866 2221 Ihr
2389 2431 3000 2529 Herrn Dr. Konrad Maril,
2396 2502 2869 2579 S. Fischer, Verlag.
2389 2550 2609 2632 Berlin.
