3869 3561
2669 582 2902 692 Fevak
2020 612 2345 748 l'Fischer
2758 709 3124 806 Caux 25.8.29.
2244 846 2698 938 Lieber Dr.Maril.
2599 928 3524 1009 Meinen Erfahrungen nach stimmt das
2258 983 3517 1075 mit den 15/6 Provision keineswegs. So zahle ich
2266 1027 3482 1106 bei Bloch (Libretto von Pierette), Schott (Li-
2268 1049 3594 1152 bretto Liebelei) seit jeher 10% und in den wenige
2271 1109 3544 1196 Auslandsfällen bei Karczag habe ich regelmässig
2268 1156 3400 1243 106 Provision gezahlt. Daran hat sich auch
2263 1186 3571 1288 während des Kriegs nichts geändert. Nun kommt in
2265 1244 3522 1328 unserem Falle noch dazu, dass ich vor dem Krieg
2266 1286 3566 1370 nur 7% zahlte (da ich nach dem Zusammenbruch von
2275 1323 3507 1413 Entsch unter den Bewerbern den Verlag Fischer
2270 1370 3566 1455 wählte,bedeutete das vielleicht ein Eentgegen-
2270 1408 3606 1505 kommen) und die Steigerung anlässlich
2263 1465 3544 1539 des Krieges war nur vorübergehend gedacht. Wenn
2265 1504 3492 1589 Sie auch heute noch 12 oder gar 15% oder noch
2266 1545 3574 1631 mehr berechnen, ist das Ihr gutes Recht; das mei-
2261 1592 3509 1674 ne aber ein Hinuntergehen auf 10/6 zu beanspru-
2265 1611 3598 1716 chen. Die Verantwortung hiefür werde ich mit Ver-
2275 1669 3542 1768 gnügen allen höheren Provisionzahlern gegenüber
2275 1706 3519 1806 nehmen; ebenso mäsxxx
2271 1743 3547 1841 wie gewiss diejenigen,denen Sie 12%
2275 1805 3494 1893 berechnen, sich gegenüber den Höherperzentigen
2275 1835 3537 1932 zu verantworten wissen werden. Dass die 2/2 mehr
2280 1887 3492 1972 oder weniger für den eventuellen Gewinn über-
2280 1917 3624 2029 haupt in Betracht kommen, ist wohl nicht sehr ernst
2280 1972 3485 2059 zu nehmen. Sowohl im Fall eines Kassenerfolgs
2280 2017 3554 2102 als im Fall des Versagens werden die 2% für den
2286 2057 3522 2144 Verlag Fischer keine Rolle spielen. Ihr Risiko
2283 2101 3491 2189 ist doch nur das Postporto bei den durch die
2280 2139 3571 2244 Direktionen verlangten Exemplaren. Von automati-
2283 2173 3576 2283 scher Versendung sehen Sie doch (sehr mit Recht)
2278 2241 3574 2338 ab. Ich möchte gleich in diesem Zusammenhang er-
2283 2286 3504 2388 wähnen, dass Sie vorläufig (auch privat) nicht
2286 2343 3556 2444 etwa irgendwelchen Interessenten das Stück zur
2286 2387 3621 2489 Einsicht überlassen dürfen - es sei - denn auf mein
2288 2435 3480 2522 ausdrückliches Ersuchen, umso weniger als ich
2286 2484 3562 2569 erhebliche Aenderungen vorzunehmen gedenke. So-
