3927 3544
1961 626 2179 744 Harr
3122 680 3431 807 1.10.1928.
341 723 1772 848 früheren Bände der Gesamtausgabe?.deren Erscheinen ja
339 800 1750 891 schon vor mehr als einem Jahre als ziemlich dringend
349 885 813 964 bezeichnet wurde.
2145 902 2818 1014 Sehr geehrter Herr Harz.
619 902 1834 1016 10. Ist der Verkauf der "Therese" noch weiter
350 975 1780 1068 zufriedenstellend? Besonders fein fand ich die Worte
354 1023 1728 1116 von V.Z. in der letzten Nummer der Neuen Rundschau;
2529 1006 3481 1098 Sie schreiben in Ihrem Briefe vom
2689 1044 3541 1144 ‘Es stimmt vollständig, dass nach
356 1068 1756 1156 ein wenig bedauert habe ich es auch um seinetwillen.
2154 1075 2697 1176 26.September d.J.: "
354 1092 1812 1198 dass dieses Referat, gegenüber den sonstigen Gepflogen-
2169 1116 3515 1211 unserem Vertrag das Verlagsrechts des „Reigen“ bei
360 1159 1750 1247 heiten der Neuen Hundschen bei immerhin hervorragen-
2169 1137 3586 1258 Veranstaltung einer neuen Auflage an Sie zurückfällt.
2162 1195 3565 1299 So lange jedoch Bestände vorhanden sind, ist das Ver-
363 1198 1713 1292 deren Erscheinungen des Fishder-Verlags und trotz
363 1243 1735 1331 meiner seinerzeitigen bescheidenen "ndeutung" nur in
2168 1252 3284 1359 anstalten einer neuen Auflage unzulässig.
365 1299 1761 1385 den "Anmerkungen" seinen Platz fand. Ich weiss wohl,
363 1336 1780 1424 dass das für den Verkauf vollkommen belanglos ist, im-
2548 1314 3573 1416 Sie schreiben ferner!"Die versprochene
363 1374 1787 1469 merhin darf ein Zufall, der sich gerade bei meinen Bü-
2177 1377 3526 1487 genaue Aufstellung der in den letzten Jahren durch
371 1396 1869 1506 chern so gerne wiederholt,- wir hatten ja schon Gelegen-
2177 1415 3631 1523 mich abgesetzten Exemplare ist nicht so einfach zu ma-
2175 1467 3604 1566 chen und arbeiten meine Leute daran schon sehr lange.
369 1472 1797 1579 heit davon zu reden - ein ganz klein wenig befremden.
2175 1508 3606 1607 Es handelt sich um Absatz von 1-2 Exemplaren.“ Einige
609 1538 1707 1642 Nach all diesen Punkten und Fragezeichen,
2175 1545 3528 1644 Zeilen später schreiben Sie: "Es ist sehr möglich,
2184 1594 3506 1700 dass innerhalb eines Jahres vielleicht 50, oder 80
371 1582 1836 1689 die wohl alle ihre freundliche Lösung und Beantwortung
373 1640 1804 1739 finden werden, lassen Sie uns, lieber Herr Doktor Maril
2184 1653 3025 1752 oder 10 Stück verkauft werden.
378 1689 1694 1774 wenigstens in geschäftlichem Sinn - ein günstiges
2566 1707 3506 1810 Es steht aktenmässig fest, dass Ihre
408 1724 1810 1825 Jahr gemeinsamer freundschaftlicher Arbeit erhoffen,
412 1776 1731 1873 bestellen Sie bitte Herrn Fischer und seiner ver-
2188 1785 3508 1892 Lagerbestände sich am 11.12.1926 4521 Exemplare,
410 1804 1761 1897 ehrten Gattin, denen ich in dieser Zeit für so viel
3042 1826 3146 1890 auf
417 1862 1759 1951 liebe herzliche Worte zu danken hatte, meine aller-
2194 1858 3511 1961 am 5. März 1928 auf 42000 Exemplare beliefen, dass
2201 1901 3588 2009 also in fünfeinviertel Jahren allergünstigst gerech-
416 1908 1713 2002 besten Grüsse und s eien Sie selbst in alter Sym-
2199 1961 3528 2046 net, 20 Exemplare verkauft wurden. Das ist nur da-
417 1970 1111 2063 pathie vielmals gegrüsst.
2205 1996 3467 2095 durch zu erklären, dass das Buch dem Vertrieb so
691 2004 1200 2095 Ihr sehr ergebener
2209 2035 3603 2140 gut wie entzogen war und ist. Entweder weil der Ver-
2199 2076 3565 2181 Tag keinerlei Wert darauf legt es weiter zu verkau-
2209 2138 3536 2229 fen oder es aus irgend einem Grunde nicht so
2207 2143 3575 2279 vertreiben kann, wie er im Interesse des Autors ver-
2216 2222 3534 2315 pflichtet wäre. Es ist evident, dass unter gleich-
2214 2261 3485 2352 bleibenden Umständen ungefähr zweihundert Jahre
425 2261 1055 2354 Herrn Dr. Konrad Maril,
2214 2281 3614 2402 vergehen müssten bis Sie Ihre Bestände abgesetzt ha-
429 2333 1085 2415 S.Fischer,Verleg,Berlin.
2210 2395 2335 2471 ben.
2591 2425 3543 2527 Sie schreiben weiter, dass ich Ihrer
2216 2483 3549 2591 Auffassung nach, so lange Vorräte vorhanden, eine
2216 2531 3547 2617 neue Auflage nicht veranstalten lassen dürfe. Sie
2222 2579 3532 2686 setzen freilich hinzu, dass falls ich es doch tun
2225 2630 3578 2781 würde (eine neue Auflage veranstalten) Sie dieser
1387 2853 1469 2941 me
