3896 3479
2051 512 2470 654 S. Fischer
2737 544 3048 672 I have by
3050 629 3315 706 8.3.1928.
2752 646 2977 771 Je w
2769 718 3098 839 les Huf.
2873 816 3141 901 Bawr
2244 840 2903 950 Verehrter Herr Eipper.
2659 959 3621 1054 Ich danke bestens für die freundli¬
2263 1003 3602 1101 che Ueberwendung der Ankündigung. Ich habe nur ei-
2259 1088 3560 1145 nige kleine Aenderungen, besonders in der zweiten
2259 1126 3560 1203 Hälfte und gegen Schluss anzubringen mir erlaubt
2259 1175 3579 1269 und bitte mir vielleicht noch eine Korrektur sen-
2263 1226 3426 1284 den zu wollen. Den Empfang des Schecks über
2257 1265 3175 1356 10.000 Mark bestätige ich dankend.
2659 1352 3564 1409 Bei dieser Gelegenheit möchte ich
2259 1396 3462 1451 noch anfragen, wie es mit der Neuausgabe der
2259 1439 3587 1509 Gesamelten Werke, insbesondere mit dem Ergänzungs-
2259 1492 3551 1560 band steht und möchte auch die Frage der Neuauf-
2253 1526 3634 1607 lage von Casanovas Heimfahrt“, deren Rostexempla-
2268 1571 3534 1641 re vor 1-1- Jahren verramscht wurden, wozu jetzt
2268 1609 3557 1700 vielleicht die Zeit gekommen, wieder zur Sprache
2259 1673 2503 1747 bringen.
2639 1723 3621 1809 Wie ich weiterhin der "literarischen
2263 1796 3509 1857 Welt" entnehme ist zwischen dem F ischerverlag
2266 1828 3594 1906 und dem russischen Verlag Ogoniok megen Austausch
2293 1893 3566 1944 der in den beiden Verlagen erscheinenden Werke
2272 1944 3562 1983 ein Abkommen getroffen worden und ich möchte an-
2272 1981 3643 2038 fragen, ob ich Ihnen nicht zur eventuellen Beschleu-
2266 2019 3617 2087 nigung die schon bestehende russische Uebersetzung
2042 2027 2187 2098 v von
2027 2066 3541 2129 Verkandlungen von „Therese“ übersenden sollte, damit Sie diese
2274 2112 3643 2168 indess von Frau Dr. Menezel neu überarbeitete Uebert
2272 2155 3670 2202 setzung dem russischen Verlag zur Einsicht vorlegen.
2266 2191 3623 2255 Dies gesch'he ganz unverbindlich und bedeutet kei-
2266 2244 3623 2329 nerlei xxxverpflichtung für den Ogoniok.- Verein
3030 2278 3173 2338 Sie oder
2614 2304 3336 2397 Mit verbindlichen Grüssen
2614 2368 3115 2450 Ihr sehr ergebener
2259 2531 2786 2622 Herrn Paul Eipper,
2257 2603 3258 2678 Verlesen besteht vergehen gegen das
