3859 3576
2143 661 2535 771 v. Tischer
3187 772 3442 864 6.2.1930.
2408 912 2939 976 Lieber Herr Doktor.
2772 1025 3742 1110 Zur Erklärung der Angelegenheit, über
2411 1091 3660 1150 die Sie mit gutem Rechte ungehalten sind, sende
2417 1141 3629 1207 ich Ihnen hiemit meiner soeben an Herrn Pro-
2411 1196 3628 1238 fessor Porterfield gerichteten Schreiben. Es
2414 1233 3652 1284 ist sozusagen wieder einmal ein Schulfall. Dis
2409 1274 3679 1333 Leute beginnen Verhandlungen, lassen nichts mehr
2411 1320 3657 1376 von sich hören, wenn ihnen die Einwendungen und
2417 1366 3638 1419 Bedingungen des Autors einigermassen unbequem
2404 1410 3592 1471 sind und tun dann einfach, was sie wollen. So
2411 1433 3697 1533 lange hier nicht automatisch eine Schadenersatz.
2411 1499 3601 1553 pflicht der betreffenden Individuen eintritt
2408 1542 3726 1594 so lange wir,mit einem Wort, nicht ein internatio-
2411 1584 3590 1637 nales Urheberrecht haben.durch das geistige
2408 1617 3674 1683 Werte ebenso streng geschützt werden, wie es mit
2403 1670 3619 1727 materiellen der Fall ist, werden die geistigen
2403 1719 3642 1765 Arbeiter Rücksichtslosigkeiten, Diebstählen und
2393 1758 3674 1814 Räubereien weiterhin ausgesetzt bleiben, wie sie
2408 1807 3674 1881 es heute sind. Ich stelle Ihnen frei hier ganz
2393 1850 3482 1909 nach Ihrem eigenen Ermessen vorzugehen.
2662 1922 3754 2006 Für heute nur dies und xxxx verbindliche
2398 1976 2583 2055 Grüsse
2695 1991 3259 2102 Ihres sehr ergebenen
2389 2253 3004 2363 Herrn Dr. Konrad Maril,
2399 2324 2867 2414 S.Fischer, Verlag,
2391 2368 2604 2440 Berlin.
