3873 3593
2026 658 2374 830 S. Tischer
2980 773 3283 867 18.4.1931.
2270 946 2982 1089 Lieber Herr Doktor Maril,
2802 1074 2889 1126 G.H.F.P.
2608 1067 3596 1158 Einband-und Umschlagmuster "Reigen"
2283 1130 3610 1227 habe ich erhalten. Gegen die graue Färbe des Ein-
2293 1165 3509 1268 bands habe ich weiter nichts einzuwenden. Die
2298 1212 3507 1308 blauen Buchstaben gefallen mir schon weniger.
2300 1264 3602 1355 Schwarz oder rot hielte ich für besser. Das völ-
2298 1300 3617 1399 lige Fehlen, auch der geringsten ornamentalen Aus-
2305 1340 3536 1440 schmückung hat mich ein wenig enttäuscht. Das
2303 1392 3571 1483 liegt vielleicht auch daran, dass von einer Ein-
2308 1436 3570 1519 bandzeichnung die Rede gewesen war,sogar davon,
2305 1467 3652 1583 dass Frau Dr. Hermann eventuell einen Entwurf dafür
2312 1552 2751 1628 zeichnen wollte.
2608 1574 3625 1682 Was nun den Umschlag anbelangt, so ist
2312 1652 3563 1739 das Feuilleton von Salten, worüber wir janeinig
2319 1667 3639 1788 sein dürften, sehr schön. Ob es ganz geschmackvoll
2320 1734 3617 1830 ist oder auch nur propagandistisch richtig; eine
2317 1775 3602 1876 solche Arbeit auf Vorder-und Rückseite des Um-
2320 1820 3671 1911 schlags zu drucken,scheint mir im Ganzen und Gros-
2324 1864 3674 1957 sen fraglich; meiner Ansicht nach eignet sich ge-
2324 1919 3578 2009 rade ein Umschlagblatt für solche Zwecke nicht
2329 1946 3672 2044 besonders. Nützlicher für alle Beteiligten schiene
2332 1987 3608 2090 mir es beinahe eine so wertvolle Arbeit auf die
2332 2029 3652 2128 letzte Seite des Buches und besser noch in irgend
2339 2081 3686 2174 ein anderes meiner Bücher, nicht des „Reigen“ selbe
2339 2167 2645 2229 zu drucken.
2598 2192 3664 2292 Mit der Ankündigung meiner Werke im Um-
2340 2228 3694 2352 bus der Umschlagseiten bin ich recht einverstanden
2340 2300 3620 2394 wenn Sie bei dieser Gelegenheit auch den "Geist
2351 2342 3637 2448 im Wort und der Geist in der Tat“,sowie auch das
2347 2376 3659 2473 im Phaison-Verlage erschienene Buch der "Sprüche
2351 2435 3588 2516 und Bedenken" unterbringen könnten, wäre es mir
2362 2482 3435 2559 angenehm; übrigens fehlt auch der "Gang
3425 2473 3593 2549 zum Die
2883 2516 3285 2590 nödie der Verfüllung
3322 2529 3563 2615 machlage
2566 2551 2756 2617 und die
2361 2544 3290 2659 Ausakonung an einzelnen Stellen des
