3898 3576
3494 694 3709 777 Fischer
1809 713 1985 805 ..
3500 736 3748 823 5.3.1930.
3507 811 3702 869 Blett 2
2542 867 3755 951 sollte, erkläre ich ausdrücklich mir sämtliche
2533 954 3769 1013 mir geeignet erscheinenden Schritte ohne wei-
701 915 2054 1015 als wir zwei andere Chancen gerade hinsichtlich des
2540 984 3407 1059 tere Verzögerung vorzubehalten.
692 993 1951 1064 "Bernhardi", eine geringere am Staatstheater und
694 1041 1937 1096 eine sehr wesentliche für das nächste Jahr bei
2724 1052 3762 1139 Ich glaube mit diesem Briefe Ihnen zu
694 1087 1460 1174 Klein mit Bassermann hatten.
2542 1093 3702 1194 gleich in dem von Ihnen gewünschten Sinne
2536 1165 3120 1235 geantwortet zu haben.
937 1144 1987 1231 Es ist mir auch nicht klar,ob Barnowsky
688 1192 1985 1281 noch andere Verpflichtungen hat als gegen mich,
2712 1224 3326 1320 Mit herzlichem Gruss
701 1256 2013 1316 insbesondere ob den Arbeitern an seiner Bühne und
2748 1298 3248 1373 Ihr sehr ergebener
701 1311 1951 1366 den Schauspielern Geld schuldig geblieben ist,
940 1353 1988 1451 Irgendwelche Rücksichten gegenüber Bar-
694 1440 1969 1495 nowsky scheinen mir aus einer ganzen Anzahl von
653 1479 1964 1541 Gründen durchaus unangebracht. Das Vorgehen und
701 1522 1987 1582 Benehmen Barnowskys mir gegenüber im Lauf dieser
701 1559 2010 1632 letzten Jahre, dieser Mangel an primitiveter Höf-
701 1605 1917 1676 lichkeit gegenüber einem Autor der vielleicht
706 1660 2019 1724 auch auf mehr als auf Höflichkeit Anspruch machen
710 1701 1967 1760 dürfte, die komische Ueberheblichkeit, mit der er
701 1738 2011 1806 sich allen Ernstes einbildete durch die Verweige-
701 1791 1972 1854 rung einer eventuellen Aufführung von "Fräulein
710 1845 1923 1891 Else“ Grund zur Entrüstung mir (und Elisabeth
710 1873 2132 1944 Bergner) gegenüber zum Ausdruck zu bringen. xxx
704 1921 1894 1983 sind keineswegs geeignet meiner persönlichen
2536 1930 3138 2034 Herrn Dr. Konrad Maril,
706 1962 2013 2036 Sympathie, so weit sie noch bestandenhat, besonders
2538 1995 2999 2066 S.Fischer,Verlag,
704 1999 2105 2075 förderlich zu sein. Dazu kommt, dass die
702 2058 2036 2118 letzte Aufführungserie des "Bern-
2538 2040 2751 2111 Berlin.
702 2098 2003 2168 hardi" in Berlin so ziemlich in rein materiellem
710 2137 2001 2207 Sinne die beinahe einzige erheblichere Einnahme-
710 2189 1978 2253 möglichkeit bedeutete, die im Laufe der letzten
710 2233 1994 2288 Jahre in Berlin, ja in ganz Deutschland beinahe,
710 2272 2034 2340 in Betracht gekommen ist und ich nicht die gering-
710 2324 2033 2373 ste Lust verspüre gerade um diese gebracht zu wer-
710 2368 1999 2414 den. Endlich zweifle ich nicht daran, dass es für
702 2418 2031 2464 Barnowsky keine besonderen Schwierigkeiten haben
706 2448 2045 2508 dürfte sich einer Schuld zu entledigen, die ihm er
710 2506 2042 2565 meines Erachtens unter allen aus den hier angedeu-
702 2547 2019 2606 teten Gründen ### als die allerdringendste
702 2590 1174 2668 empfinden müsste.
873 2620 2015 2732 Falls die Angelegenheit aber nicht auf
679 2701 1827 2765 kürzestem Wege in meinem xxx alldigt sein
