3927 3544
2938 652 3271 765 25.10.1928.
1938 596 2429 772 S. Fischer
2611 720 2950 931 Reipi
2128 896 2534 1008 Lieber Freund.
2513 994 3469 1101 Hier ist der Brief in Abschrift den
2139 1068 3388 1167 ich an Herrn Harz abzusenden gedenke. Im Sinne
2146 1089 3472 1218 unserer letzten Unterredung halte ich Sie nun für
2155 1157 3512 1258 absolut entschlossen für den Fall, dass Harz meinen
2158 1201 3420 1298 Vorschlag nicht ohneweiters akzeptieren sollte,
2160 1248 3406 1342 eventuell noch bis zu einer Kaufsumme von 3000
2151 1276 3415 1391 Mark zu gehen, für den Fall aber, dass Harz sich
2158 1319 3476 1433 auch damit nicht zufrieden geben sollte, ohne jede
2167 1384 3364 1475 weitere Rücksicht eine Neuausgabe des "Reigen
2167 1443 3053 1540 in Ihrem Verlage zu veranstalten.
2534 1480 3493 1601 Sie werden es gewiss begreifen, wenn
2169 1536 3505 1650 ich diesen Ausdruck Ihrer absolten Entschlossenhe###
2169 1590 3493 1713 gern mit zwei Worten schriftlich von Ihnen bestä-
2174 1641 3469 1753 tigt haben möchte; denn wenn nicht alles weitere
2170 1688 3472 1793 so erfolgt, wie es im Sinne dieses meines Briefes
2176 1732 3530 1826 an Harz erfolgen muss, so hätte ich mich mit diesem
2176 1775 3500 1868 Schreiben nur lächerlich gemacht, was ich begreif
2177 1856 3121 1943 licherweise gerne vermeiden möchte.
2553 1901 3465 2003 Der Ordnung wegen möchte ich noch
2188 1947 3518 2057 einmal hinzusetzen, dass ich auch weiterhin bereit
2188 1997 3519 2099 bleibe die Hälfte der Ankaufskosten persönlich zu
2191 2081 2504 2149 übernehmen.
2590 2104 3460 2205 Ueber alles weitere ein nächstes
2183 2172 3437 2272 Mal, für heute möchte ich Ihnen nur noch einmal
2197 2207 3553 2322 sehr herzlichen Dank sagen für alle Freundlichkeit
2202 2244 3609 2364 und Freundschaft, die Sie mir anlässlich meines letz-
2202 2315 3346 2415 ten Aufenthaltes in Berlin erwiesen haben.
2597 2370 3270 2480 Mit herzlichsten Grüssen
2599 2473 2710 2548 Ihr
2209 2572 2854 2686 Herrn S.Fischer,Verlag,
