3592 4232
2819 251 3056 525 nt
292 337 1820 649 lagen. Aus aus
1525 587 3053 848 es ist bei reiz, was ich
398 587 1480 865 Ich werde abreisen
306 797 3063 1102 thier kam. Werk ich die man zum schon¬
597 1054 3231 1435 nach betret kommen. Ich wort je wäre,
817 1370 3183 1679 ich wird Tage lang, einen immer
247 1353 731 1686 muss.
244 1593 2980 1992 meinen... Jeht sel ich noch kei Ynaar
237 1913 1452 2349 antich Abm
354 2119 3073 2558 Er ging xxx ein Kaffelein nochri. So fiel ihn
268 2452 2462 2805 ein, daß es seit juste le Gl.
2579 2380 3073 2723 Kunft
1916 2637 2496 2816 hier für
2242 2692 3190 3035 Erüsstückte.
694 2795 2198 3121 genossen; er
268 2774 577 3166 B.J
295 3015 3056 3410 Nach einer Als in dessen sie der
378 3221 2768 3612 verließ, war es neue Af vorbei
433 3496 3059 3746 Nun kon nun kei ich wird hie. Sie mit
340 3684 2984 4017 ich sie ich auf sie ja noch einen Ehehen.
