3544 4328
270 694 633 917 geblichten
324 881 424 1061 1
370 1456 525 1578 ntl
392 1503 3110 1733 das Tag auf seinen Ryan und raucht ein Gewette.
306 1654 3088 1974 Abtründet sich die hiebeute Gerette an. Ein
1934 1880 2901 2060 das Zeuge klopfst ihm
403 1945 3268 2189 Stiunde wartet in schon; unter
435 2161 3149 2452 einen unangenehmen Gesicht inhalb, und
856 2391 1355 2524 te weil
395 2419 3124 2675 w wemsmal kam ihm nor, als hätte, in
421 2689 3315 3002 vergesse zu abgenommen müßt, der nach
457 2926 3236 3232 holen, dann zog er die Licht in tiefe zuge¬
421 3192 3264 3494 ein, aber er wurd ihm nicht wohler. Um
963 3444 1445 3685 Rynock
812 3430 3282 3825 Als sehr dort Herrsel sein kamen
503 3505 823 3821 Es so
431 3796 3293 4095 es wie je nur dasselbe; nur nicht er
