3544 4232
1831 205 2967 585 Ehe ich schon
230 318 1787 632 ihre laufrau insi
227 482 3003 888 -  I am seh - Mor ich sie sah kaum
285 840 2938 1144 Ich muss sie seh u. je ich nicht, mein
2181 997 2985 1312 Yours, a
241 1056 2105 1377 man mein gebiett todt.
201 1253 3139 1611 behler tat sehr. - Aber wir nur nur
278 1505 3204 1831 in der Sterbegun lasse u Gericht, d für
227 1790 3044 2163 worden ge alle offen stehen, er war wie
285 2064 3139 2441 keit dort sei u mit Ihm wünsicht
256 2415 859 2748 stehen
347 2583 3150 2941 er eille. - Wieseltsam! - Er diese Gelegen¬
1779 2923 3091 3237 Gatta des a
311 2919 1736 3277 heit werd ich ihre
336 3171 3044 3515 Mad nach dem Theil jene Ahne
1359 3420 3084 3741 so bei wiederseh. M
318 3540 1323 3866 in theil zu &
1564 3679 3234 4034 nach, wäßt. Ihr im
289 3778 1564 4070 we daller off
