6328 4457
3591 253 4645 441 Wien, den 21. December 1918
1748 337 2211 598 Bermos
3564 383 4488 586 XVIII Sückenschauesstr. 1
5546 529 5772 698 ochszeit
5538 663 5779 839 issement des
4856 667 5442 828 peut, mais il a
1709 724 2671 1027 Sehr verehrter Herr Doktor,
5097 782 5768 970 Monsieur le Décembre
5235 916 5795 1104 Londresse de les
2618 866 4741 1142 ich wollte Ihnen für das Exemplar Ihres Buches, das
1790 1054 4871 1280 he mir in so überaus gütiger Weise geschickt haben, nicht danken, bew ich les
4963 1058 5814 1223 G###eLxxI S20:3
1794 1134 4733 1407 es mitt gelesen hatte; jetzt dankte ich Ihnen nicht so sehn für das Exemplar,
1805 1253 4695 1522 als für das Meisterwerke. Es hat mich stärker gepacht und beschäftigt, als
1832 1395 4718 1713 tigend ein wieder sich der letzten Zeit, einer grausamen Aufrichtigkeit, der
1824 1548 4668 1767 herrischen Überlegenheit der Form, dem spielerischen Feix, des Enfalls weiss ich
1820 1652 4760 1924 kaum etwas Schuldes zu vergleiden. Ich bilde um ein, den Inhalt tiefer verstanden,
1805 1809 4745 2027 nur haben als die meisten Ihrer Revensenten; eben deswegen freie ich mich rosen, in
1832 1943 4729 2158 der Novelle einen neuen Beweis Ihrer nicht unveränderten, sondern verstärkten
1843 2058 3564 2311 Tugendkraft nam bewundern zu können.
2667 2185 3649 2472 In aufrichtiger Verhrung
5595 2457 5825 2625 sse's
5595 2602 5848 2744 & 28.9
4936 2583 5492 2752 tout ou.p.v.73
3511 2568 4369 2809 Richard A. travaux
5599 2721 5871 2871 344º.64
4998 2805 5871 3001 et aiuta soo ee
4959 2951 5871 3139 proparial S20.2
