5112 4648
3436 426 3767 723 G.C.Ch. No. 9
1731 534 2122 746 Kollan
1611 674 2163 842 HOTEL BEAU-SÉJOUR
1726 819 2037 891 R. SANTO, Dir.
1659 872 2119 950 GENÈVE-CHAMPEL
1523 799 3240 1059 Adr. Télégr.: Beauséjour, Genève-Champel Samedi 19 déc. 1914
1540 1017 2225 1130 ÉTABLISSEMENT HYDROTHÉRAPIQUE
1657 1109 2092 1201 „CH###PEL-LES-BAINS“
2007 1174 2228 1291 GENÈVE
1588 1254 3074 1546 Chas Monsieur Arthur Schnitzler
1507 1551 3362 1749 En traduction de votre lettre de protestation
1496 1703 3238 1910 paraît : a dans le Journal de Genève de
1505 1820 3291 1988 demain ou d'après à demain. a vous ferai
1489 1940 3291 2136 envoyer aussitôt le numéro. J'ai adressé
1523 2050 3261 2274 le second exemplaire à la Neue Zürcher
1498 2193 2018 2366 Zeitung.
1749 2313 3300 2497 I Je suis heureux de pouvoir aider
1528 2430 3321 2610 à faire 1 entendre une voix de justice
1540 2557 3259 2750 de raison, au milieu de ce délire
1540 2679 3245 2879 de l'esprit européen. On dit que la
1576 2789 3275 3003 pire chose a son utilité : je veut le
1556 2918 3180 3153 croire, en voyant que cette guerre
1544 3047 3311 3245 abominable m'a procuré l'occasion
1546 3185 3261 3369 d'autres en rapports amicant avec
