5067 4648
910 497 1420 724 V. St. Leopolden.
2389 502 3848 690 1 1/2 1/4, rue 7, 4, 0/0, r, 6/0. 4, à 1/0; 4, 6,
2461 1089 3873 1265 le monde tout d'amitiés comprimées,
2492 1207 3851 1447 qui se feron jour demain!  Et
2448 1357 3885 1510 c'est notre sole a nous, qui devancoing
2450 1447 3940 1614 sommes les fourriers de nos peuples, de
2467 1630 3214 1767 vivre déjà demain.
2827 1711 3964 1879 Veuille, croire, cher Monsieur,
2463 1830 3765 2016 a mal sentiment. Vous
2467 2059 2732 2177 de vous.
3048 2167 3940 2406 Domain Mollany
