5067 4648
2331 481 2504 647 'autre
2313 1150 3104 1330 Dimanche 6 fév. 1916
1959 1618 2590 1821 Cham Monsieur
1872 1777 3149 1974 a vous remercie cordialemen de la
1930 1925 3237 2134 Vouré que vous avez eue de m'envoyer
1786 2041 3184 2254 cette dépêche (qui n'est arrivée à
1844 2136 3213 2389 Genève qu'aujourd'hui, 6 février). Je
1817 2305 3284 2479 suis bien touché que l'on puisse penser
1828 2413 3182 2588 à mon pauvre anniversaire, au
1824 2497 3226 2697 milieu de Van de soucis, et j'ai une
1852 2612 3217 2883 particulière gratitude au petit groupé
1841 2776 3204 2972 d'ami's Vieunois, qui me garde
1853 2963 2398 3144 leur sympathie.
2222 3018 3193 3217 On sent qu'il y a dans
