3096 3624
556 339 2275 515 det retrl eaeit wart den. Ich denel
539 474 2208 650 nach dler Lischleum Cauwen.
522 616 2215 798 rid. u den Cmeei. Weinen
558 760 2140 897 ich meit zn sein Rruptistwile wau
496 882 2224 1069 Abiluser beiut war d gelieb Strof
528 1022 2127 1157 Schandel sebe wa auf de Folate tat i et
571 1122 2245 1279 Aavel. Jenet woellen de be An
504 1230 2219 1412 gliclaitin jelu. Oternae Mens
491 1391 2138 1558 mit de gelten kortan Und wie des
498 1552 2196 1685 liere ai. Ich prklei eit fietei i uit ot
1597 1657 2163 1796 Tnd.. 7x
526 1674 1543 1805 rien bate. lab. Vor
513 1809 1468 1940 heent d trri.
828 2013 1507 2176 iel s Kose
