3432 4392
999 1318 1633 1452 1. Irene, laimon.
2490 1367 3054 1566 (Er kunte heil
991 1455 2374 1591 Haimon von der Probe im Kurtheater.
2593 1542 2966 1640 rlicire, ve
991 1578 1826 1738 Koriert den Direkter.
2578 1591 3082 1718 reifelt. licheli
2598 1674 2910 1772 tart vicdt
997 1710 1473 1836 trene lacht.
989 1867 2899 1996 Haimon: Furchtbar iner dasselba spielen. Bekonnie
1007 1972 3072 2135 ich nicht bald eine neue Kolle,so werde ich verrückt.
1007 2124 2142 2251 Ich will vom Therter abgehen.
984 2222 2856 2374 Seinsucht nach friedlicher ländlicher Eristens.
991 2356 3054 2511 Wenn wir dieses Haus kruften. Im Winter hier zu leben
2660 2454 3046 2580 cen Rend
979 2485 1635 2608 muss schön sein.
2781 2565 3057 2652 würde.
2784 2624 3026 2719 uter var
989 2578 2673 2786 ich bin es satt, dass alle üder mich lichen.
2822 2691 2948 2832 ld
984 2758 2758 2894 Trene lacht auch, wenn er von seiner Sohnsucht
981 2876 1303 3013 spricht.
973 2966 2052 3095 Ueber die Eltern von Trane.
991 3108 2984 3283 (Vielleicht erhält er jetzt die neue Kolle zugesen-
981 3244 1548 3363 det). Iubel
979 3360 2923 3535 Trene: Ich habe bei den Eltern Fredi getroffer.Er
976 3517 2238 3651 koumt viglleicht nachher zu uns.
971 3623 2959 3808 Hatmon: Was nacht ar da n, der Lumpl O, das dar;ren
971 3770 2585 3901 ja nicht laut sagen.Er ist doch Offtzier.
963 3901 2879 4035 Uebrigens auch mir macht man den Hof.Ja,die Diva
