3384 4360
912 1337 1083 1447 mit.
912 1370 2338 1534 Der Fährich und die Gattin entsetzt.
927 1496 2910 1685 Der. Fhnrich will slin, natürlich nicht, ohne sich
935 1585 2902 1757 vorher ritterlich zur Verfürung gestellt zu haben.
940 1719 2023 1885 Der Komödiant verhöhnt ihr.
935 1780 2805 2008 Er möge nur bleiben. Es ist noci nicit zu Ende
940 1936 2087 2085 Wir bekommen noch einer Gact.
950 2093 1309 2215 Sparinung.
955 2139 2766 2315 Der Komödiant erzählt lustige Geschichten, die
960 2218 2925 2423 Stimmung wird immer schwiler. Endlich örfret sicn
963 2297 2912 2541 die Türe und eine geschminkte Strassendirne tritt
973 2523 1281 2651 heren.
986 2610 1944 2774 Die andern springen auf.
986 2694 1957 2846 Der Fähnrich wi 11 davon.
994 2787 2205 2956 Der Komödiant hält ihn zurick.
1004 2874 3056 3071 Zu seiner Frau - Sitz Du mit Deinem hezaalten Buhler
1081 2966 3102 3209 a, so bring ich mir ehen auch eine Dirne zu Tisch.
1019 3104 2382 3307 Der Fähnrich will den Degen zien-
1027 3166 3086 3417 Der Komödiant: He, nicht so voreilig. Er reisst ihm
1068 3278 2833 3537 dis Krauss vom Wals und die goldere Halskets
1050 3501 1614 3637 tritt zu Tage.
1081 3473 2656 3719 zur Dirne. Was soll ich Dir scierken.1
1053 3645 1975 3816 Der Fähnrich will fort.
