3384 4360
927 1278 1877 1436 Der Komödiant sperst ab.
916 1378 2743 1558 Also was jetzt? Es ist eine Gesellschalt, ui-
929 1547 1552 1679 zusammerpasst.-
1045 1597 2949 1779 steigert sich, die Wut des Komödianten bricht end
942 1719 2907 1866 lich aus, er jagt die Frau mit dem Fähnrich davon,
948 1843 2043 1991 bleibt mit der Dirne sitzer.
937 1972 1787 2115 Er beginnt zu weiner.
979 2035 2814 2268 Die Dirne, was ist das? Wo las! Da mich da hin
958 2157 2801 2371 sbracht? Da hast mir versprossr, mich in sirz
958 2252 3015 2458 lustige Gesellsch ft zu hripen, Du hast versprochen
961 2431 1756 2563 nir was zu scherker.
964 2453 3089 2677 Es enget damit, dass er ihr allen Schmuck seiner Frau,
977 2574 2872 2796 alle Sha wis schenkt, sie dann entlässt und sich
979 2772 1663 2912 auae umhringt.
