3416 4376
1098 1399 3046 1589 Ber Re(isseur erscheint. Es handelt sich im
1027 1537 3080 1719 eine Seurluag für einen armen Teufel von Schai-
739 1634 2828 1821 Iuglect stieler. Kainon lat kein Geld bei sich,er
695 1761 892 1899 Rolle
1025 1808 2864 1980 bittet lrene ihm die dreihundert ulden zu
653 1844 986 2000 bewend.
1030 1959 2744 2104 leihen, die er ihr gestern geschenkt hat.
1025 2055 2939 2266 „Iet häbe sie-nicht mehr". „Oh, die Verschweu-
1012 2206 1288 2346 derin-
1009 2307 2999 2458 4. Jetzt sollten eveutuell die Elter- lreuens
1009 2458 2867 2619 auftreten. Bürgersleute,reiche Fabrikauten.
1020 2596 2885 2747 Immerhin ist der Vater ein wenig entläuscht
1004 2716 2864 2877 dass Hairon ihn nicht in die Treaterkreise
1012 2830 2942 2991 eingeführt hat,wie es doch sein schulichster
1007 2958 2994 3142 Wunseh gewesen war. Ueber die Vorstellung heu
1712 3111 2245 3241 serte Sectgetebt
1012 3124 1376 3226 te Abend
999 3228 2950 3413 5. Fredi kommt zum schwarzen Kaffee, sehr gut
991 3361 3007 3532 aufgelegt. Es ergibt sich, dass er seine Schüft
999 3499 2973 3650 gezahlt hat. Haimon begiht sich angeblich ius
1001 3600 2742 3761 Tneater. kun Rollo suchre des tluch lien
981 3746 1654 3897 6. Treie - Fred
