3400 4376
1741 1097 2413 1369 der derchle
1311 1200 1583 1356 Eh, als
1009 1278 1163 1404 nie
1512 1298 2116 1417 Morbesse besall
1014 1402 2473 1532 Ueber sein früheres Leben.Dte Frauen.
996 1517 2479 1668 Nur Du, Du. Aber dass Du nicht lachst.
1019 1751 2755 1915 Fredi komit,wla schon das Essen zu Ende ist.
1004 1900 2375 2051 Er bringt Grüsse von Pare und llama.
999 2036 2858 2194 H.: I2,Ich müchte auch so ein junger Held sein.
1009 2172 2622 2305 Treng: War hat mehr Glüch bei den Frauen?
1006 2312 2426 2416 Man bringt ihm ein Autographenalbum.
1006 2431 1661 2567 Zwei junge Mädch.
1774 2443 2390 2551 warten draussen.
1009 2546 2796 2707 Irene: Ich weiss schon,was Du hinsinschreiben
1019 2670 2916 2836 wirst: Das Leben ist wie das Therter,wenn es zu
2426 2785 2909 2886 e ut. ut ann
996 2816 2330 2957 Ende ist muss der Vorhan, fallen.
2333 2858 2816 2959 den Ced til de
999 2939 2531 3080 Verschiedene andere Sprüche dieser Art.
989 3052 2949 3196 Während er sich niedersetst um zu schreiben geher
991 3198 2179 3319 Fredi uni Trene in den Garten.
991 3319 1789 3430 Er sieht ihnen nach.
986 3440 3004 3611 Nun entdecht er auf dem Fliesspapier die vordüchti-
999 3576 1424 3699 gen Spuren.
989 3664 2876 3842 Entäecht vor dem Spiegel den Inhalt des Brlefes.
976 3822 2265 3988 Die Mädchen draussen ungeduldig.
