3064 3640
285 372 898 555 11 Treve Honon
308 520 1505 625 Er vermefet Relle Salle Ao sat
368 615 1300 752 Vemelt auis tra ad Jart
408 705 2198 852 Polv Telke ein beiiherl-habteneinen und
405 788 1595 938 Eerdlentgelten Bisserhau
442 895 1760 1062 Über Tart Lumg Kantogespiel.
452 1050 1470 1212 Freit pen Cafi- hr mern
510 1168 1665 1322 über der beueleter der Abend
508 1235 2518 1455 Üeber Poht Tulke. Reiflich Der Grof Benel bet mnghabt
505 1338 1630 1525 Sie soll jene veliebt in Sie ein
530 1445 2058 1640 Rolle und geretett von Wirn. Sued
562 1542 1652 1708 Barlaleg hi ufrtele Empfan
578 1635 2135 1870 Jet murf et den tuchle eu pr hnt sheibe
592 1720 1560 1885 Shafgagre.– Fort.
622 1945 1270 2095 Freut"kene
572 2038 2530 2240 Aegit (nicht alleinof, obfeise gemerkt het!
620 2148 1422 2292 Ee will iie tenaler.
1825 2220 2798 2410 te hait cbn incle deielt.
610 2250 1715 2438 Sie will meil tin tracken
620 2490 1535 2662 Soln talt mit Hem
605 2710 2482 2920 Habe der Eher. Neten, Sie Plact. En liebe hedert
622 2848 2372 3050 Collegen.. Stürlihe gelesen. Himllerin
628 2938 2432 3150 war glabt th, ee ih miel. im behrse Ehemann
580 3070 1862 3282 Mo.. E enldecht eine Brdef
