3400 4344
730 3476 916 3614 Rille
914 1328 1353 1456 Begrüssung.
921 1386 2811 1581 Sie sitzen alle hei Fisch, sind lustig, trinken,
934 1571 1345 1714 und essen.
954 1647 2068 1820 Nun muss der Komödiant lort.
944 1795 1777 1945 Entweder ins Theater.
974 1847 2924 2053 oder er gibt vor in jere Gesellschaft zu jehn, zu
954 1973 2874 2166 der Marquise, wo er in Wirklichkeit abgesat hat.
954 2118 2154 2267 Die Frau; der Fähnrich allein.
971 2224 2402 2407 Zärtlichkeit, er einwenigängstlich.
971 2384 1654 2515 Sie verlacht ihn.
1004 2462 2123 2643 Bald kommt der Garte wieder.
989 2510 2866 2726 Er erzählt entwoder, dass heute nicht Thealer se
1034 2633 2691 2841 spielt wird, weil der König gestorhen ist.
1001 2721 2972 2949 Wis die andern stutzig werden, saßt sr. Nun glauht
1012 2831 2909 3092 Ihr vislleicht nicht, dass könige stsihen se,wie
1022 2924 2919 3175 vit... Oddr ex scrünlt, dass der Vorguts im sar
1024 3092 2377 3308 Einlass vorweigert aus hifersucht.
1044 3132 2929 3429 so aetie vo etn, deaer dt e 8. 1.1 15. 1 1.
1830 3233 3022 3436 neiunt er plötzlier den Brist
1049 3366 1694 3522 Darn (Vöbergans
1067 3341 3092 3622 arerets 1oruelcadt, dos de Teiter art dor. Ma.
1069 3592 1687 3770 Hes. St g8 18581.
1207 3527 3150 3848 oe hlinte, d aus don koge aussondis gelore wein
1097 3690 3027 3961 rit sich also des Rissspäpter hevor er werheit
