3048 3640
2348 268 2759 473 Jois. 191 e.
2475 449 2623 574 1a
566 673 2657 862 Ein Mann wird mit einem Offizier betrogen. Er erfährt
1746 839 2543 971 sich, die er auf der
613 857 1652 953 es. Da lädt er eine Dirne
582 984 1499 1114 Strasse aufgelesen hat.
577 1055 2598 1255 Die Frau komnt nach Hause, wie der Ehemann, der of-
579 1223 2013 1364 fizier und die Dire zusammensitzen.
584 1364 1592 1530 Oder grosse Gesellschaftl
1395 1348 2709 1579 skch in Srnf in den ser so vergelecte St
2408 1436 2618 1522 gerin
678 1507 2486 1727 Der Eherwanne erfahrt- daso seine Taumt den Gtn Sorf
644 1616 2333 1810 werten last ser ein Weckallen, gestiet
621 1753 1769 1920 de Strafte, bringt + der Vran mit
647 1797 2408 2039 Iehe Gebeendacf de zu tilf zusitzt dee gegtencte
652 1951 2112 2153 zwiten fortund bbektwdd vrmaltin.
647 2081 2538 2346 (vertuelt so de Ehrere im Komolänt  (i Keuf¬
655 2351 1436 2546 Auch bether in Cohlinm
862 2488 1712 2730 fün der Shansietrheit!
