3384 4360
888 1320 1812 1445 Der Komodiant entselzt.
893 1413 2832 1589 Er hört seine Gattin kommen, gehietet sich selbst
898 1551 1111 1680 Rutie.
911 1618 2990 1794 Sie kornt, er stellt sich zärtlich, sie ist es auc h.
916 1758 1952 1921 Sie setzen sich zum Esser.
922 1898 1571 2027 Es pfaift unter.
955 1952 2749 2164 Sie tut anfangs, als wenn sie es nicht hörte.
927 2136 1602 2276 Es pfeift wieder.
924 2211 2278 2379 Er pfeift nicat jemand da unten2
947 2335 1851 2490 sie: Ich höre nichts.
984 2480 1833 2607 nun pfeift es wieder.
963 2519 2980 2729 sie tut als wenn sie sich richt drum kümmern wollte,
963 2682 1955 2835 zeht endlich zum Fenster.
955 2770 1947 2943 Ah, es ist der Fäirich.
1004 2861 2405 3052 Sie spricht ein paar Worte mit ihn.
963 2977 2472 3182 Dahr geht sie wieder zu Tisch zurüch.
984 3127 1833 3264 Sie essen weiter.
986 3143 3024 3422 Erst datn, wie beiläufig, scklägt sie vor den Fähn-
1002 3295 2930 3503 rich heraufzurufen, er war nämlich gestern im The
999 3391 2933 3611 ater, sie möchte doch erne wisser, was die Leute
1012 3523 2785 3702 zu der neuen Rolle ähres. Galten gesat haben.
1012 3624 2775 3847 Sie geht nochmals zum Fenster, vielleicht der
1007 3795 2710 3981 Komödiant selbst, rufen der Fährich herauf.
