2824 3432
765 290 1253 530 mil decit a
1538 398 2315 537 inner korechl, err!
996 560 1187 666 159.
723 582 862 659 11117
1371 530 2395 683 allen sieh mit mir salies-
1067 648 1333 770 113
1156 659 2136 775 elleeht goger berett im
1236 794 2308 923 Schuld sich von mir nieder-
730 890 1024 1076 Kna Ilen
1046 947 1479 1053 2 las5en.
749 1034 2470 1166 Tcl. glaube,es ist zu resünlicher Urterhel-
735 1152 2289 1331 tung nicht. mehr die Leit.Ich. bin morgen
732 1312 1359 1460 Früth bis zwölS.
584 1406 2437 1583 Igimon: Aber was fallt Ihnen denn sini Sierer-
723 1557 2477 1693 den doch nicht im Ernst fortgeen »olls:: und
728 1672 2421 1823 me ing Sehunaanen erwirtein. Wär jo umsorst.
739 1799 2155 1957 WEr machen das viel gemütlicher ch.
586 1936 2475 2042 Freli: Ich verstei wirklich nicht, ich bir. durch-
730 2063 1439 2216 aus nicht geneigt.
676 2193 2383 2331 imon: Necht geneigt? Wollen Sie jetst vieli-
742 2315 2287 2433 leicht aufdrahnt lächt Ihnen dringendst
744 2454 2437 2595 davon aorcten in Ihrem eigensten Intoresca.
739 2567 2244 2737 Im Inlerases Ihrer Gegemgart und Ihrer
732 2715 2360 2833 rkunft. Seien Sta fral, dass die es mit sc.
723 2842 2310 2981 einem gemütlichen Lenschen zu tun halei.
728 2927 2475 3120 Blatben S' nur schön da nit. Ihrer Geliebten,
