<?xml version="1.0" encoding="UTF-8" standalone="yes"?>
<PcGts xmlns="http://schema.primaresearch.org/PAGE/gts/pagecontent/2013-07-15" xmlns:xsi="http://www.w3.org/2001/XMLSchema-instance" xsi:schemaLocation="http://schema.primaresearch.org/PAGE/gts/pagecontent/2013-07-15 http://schema.primaresearch.org/PAGE/gts/pagecontent/2013-07-15/pagecontent.xsd">
    <Metadata>
        <Creator>prov=READ-COOP:name=TrHtr:version=2.1.0:model_id=51170:date=14_08_2023_19:32</Creator>
        <Created>2023-05-10T14:45:42.626+02:00</Created>
        <LastChange>2023-08-14T19:32:37.622+02:00</LastChange>
        <TranskribusMetadata docId="1428668" pageId="55424653" pageNr="4" tsid="132822978" status="IN_PROGRESS" userId="64420" imgUrl="https://files.transkribus.eu/Get?id=FIHMYQASIEDJAJUQKGGALZXC&amp;fileType=view" xmlUrl="https://files.transkribus.eu/Get?id=FQFVPWIVRASXRTQIAPKXRMSB" imageId="44698730"/>
    </Metadata>
    <Page imageFilename="1428668_0004.jpg" imageWidth="3560" imageHeight="4184">
        <ReadingOrder>
            <OrderedGroup id="ro_1711814053369" caption="Regions reading order">
                <RegionRefIndexed index="0" regionRef="tr_3"/>
                <RegionRefIndexed index="1" regionRef="tr_1"/>
                <RegionRefIndexed index="2" regionRef="tr_2"/>
            </OrderedGroup>
        </ReadingOrder>
        <TextRegion id="tr_3" custom="readingOrder {index:0;}">
            <Coords points="2993,588 3076,588 3076,651 2993,651"/>
            <TextLine id="tr_3_tl_1" custom="readingOrder {index:0;}">
                <Coords points="2977,665 2995,665 3001,672 3022,665 3039,678 3053,661 3070,661 3063,541 3043,541 3025,524 3012,534 2971,531"/>
                <Baseline points="2993,638 3038,641 3076,641"/>
                <TextEquiv>
                    <Unicode>2</Unicode>
                </TextEquiv>
            </TextLine>
        </TextRegion>
        <TextRegion id="tr_1" custom="readingOrder {index:1;}">
            <Coords points="414,740 3208,740 3208,3045 414,3045"/>
            <TextLine id="tr_1_tl_1" custom="readingOrder {index:0;}">
                <Coords points="404,918 3080,815 2933,699 1857,774 411,685"/>
                <Baseline points="426,877 444,877 489,877 534,877 578,877 623,877 668,874 713,874 758,874 802,871 847,871 892,868 937,868 981,865 1026,865 1071,862 1116,862 1160,859 1205,859 1250,856 1295,853 1339,853 1384,850 1429,850 1474,850 1519,850 1563,850 1608,847 1653,844 1698,844 1742,844 1787,841 1832,838 1877,835 1921,835 1966,838 2011,835 2056,835 2100,832 2145,832 2190,829 2235,826 2280,823 2324,823 2369,817 2414,817 2459,817 2503,814 2548,811 2593,808 2638,808 2682,808 2727,808 2772,805 2817,805 2861,802 2906,799 2951,799 2996,796 3041,793 3085,790"/>
                <TextEquiv>
                    <Unicode>bekannt zu machen suchten; allerdings nie auf den besonde-</Unicode>
                </TextEquiv>
            </TextLine>
            <TextLine id="tr_1_tl_2" custom="readingOrder {index:1;}">
                <Coords points="404,1045 2912,1021 3063,980 3066,860 408,915"/>
                <Baseline points="423,1038 432,1035 477,1032 522,1032 567,1032 611,1032 656,1029 701,1029 746,1026 790,1026 835,1023 880,1023 925,1023 969,1020 1014,1017 1059,1017 1104,1014 1148,1011 1193,1011 1238,1011 1283,1008 1328,1005 1372,1005 1417,1005 1462,1005 1507,1005 1551,1002 1596,999 1641,999 1686,999 1730,996 1775,996 1820,993 1865,990 1909,990 1954,990 1999,987 2044,984 2089,987 2133,984 2178,981 2223,978 2268,975 2312,975 2357,972 2402,969 2447,969 2491,966 2536,966 2581,963 2626,963 2670,960 2715,960 2760,960 2805,957 2850,954 2894,954 2939,951 2984,951 3029,949 3073,946"/>
                <TextEquiv>
                    <Unicode>ren Wunsch meines Vaters, der als regierender Fürst eines</Unicode>
                </TextEquiv>
            </TextLine>
            <TextLine id="tr_1_tl_3" custom="readingOrder {index:2;}">
                <Coords points="394,1244 3087,1165 3090,1042 397,1103"/>
                <Baseline points="414,1187 459,1187 504,1187 549,1187 593,1184 638,1184 683,1181 728,1181 772,1181 817,1181 862,1181 907,1181 951,1181 996,1178 1041,1172 1086,1172 1131,1169 1175,1166 1220,1163 1265,1163 1310,1160 1354,1160 1399,1157 1444,1157 1489,1157 1533,1154 1578,1154 1623,1154 1668,1151 1712,1148 1757,1145 1802,1148 1847,1145 1892,1145 1936,1142 1981,1140 2026,1137 2071,1140 2115,1137 2160,1134 2205,1131 2250,1128 2294,1128 2339,1128 2384,1125 2429,1122 2473,1122 2518,1122 2563,1119 2608,1119 2653,1116 2697,1113 2742,1113 2787,1113 2832,1110 2876,1107 2921,1107 2966,1104 3011,1104 3055,1098 3100,1101"/>
                <TextEquiv>
                    <Unicode>Landes sein gesammtes Wesen, seinen ganzen Sinn auf Greif-</Unicode>
                </TextEquiv>
            </TextLine>
            <TextLine id="tr_1_tl_4" custom="readingOrder {index:3;}">
                <Coords points="415,1367 2820,1333 3001,1319 3008,1192 418,1237"/>
                <Baseline points="435,1342 462,1339 507,1339 552,1339 596,1339 641,1339 686,1336 731,1333 775,1333 820,1333 865,1333 910,1331 954,1328 999,1328 1044,1325 1089,1325 1134,1325 1178,1319 1223,1322 1268,1322 1313,1322 1357,1316 1402,1316 1447,1310 1492,1310 1536,1307 1581,1307 1626,1307 1671,1304 1715,1301 1760,1301 1805,1298 1850,1298 1895,1298 1939,1295 1984,1298 2029,1295 2074,1292 2118,1292 2163,1286 2208,1283 2253,1283 2297,1280 2342,1280 2387,1277 2432,1280 2476,1280 2521,1277 2566,1274 2611,1274 2656,1271 2700,1268 2745,1268 2790,1265 2835,1262 2879,1259 2924,1259 2969,1259 3014,1256"/>
                <TextEquiv>
                    <Unicode>bares, auf die Tat gerichtet hat, und dieser Luftwissen-</Unicode>
                </TextEquiv>
            </TextLine>
            <TextLine id="tr_1_tl_5" custom="readingOrder {index:4;}">
                <Coords points="421,1521 2426,1494 3029,1432 3032,1347 425,1374"/>
                <Baseline points="441,1501 486,1498 531,1498 575,1495 620,1495 665,1495 710,1489 755,1486 799,1486 844,1486 889,1486 934,1483 978,1480 1023,1480 1068,1477 1113,1477 1157,1474 1202,1474 1247,1474 1292,1474 1336,1471 1381,1468 1426,1468 1471,1468 1516,1465 1560,1465 1605,1462 1650,1462 1695,1459 1739,1456 1784,1453 1829,1453 1874,1450 1918,1450 1963,1447 2008,1447 2053,1444 2097,1444 2142,1441 2187,1438 2232,1438 2277,1435 2321,1435 2366,1432 2411,1432 2456,1429 2500,1429 2545,1426 2590,1426 2635,1423 2679,1423 2724,1420 2769,1423 2814,1420 2858,1414 2903,1417 2948,1414 2993,1411 3038,1414"/>
                <TextEquiv>
                    <Unicode>schaft, wie er sie nennt, nie einen hervorragenden Platz</Unicode>
                </TextEquiv>
            </TextLine>
            <TextLine id="tr_1_tl_6" custom="readingOrder {index:5;}">
                <Coords points="425,1682 2926,1617 2929,1504 428,1535"/>
                <Baseline points="444,1665 474,1656 519,1653 564,1650 608,1647 653,1644 698,1641 743,1641 787,1638 832,1641 877,1638 922,1638 966,1635 1011,1635 1056,1632 1101,1632 1145,1629 1190,1629 1235,1629 1280,1626 1325,1623 1369,1623 1414,1620 1459,1620 1504,1617 1548,1614 1593,1614 1638,1614 1683,1614 1727,1608 1772,1608 1817,1608 1862,1605 1906,1602 1951,1602 1996,1599 2041,1599 2086,1596 2130,1593 2175,1590 2220,1590 2265,1587 2309,1587 2354,1584 2399,1584 2444,1584 2488,1581 2533,1581 2578,1581 2623,1578 2667,1575 2712,1575 2757,1572 2802,1572 2847,1572 2891,1572 2936,1569"/>
                <TextEquiv>
                    <Unicode>gönnen will. Freilich habt ihr, mein verehrter Freund,</Unicode>
                </TextEquiv>
            </TextLine>
            <TextLine id="tr_1_tl_7" custom="readingOrder {index:6;}">
                <Coords points="418,1850 2590,1734 3125,1795 3128,1648 421,1696"/>
                <Baseline points="438,1805 450,1805 495,1805 540,1802 584,1799 629,1799 674,1796 719,1796 763,1796 808,1793 853,1790 898,1790 943,1790 987,1790 1032,1787 1077,1784 1122,1784 1166,1784 1211,1781 1256,1781 1301,1784 1345,1781 1390,1778 1435,1775 1480,1775 1524,1775 1569,1775 1614,1769 1659,1769 1704,1769 1748,1763 1793,1763 1838,1760 1883,1760 1927,1757 1972,1757 2017,1754 2062,1751 2106,1751 2151,1748 2196,1748 2241,1745 2285,1742 2330,1739 2375,1739 2420,1739 2465,1739 2509,1736 2554,1736 2599,1733 2644,1730 2688,1730 2733,1730 2778,1724 2823,1727 2867,1727 2912,1724 2957,1721 3002,1718 3046,1718 3091,1718 3136,1715"/>
                <TextEquiv>
                    <Unicode>nicht dort angefangen, wo jene pflegten - beim Begriff des</Unicode>
                </TextEquiv>
            </TextLine>
            <TextLine id="tr_1_tl_8" custom="readingOrder {index:7;}">
                <Coords points="466,1994 2916,1926 3056,1888 3060,1795 473,1857"/>
                <Baseline points="489,1957 510,1957 555,1957 599,1957 644,1951 689,1951 734,1951 778,1951 823,1951 868,1951 913,1948 957,1945 1002,1945 1047,1942 1092,1939 1137,1939 1181,1939 1226,1936 1271,1933 1316,1936 1360,1933 1405,1930 1450,1930 1495,1927 1539,1927 1584,1924 1629,1924 1674,1921 1718,1918 1763,1918 1808,1915 1853,1912 1898,1912 1942,1909 1987,1909 2032,1909 2077,1906 2121,1903 2166,1903 2211,1901 2256,1898 2300,1898 2345,1895 2390,1895 2435,1895 2479,1892 2524,1889 2569,1889 2614,1889 2659,1886 2703,1886 2748,1886 2793,1883 2838,1880 2882,1880 2927,1877 2972,1877 3017,1874 3061,1868"/>
                <TextEquiv>
                    <Unicode>Begriffs, was mich nie sonderlich zu fesseln vermochte."</Unicode>
                </TextEquiv>
            </TextLine>
            <TextLine id="tr_1_tl_9" custom="readingOrder {index:8;}">
                <Coords points="696,2114 2604,2111 3162,2059 3166,1932 699,2008"/>
                <Baseline points="716,2097 749,2100 793,2100 838,2100 883,2100 928,2097 972,2097 1017,2097 1062,2094 1107,2092 1151,2089 1196,2089 1241,2086 1286,2089 1331,2086 1375,2086 1420,2086 1465,2083 1510,2080 1554,2080 1599,2077 1644,2077 1689,2074 1733,2074 1778,2071 1823,2071 1868,2068 1912,2068 1957,2065 2002,2062 2047,2062 2092,2059 2136,2059 2181,2059 2226,2056 2271,2053 2315,2050 2360,2050 2405,2050 2450,2047 2494,2047 2539,2044 2584,2044 2629,2041 2673,2041 2718,2041 2763,2038 2808,2038 2852,2035 2897,2035 2942,2032 2987,2032 3032,2029 3076,2026 3121,2026 3166,2026"/>
                <TextEquiv>
                    <Unicode>Aus gutem Grund, mein Prinz. Denn wenn ich auch dabei</Unicode>
                </TextEquiv>
            </TextLine>
            <TextLine id="tr_1_tl_10" custom="readingOrder {index:9;}">
                <Coords points="439,2309 2618,2268 3063,2207 3066,2107 442,2152"/>
                <Baseline points="456,2268 474,2268 519,2268 564,2265 608,2262 653,2262 698,2262 743,2259 787,2259 832,2256 877,2253 922,2256 966,2253 1011,2253 1056,2250 1101,2247 1145,2247 1190,2244 1235,2244 1280,2241 1325,2241 1369,2241 1414,2238 1459,2235 1504,2232 1548,2232 1593,2229 1638,2232 1683,2229 1727,2229 1772,2226 1817,2223 1862,2220 1906,2220 1951,2220 1996,2217 2041,2217 2086,2217 2130,2214 2175,2211 2220,2214 2265,2211 2309,2205 2354,2205 2399,2205 2444,2205 2488,2202 2533,2202 2578,2199 2623,2196 2667,2193 2712,2193 2757,2193 2802,2193 2847,2190 2891,2190 2936,2187 2981,2187 3026,2184 3070,2184"/>
                <TextEquiv>
                    <Unicode>nicht angefangen habe, dürft ihr nicht glauben, dass ihr</Unicode>
                </TextEquiv>
            </TextLine>
            <TextLine id="tr_1_tl_11" custom="readingOrder {index:10;}">
                <Coords points="487,2481 3043,2395 3125,2227 493,2337"/>
                <Baseline points="510,2417 534,2420 578,2417 623,2414 668,2414 713,2414 758,2411 802,2411 847,2408 892,2408 937,2405 981,2405 1026,2405 1071,2402 1116,2399 1160,2399 1205,2396 1250,2396 1295,2393 1339,2393 1384,2390 1429,2390 1474,2387 1519,2387 1563,2384 1608,2384 1653,2381 1698,2378 1742,2375 1787,2375 1832,2375 1877,2375 1921,2372 1966,2369 2011,2369 2056,2366 2100,2366 2145,2366 2190,2363 2235,2363 2280,2360 2324,2360 2369,2357 2414,2354 2459,2354 2503,2351 2548,2351 2593,2351 2638,2348 2682,2348 2727,2345 2772,2345 2817,2345 2861,2342 2906,2342 2951,2342 2996,2339 3041,2336 3085,2336 3130,2336"/>
                <TextEquiv>
                    <Unicode>diesen sogenannten Anfangsgründen ein für alle Mal entgen-</Unicode>
                </TextEquiv>
            </TextLine>
            <TextLine id="tr_1_tl_12" custom="readingOrder {index:11;}">
                <Coords points="435,2611 3108,2542 3166,2402 442,2474"/>
                <Baseline points="459,2581 486,2578 531,2575 575,2572 620,2572 665,2569 710,2566 755,2566 799,2563 844,2563 889,2557 934,2557 978,2557 1023,2557 1068,2554 1113,2551 1157,2548 1202,2548 1247,2548 1292,2545 1336,2542 1381,2542 1426,2542 1471,2539 1516,2539 1560,2539 1605,2536 1650,2536 1695,2533 1739,2530 1784,2527 1829,2527 1874,2524 1918,2524 1963,2524 2008,2521 2053,2521 2097,2518 2142,2515 2187,2515 2232,2515 2277,2512 2321,2512 2366,2512 2411,2509 2456,2506 2500,2506 2545,2503 2590,2503 2635,2500 2679,2500 2724,2497 2769,2497 2814,2494 2858,2494 2903,2494 2948,2491 2993,2491 3038,2491 3082,2485 3127,2485 3172,2485"/>
                <TextEquiv>
                    <Unicode>gen seid; aber so wie man wol einem, der sich auf eine Rei-</Unicode>
                </TextEquiv>
            </TextLine>
            <TextLine id="tr_1_tl_13" custom="readingOrder {index:12;}">
                <Coords points="452,2758 2971,2707 3197,2666 3200,2573 456,2621"/>
                <Baseline points="471,2727 477,2727 522,2724 567,2721 611,2721 656,2718 701,2715 746,2715 790,2715 835,2715 880,2712 925,2712 969,2709 1014,2706 1059,2706 1104,2706 1148,2706 1193,2706 1238,2703 1283,2703 1328,2700 1372,2700 1417,2694 1462,2694 1507,2694 1551,2691 1596,2688 1641,2688 1686,2688 1730,2685 1775,2685 1820,2682 1865,2679 1909,2679 1954,2676 1999,2673 2044,2673 2089,2670 2133,2670 2178,2667 2223,2667 2268,2664 2312,2662 2357,2659 2402,2659 2447,2659 2491,2659 2536,2659 2581,2659 2626,2659 2670,2656 2715,2656 2760,2653 2805,2653 2850,2650 2894,2650 2939,2647 2984,2647 3029,2644 3073,2641 3118,2638 3163,2635 3208,2638"/>
                <TextEquiv>
                    <Unicode>se begeben will, zuerst auf eine Anhöhe führt, ihn von fern</Unicode>
                </TextEquiv>
            </TextLine>
            <TextLine id="tr_1_tl_14" custom="readingOrder {index:13;}">
                <Coords points="463,2905 2895,2861 3070,2827 3073,2703 466,2765"/>
                <Baseline points="483,2882 528,2882 572,2879 617,2876 662,2876 707,2873 752,2873 796,2870 841,2867 886,2864 931,2864 975,2861 1020,2861 1065,2861 1110,2858 1154,2858 1199,2858 1244,2855 1289,2852 1333,2852 1378,2850 1423,2847 1468,2850 1513,2852 1557,2852 1602,2847 1647,2847 1692,2844 1736,2841 1781,2838 1826,2838 1871,2835 1915,2832 1960,2832 2005,2832 2050,2829 2094,2829 2139,2823 2184,2826 2229,2823 2274,2820 2318,2817 2363,2817 2408,2817 2453,2814 2497,2814 2542,2814 2587,2814 2632,2814 2676,2811 2721,2808 2766,2808 2811,2808 2855,2805 2900,2805 2945,2802 2990,2802 3035,2799 3079,2799"/>
                <TextEquiv>
                    <Unicode>das Land übersehen lässt, in dem er bald weilen soll, auf</Unicode>
                </TextEquiv>
            </TextLine>
            <TextLine id="tr_1_tl_15" custom="readingOrder {index:14;}">
                <Coords points="463,3043 2604,3022 3135,2971 3138,2885 1963,2854 668,2988 466,2912"/>
                <Baseline points="480,3035 498,3035 543,3035 587,3032 632,3029 677,3029 722,3023 766,3023 811,3023 856,3020 901,3023 946,3020 990,3020 1035,3017 1080,3017 1125,3014 1169,3014 1214,3011 1259,3008 1304,3008 1348,3005 1393,3005 1438,3002 1483,3002 1527,3002 1572,2999 1617,2996 1662,2996 1707,2993 1751,2990 1796,2990 1841,2987 1886,2987 1930,2984 1975,2984 2020,2981 2065,2984 2109,2981 2154,2981 2199,2981 2244,2981 2288,2975 2333,2975 2378,2975 2423,2972 2468,2969 2512,2969 2557,2969 2602,2969 2647,2966 2691,2963 2736,2963 2781,2963 2826,2960 2870,2957 2915,2957 2960,2954 3005,2954 3049,2951 3094,2951 3139,2951"/>
                <TextEquiv>
                    <Unicode>dass er dann mit froherem Mute über die holperige Strasse</Unicode>
                </TextEquiv>
            </TextLine>
        </TextRegion>
        <TextRegion id="tr_2" custom="readingOrder {index:2;}">
            <Coords points="477,3053 3229,3053 3229,4014 477,4014"/>
            <TextLine id="tr_2_tl_1" custom="readingOrder {index:0;}">
                <Coords points="463,3204 2491,3190 3097,3145 3180,3046 466,3125"/>
                <Baseline points="483,3190 498,3190 543,3190 587,3187 632,3187 677,3184 722,3181 766,3181 811,3178 856,3175 901,3175 946,3172 990,3175 1035,3175 1080,3172 1125,3169 1169,3166 1214,3163 1259,3163 1304,3160 1348,3160 1393,3160 1438,3160 1483,3157 1527,3157 1572,3154 1617,3154 1662,3151 1707,3151 1751,3148 1796,3145 1841,3142 1886,3142 1930,3139 1975,3139 2020,3136 2065,3136 2109,3136 2154,3136 2199,3136 2244,3136 2288,3133 2333,3130 2378,3130 2423,3127 2468,3127 2512,3121 2557,3121 2602,3121 2647,3121 2691,3118 2736,3118 2781,3118 2826,3112 2870,3112 2915,3109 2960,3109 3005,3106 3049,3106 3094,3106 3139,3103 3184,3103"/>
                <TextEquiv>
                    <Unicode>seinen Weg zu nehmen sich anschickt, so weis' ich auch mei-</Unicode>
                </TextEquiv>
            </TextLine>
            <TextLine id="tr_2_tl_2" custom="readingOrder {index:1;}">
                <Coords points="459,3354 3114,3299 3118,3169 463,3282"/>
                <Baseline points="477,3345 480,3348 525,3345 570,3342 614,3339 659,3339 704,3336 749,3336 793,3333 838,3330 883,3330 928,3330 972,3330 1017,3327 1062,3327 1107,3324 1151,3324 1196,3324 1241,3321 1286,3318 1331,3315 1375,3312 1420,3312 1465,3312 1510,3312 1554,3309 1599,3306 1644,3306 1689,3303 1733,3303 1778,3300 1823,3300 1868,3297 1912,3297 1957,3294 2002,3294 2047,3294 2092,3291 2136,3291 2181,3291 2226,3285 2271,3285 2315,3285 2360,3282 2405,3279 2450,3276 2494,3279 2539,3276 2584,3276 2629,3273 2673,3273 2718,3270 2763,3270 2808,3267 2852,3264 2897,3264 2942,3264 2987,3264 3032,3264 3076,3267 3121,3264"/>
                <TextEquiv>
                    <Unicode>nen Schidlern gerne schon von weitem das herrliche Gebiet,</Unicode>
                </TextEquiv>
            </TextLine>
            <TextLine id="tr_2_tl_3" custom="readingOrder {index:2;}">
                <Coords points="466,3570 2940,3488 3221,3450 3224,3296 469,3419"/>
                <Baseline points="489,3503 498,3500 543,3500 587,3497 632,3494 677,3494 722,3491 766,3491 811,3488 856,3488 901,3485 946,3482 990,3482 1035,3479 1080,3479 1125,3476 1169,3479 1214,3473 1259,3473 1304,3473 1348,3470 1393,3467 1438,3467 1483,3467 1527,3464 1572,3464 1617,3464 1662,3464 1707,3458 1751,3455 1796,3455 1841,3455 1886,3452 1930,3455 1975,3452 2020,3449 2065,3449 2109,3449 2154,3446 2199,3443 2244,3440 2288,3437 2333,3437 2378,3434 2423,3434 2468,3431 2512,3431 2557,3431 2602,3428 2647,3428 2691,3425 2736,3423 2781,3423 2826,3423 2870,3423 2915,3420 2960,3420 3005,3420 3049,3417 3094,3417 3139,3414 3184,3411 3229,3405"/>
                <TextEquiv>
                    <Unicode>in das ich sie zu führen gedenke, und nicht die Philosophie</Unicode>
                </TextEquiv>
            </TextLine>
            <TextLine id="tr_2_tl_4" custom="readingOrder {index:3;}">
                <Coords points="517,3687 3135,3618 3214,3464 521,3574"/>
                <Baseline points="540,3658 575,3658 620,3658 665,3658 710,3655 755,3655 799,3655 844,3652 889,3652 934,3649 978,3649 1023,3649 1068,3646 1113,3646 1157,3646 1202,3643 1247,3640 1292,3640 1336,3640 1381,3634 1426,3634 1471,3631 1516,3631 1560,3628 1605,3628 1650,3628 1695,3625 1739,3622 1784,3619 1829,3619 1874,3619 1918,3616 1963,3616 2008,3619 2053,3616 2097,3613 2142,3611 2187,3611 2232,3608 2277,3605 2321,3602 2366,3602 2411,3599 2456,3599 2500,3596 2545,3593 2590,3593 2635,3590 2679,3590 2724,3587 2769,3587 2814,3584 2858,3584 2903,3581 2948,3578 2993,3578 3038,3578 3082,3575 3127,3575 3172,3575 3217,3572"/>
                <TextEquiv>
                    <Unicode>alle n ist es, mit der ich es so gehalten habe. Ihr wisst,</Unicode>
                </TextEquiv>
            </TextLine>
            <TextLine id="tr_2_tl_5" custom="readingOrder {index:4;}">
                <Coords points="487,3872 2974,3786 3001,3639 490,3762"/>
                <Baseline points="504,3834 510,3834 555,3831 599,3831 644,3831 689,3831 734,3831 778,3828 823,3828 868,3825 913,3822 957,3819 1002,3819 1047,3819 1092,3819 1137,3813 1181,3813 1226,3810 1271,3810 1316,3807 1360,3807 1405,3804 1450,3802 1495,3802 1539,3799 1584,3796 1629,3790 1674,3790 1718,3787 1763,3787 1808,3784 1853,3781 1898,3781 1942,3778 1987,3775 2032,3775 2077,3772 2121,3772 2166,3769 2211,3766 2256,3766 2300,3763 2345,3760 2390,3757 2435,3757 2479,3757 2524,3754 2569,3754 2614,3754 2659,3742 2685,3733 2730,3733 2775,3733 2820,3736 2864,3739 2909,3736 2954,3736 2999,3733 3005,3733"/>
                <TextEquiv>
                    <Unicode>werter Prinz, dass ein gut Teil meiner Jugend 7/9.</Unicode>
                </TextEquiv>
            </TextLine>
            <TextLine id="tr_2_tl_6" custom="readingOrder {index:5;}">
                <Coords points="493,4050 531,4053 555,4029 569,4040 586,4033 610,4033 606,3937 569,3944 555,3937 545,3944 534,3937 521,3954 493,3954"/>
                <Baseline points="513,4001 558,4004 602,4004 620,4001"/>
                <TextEquiv>
                    <Unicode>de</Unicode>
                </TextEquiv>
            </TextLine>
        </TextRegion>
    </Page>
</PcGts>
