<?xml version="1.0" encoding="UTF-8" standalone="yes"?>
<PcGts xmlns="http://schema.primaresearch.org/PAGE/gts/pagecontent/2013-07-15" xmlns:xsi="http://www.w3.org/2001/XMLSchema-instance" xsi:schemaLocation="http://schema.primaresearch.org/PAGE/gts/pagecontent/2013-07-15 http://schema.primaresearch.org/PAGE/gts/pagecontent/2013-07-15/pagecontent.xsd">
    <Metadata>
        <Creator>prov=READ-COOP:name=TrHtr:version=2.1.0:model_id=51170:date=14_08_2023_19:32</Creator>
        <Created>2023-05-10T14:45:42.998+02:00</Created>
        <LastChange>2023-08-14T19:32:38.291+02:00</LastChange>
        <TranskribusMetadata docId="1428668" pageId="55424667" pageNr="6" tsid="132822980" status="IN_PROGRESS" userId="64420" imgUrl="https://files.transkribus.eu/Get?id=EYVNAKHMUTJAPPQFURLOLCLS&amp;fileType=view" xmlUrl="https://files.transkribus.eu/Get?id=AWPKILCIXGJITKHGETMJPQAF" imageId="44698744"/>
    </Metadata>
    <Page imageFilename="1428668_0006.jpg" imageWidth="3560" imageHeight="4184">
        <ReadingOrder>
            <OrderedGroup id="ro_1711814059693" caption="Regions reading order">
                <RegionRefIndexed index="0" regionRef="tr_2"/>
                <RegionRefIndexed index="1" regionRef="tr_1"/>
            </OrderedGroup>
        </ReadingOrder>
        <TextRegion id="tr_2" custom="readingOrder {index:0;}">
            <Coords points="456,719 3172,719 3172,2090 456,2090"/>
            <TextLine id="tr_2_tl_1" custom="readingOrder {index:0;}">
                <Coords points="489,893 2888,879 3161,848 3165,674 493,763"/>
                <Baseline points="513,853 531,853 575,853 620,853 665,853 710,853 755,850 799,847 844,847 889,847 934,847 978,844 1023,841 1068,841 1113,841 1157,838 1202,838 1247,835 1292,835 1336,832 1381,832 1426,832 1471,829 1516,829 1560,826 1605,826 1650,823 1695,823 1739,820 1784,817 1829,820 1874,817 1918,817 1963,817 2008,814 2053,814 2097,811 2142,811 2187,808 2232,808 2277,805 2321,802 2366,802 2411,802 2456,799 2500,796 2545,796 2590,796 2635,793 2679,790 2724,790 2769,793 2814,790 2858,787 2903,787 2948,784 2993,784 3038,781 3082,778 3127,775 3172,769"/>
                <TextEquiv>
                    <Unicode>erst macht' ich meine wissbegierigen Freunde mit jenen Ge-</Unicode>
                </TextEquiv>
            </TextLine>
            <TextLine id="tr_2_tl_2" custom="readingOrder {index:1;}">
                <Coords points="434,1061 2805,1002 3076,961 3079,848 438,907"/>
                <Baseline points="456,1014 489,1008 534,1008 578,1008 623,1008 668,1008 713,1005 758,1005 802,999 847,999 892,999 937,999 981,996 1026,993 1071,993 1116,993 1160,993 1205,990 1250,993 1295,990 1339,990 1384,987 1429,984 1474,984 1519,984 1563,981 1608,978 1653,978 1698,975 1742,972 1787,972 1832,972 1877,969 1921,969 1966,969 2011,966 2056,966 2100,963 2145,957 2190,957 2235,960 2280,960 2324,957 2369,957 2414,954 2459,951 2503,951 2548,949 2593,949 2638,946 2682,946 2727,946 2772,949 2817,949 2861,949 2906,946 2951,943 2996,937 3041,934 3085,940"/>
                <TextEquiv>
                    <Unicode>heimnissen bekannt, deren Erkenntniss so notwendig, und</Unicode>
                </TextEquiv>
            </TextLine>
            <TextLine id="tr_2_tl_3" custom="readingOrder {index:2;}">
                <Coords points="445,1180 3052,1160 3120,975 448,1061"/>
                <Baseline points="462,1157 483,1157 528,1160 572,1160 617,1160 662,1160 707,1157 752,1157 796,1157 841,1154 886,1154 931,1154 975,1151 1020,1148 1065,1145 1110,1145 1154,1145 1199,1145 1244,1142 1289,1142 1333,1142 1378,1140 1423,1140 1468,1140 1513,1137 1557,1140 1602,1137 1647,1137 1692,1137 1736,1131 1781,1128 1826,1128 1871,1125 1915,1122 1960,1119 2005,1119 2050,1119 2094,1119 2139,1116 2184,1116 2229,1113 2274,1113 2318,1113 2363,1110 2408,1107 2453,1107 2497,1104 2542,1104 2587,1101 2632,1101 2676,1101 2721,1101 2766,1098 2811,1098 2855,1095 2900,1095 2945,1092 2990,1089 3035,1089 3079,1089 3124,1089"/>
                <TextEquiv>
                    <Unicode>wenn man tiefer eindringt, so unendlich fesselnd und tief</Unicode>
                </TextEquiv>
            </TextLine>
            <TextLine id="tr_2_tl_4" custom="readingOrder {index:3;}">
                <Coords points="452,1379 575,1334 684,1365 763,1324 859,1355 1061,1307 1105,1338 1437,1331 1464,1218 746,1242 677,1204 619,1245 561,1218 455,1252"/>
                <Baseline points="474,1316 486,1313 531,1316 575,1313 620,1313 665,1313 710,1313 755,1310 799,1313 844,1310 889,1310 934,1310 978,1307 1023,1304 1068,1301 1113,1301 1157,1298 1202,1298 1247,1298 1292,1298 1336,1295 1381,1295 1426,1292 1471,1286"/>
                <TextEquiv>
                    <Unicode>wirkend sich ergiebt.</Unicode>
                </TextEquiv>
            </TextLine>
            <TextLine id="tr_2_tl_5" custom="readingOrder {index:4;}">
                <Coords points="712,1478 2426,1488 2922,1430 2925,1348 2621,1300 1553,1389 1447,1324 1204,1410 715,1351"/>
                <Baseline points="731,1456 740,1456 784,1462 829,1462 874,1462 919,1462 963,1459 1008,1459 1053,1459 1098,1456 1142,1459 1187,1453 1232,1453 1277,1450 1322,1450 1366,1450 1411,1447 1456,1444 1501,1444 1545,1441 1590,1441 1635,1441 1680,1438 1724,1438 1769,1432 1814,1432 1859,1432 1903,1429 1948,1429 1993,1426 2038,1426 2083,1426 2127,1423 2172,1423 2217,1420 2262,1420 2306,1420 2351,1420 2396,1417 2441,1417 2485,1414 2530,1414 2575,1411 2620,1411 2664,1408 2709,1408 2754,1405 2799,1405 2844,1408 2888,1411 2933,1411"/>
                <TextEquiv>
                    <Unicode>"Und doch", erwiderte der Prinz auf diese Worte,</Unicode>
                </TextEquiv>
            </TextLine>
            <TextLine id="tr_2_tl_6" custom="readingOrder {index:5;}">
                <Coords points="503,1656 2956,1615 2990,1481 1416,1550 804,1475 503,1557"/>
                <Baseline points="522,1635 537,1635 581,1629 626,1626 671,1623 716,1626 760,1620 805,1620 850,1620 895,1617 940,1617 984,1614 1029,1611 1074,1614 1119,1611 1163,1611 1208,1611 1253,1605 1298,1605 1342,1605 1387,1605 1432,1602 1477,1602 1521,1599 1566,1596 1611,1596 1656,1596 1701,1593 1745,1590 1790,1590 1835,1590 1880,1587 1924,1584 1969,1584 2014,1584 2059,1581 2103,1581 2148,1578 2193,1575 2238,1575 2282,1575 2327,1572 2372,1569 2417,1569 2462,1569 2506,1569 2551,1566 2596,1566 2641,1566 2685,1566 2730,1566 2775,1563 2820,1563 2864,1563 2909,1563 2954,1557 2999,1560"/>
                <TextEquiv>
                    <Unicode>"glaub ich nicht, dass ich für den ärztlichen Stand ge-</Unicode>
                </TextEquiv>
            </TextLine>
            <TextLine id="tr_2_tl_7" custom="readingOrder {index:6;}">
                <Coords points="472,1803 2135,1779 2217,1755 2220,1670 476,1683"/>
                <Baseline points="495,1781 522,1781 567,1781 611,1778 656,1775 701,1775 746,1775 790,1772 835,1772 880,1772 925,1769 969,1769 1014,1769 1059,1766 1104,1763 1148,1763 1193,1760 1238,1763 1283,1760 1328,1757 1372,1757 1417,1751 1462,1751 1507,1751 1551,1751 1596,1748 1641,1748 1686,1745 1730,1745 1775,1742 1820,1742 1865,1739 1909,1739 1954,1736 1999,1736 2044,1733 2089,1733 2133,1730 2178,1727 2223,1724"/>
                <TextEquiv>
                    <Unicode>schaffen wäre; ich bin viel zu weich."</Unicode>
                </TextEquiv>
            </TextLine>
            <TextLine id="tr_2_tl_8" custom="readingOrder {index:7;}">
                <Coords points="722,1950 2323,1933 2381,1919 2385,1789 725,1847"/>
                <Baseline points="740,1909 781,1915 826,1918 871,1921 916,1921 960,1921 1005,1921 1050,1915 1095,1918 1140,1918 1184,1918 1229,1915 1274,1915 1319,1912 1363,1912 1408,1909 1453,1906 1498,1906 1542,1906 1587,1906 1632,1903 1677,1901 1721,1901 1766,1898 1811,1898 1856,1895 1901,1895 1945,1895 1990,1892 2035,1892 2080,1886 2124,1886 2169,1886 2214,1883 2259,1883 2303,1880 2348,1871 2393,1865"/>
                <TextEquiv>
                    <Unicode>"Widerspricht sich das, mein Prinz?"</Unicode>
                </TextEquiv>
            </TextLine>
            <TextLine id="tr_2_tl_9" custom="readingOrder {index:8;}">
                <Coords points="749,2142 2781,2032 2949,2094 3093,2066 3096,1936 753,2012"/>
                <Baseline points="769,2077 775,2080 820,2074 865,2074 910,2074 954,2074 999,2071 1044,2074 1089,2071 1134,2071 1178,2071 1223,2068 1268,2065 1313,2062 1357,2065 1402,2065 1447,2062 1492,2062 1536,2062 1581,2059 1626,2056 1671,2056 1715,2056 1760,2056 1805,2050 1850,2047 1895,2047 1939,2044 1984,2044 2029,2044 2074,2041 2118,2044 2163,2041 2208,2041 2253,2038 2297,2038 2342,2035 2387,2035 2432,2032 2476,2032 2521,2029 2566,2029 2611,2029 2656,2026 2700,2026 2745,2026 2790,2023 2835,2023 2879,2023 2924,2020 2969,2020 3014,2020 3058,2017 3103,2020"/>
                <TextEquiv>
                    <Unicode>"Ich wäre hier mit der Antwort nicht so schnell bei</Unicode>
                </TextEquiv>
            </TextLine>
        </TextRegion>
        <TextRegion id="tr_1" custom="readingOrder {index:1;}">
            <Coords points="498,2116 3270,2116 3270,3809 498,3809"/>
            <TextLine id="tr_1_tl_1" custom="readingOrder {index:0;}">
                <Coords points="486,2265 3000,2224 3148,2196 3151,2042 2857,2138 489,2145"/>
                <Baseline points="504,2244 516,2244 561,2241 605,2241 650,2241 695,2238 740,2238 784,2238 829,2235 874,2235 919,2232 963,2229 1008,2229 1053,2229 1098,2226 1142,2226 1187,2226 1232,2223 1277,2223 1322,2220 1366,2220 1411,2220 1456,2214 1501,2214 1545,2214 1590,2214 1635,2214 1680,2211 1724,2211 1769,2208 1814,2202 1859,2202 1903,2202 1948,2202 1993,2199 2038,2196 2083,2196 2127,2193 2172,2193 2217,2193 2262,2193 2306,2193 2351,2193 2396,2190 2441,2190 2485,2190 2530,2193 2575,2190 2620,2190 2664,2187 2709,2184 2754,2184 2799,2184 2844,2181 2888,2178 2933,2178 2978,2175 3023,2175 3067,2172 3112,2172 3157,2166"/>
                <TextEquiv>
                    <Unicode>der Hand. Ihr selbst, mein lieber Freund, seid ja, soweit</Unicode>
                </TextEquiv>
            </TextLine>
            <TextLine id="tr_1_tl_2" custom="readingOrder {index:1;}">
                <Coords points="476,2419 739,2450 972,2398 1153,2443 1618,2368 1670,2405 1810,2385 1813,2268 1485,2316 609,2279 479,2313"/>
                <Baseline points="498,2399 522,2396 567,2396 611,2393 656,2390 701,2390 746,2387 790,2390 835,2390 880,2387 925,2387 969,2387 1014,2384 1059,2381 1104,2381 1148,2378 1193,2375 1238,2375 1283,2375 1328,2375 1372,2372 1417,2372 1462,2372 1507,2369 1551,2366 1596,2366 1641,2363 1686,2360 1730,2357 1775,2348 1820,2348"/>
                <TextEquiv>
                    <Unicode>ich euch kenne, sehr weich -</Unicode>
                </TextEquiv>
            </TextLine>
            <TextLine id="tr_1_tl_3" custom="readingOrder {index:2;}">
                <Coords points="729,2539 1235,2617 2867,2549 3226,2515 3230,2357 2816,2439 732,2439"/>
                <Baseline points="749,2521 775,2521 820,2533 865,2536 910,2536 954,2539 999,2539 1044,2536 1089,2536 1134,2533 1178,2533 1223,2533 1268,2533 1313,2530 1357,2530 1402,2530 1447,2530 1492,2524 1536,2524 1581,2524 1626,2524 1671,2521 1715,2518 1760,2515 1805,2515 1850,2515 1895,2512 1939,2512 1984,2512 2029,2512 2074,2509 2118,2509 2163,2506 2208,2506 2253,2503 2297,2506 2342,2497 2387,2494 2432,2497 2476,2497 2521,2494 2566,2494 2611,2494 2656,2494 2700,2491 2745,2491 2790,2491 2835,2488 2879,2488 2924,2488 2969,2485 3014,2482 3058,2482 3103,2479 3148,2479 3193,2476 3237,2476"/>
                <TextEquiv>
                    <Unicode>"Weil ich's bin, bin ich ein Arzt geworden", erwiderte</Unicode>
                </TextEquiv>
            </TextLine>
            <TextLine id="tr_1_tl_4" custom="readingOrder {index:3;}">
                <Coords points="496,2744 828,2703 1002,2737 1122,2693 1553,2723 1659,2706 1663,2610 1557,2576 1399,2631 1170,2597 804,2645 643,2597 500,2634"/>
                <Baseline points="516,2703 552,2703 596,2703 641,2700 686,2697 731,2694 775,2694 820,2691 865,2697 910,2694 954,2691 999,2691 1044,2688 1089,2688 1134,2685 1178,2685 1223,2682 1268,2682 1313,2682 1357,2685 1402,2685 1447,2682 1492,2679 1536,2676 1581,2676 1626,2673 1671,2670"/>
                <TextEquiv>
                    <Unicode>Flimmer leuchtenden Augs.</Unicode>
                </TextEquiv>
            </TextLine>
            <TextLine id="tr_1_tl_5" custom="readingOrder {index:4;}">
                <Coords points="746,2888 2535,2843 2610,2740 749,2778"/>
                <Baseline points="766,2841 781,2838 826,2841 871,2844 916,2844 960,2841 1005,2841 1050,2841 1095,2838 1140,2838 1184,2838 1229,2835 1274,2835 1319,2835 1363,2832 1408,2832 1453,2829 1498,2829 1542,2829 1587,2826 1632,2826 1677,2823 1721,2820 1766,2817 1811,2817 1856,2820 1901,2817 1945,2817 1990,2814 2035,2814 2080,2814 2124,2814 2169,2814 2214,2808 2259,2808 2303,2808 2348,2805 2393,2802 2438,2802 2482,2802 2527,2799 2572,2796 2617,2793"/>
                <TextEquiv>
                    <Unicode>"Und doch - und doch —“ Marcell stockte</Unicode>
                </TextEquiv>
            </TextLine>
            <TextLine id="tr_1_tl_6" custom="readingOrder {index:5;}">
                <Coords points="746,3014 2795,3024 3161,2966 3165,2846 1061,2946 749,2888"/>
                <Baseline points="766,2981 799,2990 844,2993 889,2993 934,2993 978,2993 1023,2993 1068,2990 1113,2993 1157,2990 1202,2990 1247,2990 1292,2987 1336,2987 1381,2987 1426,2984 1471,2984 1516,2984 1560,2984 1605,2981 1650,2978 1695,2975 1739,2972 1784,2975 1829,2975 1874,2975 1918,2975 1963,2972 2008,2969 2053,2969 2097,2969 2142,2969 2187,2963 2232,2963 2277,2960 2321,2960 2366,2960 2411,2960 2456,2960 2500,2954 2545,2954 2590,2954 2635,2951 2679,2951 2724,2951 2769,2951 2814,2951 2858,2951 2903,2948 2948,2945 2993,2945 3038,2942 3082,2942 3127,2939 3172,2942"/>
                <TextEquiv>
                    <Unicode>"Und doch bin ich's jetzt nicht mehr", fügte Flimmer</Unicode>
                </TextEquiv>
            </TextLine>
            <TextLine id="tr_1_tl_7" custom="readingOrder {index:6;}">
                <Coords points="493,3175 2894,3158 3096,3120 3096,3045 2368,2983 496,3093"/>
                <Baseline points="510,3163 555,3160 599,3160 644,3160 689,3160 734,3157 778,3154 823,3151 868,3151 913,3151 957,3151 1002,3148 1047,3148 1092,3145 1137,3145 1181,3142 1226,3142 1271,3139 1316,3136 1360,3136 1405,3136 1450,3136 1495,3133 1539,3133 1584,3133 1629,3130 1674,3130 1718,3130 1763,3127 1808,3127 1853,3124 1898,3124 1942,3124 1987,3124 2032,3121 2077,3121 2121,3118 2166,3118 2211,3115 2256,3112 2300,3112 2345,3112 2390,3112 2435,3112 2479,3112 2524,3109 2569,3112 2614,3109 2659,3106 2703,3106 2748,3106 2793,3103 2838,3103 2882,3103 2927,3103 2972,3103 3017,3100 3061,3103 3106,3103"/>
                <TextEquiv>
                    <Unicode>mit melancholischem Lächeln hinzu;“so wolltet ihr sagen,</Unicode>
                </TextEquiv>
            </TextLine>
            <TextLine id="tr_1_tl_8" custom="readingOrder {index:7;}">
                <Coords points="496,3384 3124,3295 3219,3171 500,3226"/>
                <Baseline points="516,3321 537,3318 581,3312 626,3312 671,3312 716,3312 760,3309 805,3309 850,3309 895,3309 940,3306 984,3306 1029,3306 1074,3303 1119,3303 1163,3300 1208,3297 1253,3297 1298,3297 1342,3297 1387,3294 1432,3294 1477,3291 1521,3291 1566,3291 1611,3288 1656,3288 1701,3285 1745,3285 1790,3282 1835,3279 1880,3279 1924,3279 1969,3279 2014,3279 2059,3276 2103,3276 2148,3276 2193,3276 2238,3273 2282,3273 2327,3270 2372,3267 2417,3267 2462,3264 2506,3267 2551,3267 2596,3264 2641,3264 2685,3261 2730,3258 2775,3258 2820,3255 2864,3258 2909,3255 2954,3258 2999,3255 3043,3255 3088,3252 3133,3249 3178,3249 3223,3246"/>
                <TextEquiv>
                    <Unicode>Prinz. Es soll euch kein Geneimnis sein, warum ich's nicht</Unicode>
                </TextEquiv>
            </TextLine>
            <TextLine id="tr_1_tl_9" custom="readingOrder {index:8;}">
                <Coords points="500,3497 2761,3497 3103,3432 3106,3339 503,3380"/>
                <Baseline points="519,3473 564,3470 608,3470 653,3470 698,3467 743,3470 787,3467 832,3467 877,3467 922,3464 966,3461 1011,3458 1056,3461 1101,3458 1145,3458 1190,3458 1235,3455 1280,3455 1325,3452 1369,3452 1414,3449 1459,3452 1504,3449 1548,3449 1593,3446 1638,3443 1683,3443 1727,3443 1772,3440 1817,3437 1862,3437 1906,3437 1951,3434 1996,3434 2041,3434 2086,3431 2130,3431 2175,3428 2220,3428 2265,3425 2309,3425 2354,3428 2399,3428 2444,3428 2488,3423 2533,3423 2578,3420 2623,3420 2667,3420 2712,3420 2757,3420 2802,3420 2847,3420 2891,3417 2936,3417 2981,3417 3026,3414 3070,3417 3115,3417"/>
                <TextEquiv>
                    <Unicode>mehr bin,- eben euch nicht, denn ich glaub', es ist gut,</Unicode>
                </TextEquiv>
            </TextLine>
            <TextLine id="tr_1_tl_10" custom="readingOrder {index:9;}">
                <Coords points="513,3681 3216,3606 3219,3473 517,3544"/>
                <Baseline points="534,3628 537,3631 581,3631 626,3628 671,3625 716,3625 760,3622 805,3625 850,3622 895,3622 940,3622 984,3619 1029,3619 1074,3619 1119,3616 1163,3616 1208,3613 1253,3613 1298,3611 1342,3611 1387,3611 1432,3608 1477,3605 1521,3605 1566,3605 1611,3605 1656,3608 1701,3605 1745,3602 1790,3602 1835,3599 1880,3596 1924,3596 1969,3596 2014,3593 2059,3590 2103,3590 2148,3590 2193,3587 2238,3587 2282,3587 2327,3587 2372,3584 2417,3584 2462,3581 2506,3581 2551,3578 2596,3575 2641,3575 2685,3575 2730,3572 2775,3572 2820,3569 2864,3569 2909,3572 2954,3569 2999,3569 3043,3566 3088,3566 3133,3566 3178,3563 3223,3563"/>
                <TextEquiv>
                    <Unicode>die jungen Fürsten mit allen Leiden bekannt zu machen, die</Unicode>
                </TextEquiv>
            </TextLine>
            <TextLine id="tr_1_tl_11" custom="readingOrder {index:10;}">
                <Coords points="517,3880 2073,3750 3260,3780 3264,3596 520,3681"/>
                <Baseline points="534,3799 540,3799 584,3796 629,3793 674,3796 719,3793 763,3790 808,3793 853,3790 898,3790 943,3787 987,3787 1032,3784 1077,3781 1122,3781 1166,3781 1211,3778 1256,3775 1301,3775 1345,3775 1390,3775 1435,3769 1480,3769 1524,3769 1569,3766 1614,3766 1659,3763 1704,3763 1748,3760 1793,3760 1838,3760 1883,3757 1927,3754 1972,3751 2017,3751 2062,3751 2106,3748 2151,3748 2196,3745 2241,3745 2285,3745 2330,3745 2375,3745 2420,3739 2465,3739 2509,3739 2554,3736 2599,3736 2644,3733 2688,3733 2733,3733 2778,3733 2823,3733 2867,3733 2912,3730 2957,3730 3002,3727 3046,3727 3091,3724 3136,3721 3181,3721 3226,3715 3270,3715"/>
                <TextEquiv>
                    <Unicode>rings um sie in so mannigfacher Gestalt ihr trauriges Spiel</Unicode>
                </TextEquiv>
            </TextLine>
        </TextRegion>
    </Page>
</PcGts>
