3560 4184
2793 626 2875 756 7
609 681 2892 993 "Wie sie weint", flüsterte Marcell, und es zuckte
356 938 1636 1099 schmerzlich um seinen Mund.
2673 1020 3019 1239 Stimme.
602 1054 2385 1270 "Das tröstet sie", sagte der Andre mit
609 1184 2923 1403 "Und Trost ist Glück - nicht wahrt" rief der Prinz
353 1468 698 1591 hastig.
619 1537 1622 1732 "Gewiss, mein Freund.“
630 1626 3022 1858 "Warum habt ihr mir denn das bis heute verschwiegen,
366 1831 3005 2074 und wir sprachen so viel über's Glück! Ich glaubte, wir
424 2071 1622 2190 wären mit allem zu Ende -
619 2132 3015 2331 "Die Tränen eines edlen Schmerzes, mein Prinz, sind
390 2303 3015 2522 das reinste, tiefste Glück – aber es ein Glücke, das eben
421 2454 2406 2659 nur innigster Schmerz zu verstehen vermag."
637 2591 2628 2803 "Und- und Sie -" fragte der Prinz stockend.
654 2752 2954 2954 "Ich kenne diese Tränen, mein Prinz,- sie sind das
2748 2919 2947 3091 8/9.
390 2937 1297 3104 Glück des Unglücks.
390 3070 3138 3265 Fürsten weinen sie erst am Ende ihres Lebens; wenn ihr Herz
383 3231 1653 3426 nicht allzu menschlich ist
623 3337 3135 3573 Das Mädchen war verschwunden. Die beiden Spaziergänger
397 3539 3118 3734 wandten ihre Schritte dem Schlosse zu; da es erst dämmerte
390 3676 3046 3919 und die Treppe noch nicht beleuchtet war, so kam ein Kam-
