3560 4184
2894 486 2993 678 1
2576 668 2853 849 1880.
346 671 1010 853 Menschenliebe.
551 846 3035 990 Ein Doktor, für das Wohl der Menschen begeistert, hat
342 990 2942 1175 einen kranken Freund. Dieser gesteht ihm eines Tages die
322 1154 2887 1305 Liebe zu einem sehr schönen, aber auch kranken Mädchen.
319 1298 2939 1415 Beide vermählt würden also ein unglückliches sieches Ge-
377 1432 2952 1610 schlecht erzeugen, was der Arzt verhindern muss. Er hat
329 1630 3076 1767 aber das Herz nicht, es dem Freund offen zu sagen und kommt
336 1764 3045 1928 durch seine Intriguen in den Verdacht, ein falscher Freund
373 1925 3069 2072 zu sein. Auf dem Totenbette fühlt der Freund, welche Moti-
390 2062 1647 2247 ve den Arzt geleitet haben.
2456 2271 2891 2445 Oktob. 81.
555 2401 3017 2586 Prinz Marcell ist der Sohn jenes Paares, durch roman-
329 2610 2980 2737 tische Fügungen als Sohn des regierenden Fürsten aufgezo-
329 2771 2952 2928 gen. Dr.Flimmer ist der Erzieher des Prinzen. Szene, wie
329 2922 3041 3072 Marcell dem Dr.zu Füssen sinkt und ihm zuruft: Du wolltest
325 3062 1702 3247 mich davor schützen zu leben!
555 3220 3069 3374 Der Fürst erzählt dem Dr.Flimmer wie es kam, dass Mar-
377 3370 2959 3517 cell als sein Sohn auferzogen wurde. Er hatte mit jenem
373 3517 2904 3713 Mädchen ein Verhältnis, das Marcells Vaters heiratete.
366 3654 3072 3795 Dieser, halb verrückt, betraf ihn und droht, ihn niederzu-
