3544 4184
2735 460 2827 691 5
327 712 3045 872 treiben. Wenn ihr erlaubt, bring' ich euch ein paar Blätter
337 845 2974 1097 meines Tagebuchs, in denen ihr vor dem Schlafengehen ein
313 1039 3008 1243 wenig lesen möget. Ihr werdet eine Geschichte aufgeschrie-
313 1162 3049 1373 ben finden, die vor vielen Jahren sich zutrug und die nicht
313 1349 1012 1546 heiter klingt."
545 1458 2977 1686 Beide schwiegen, und langsamen Schritts näherten sie
330 1638 2946 1805 sich dem Gitter des Paris. Als Prinz Marcell aufblickend
327 1781 2919 1996 seinem Freunde ins Antlitz schute, begann dieser in fri-
330 1935 3028 2102 schem Tone, als wäre jeder trübe Gedanke verscheucht: „Wir
351 2126 2974 2269 wollen nun fortfahren und weiter über das Glück sprechen.
337 2245 2960 2415 Das ist ein enges Thema, Prinz, aber es lassen sich viel
337 2422 3038 2592 sehr viel Worte darüber machen. Ich kannte einen Mann, der
385 2592 3001 2739 sass in einem weiten Weiten Gemach, es blitzte die Sonne
347 2725 2868 2888 durch die hohen Scheiben - und der Mann sass an seinem
385 2875 3093 3045 Schreibtisch, finstre Falten auf der Stirn, die Augen halb
351 2984 3028 3188 geschlossen. Ein Heft lag auf dem Tisch - mit grossen Let-
361 3164 3069 3335 tern stand auf dem Hoft geschrieben: Das Glück - ein philo-
351 3331 3076 3515 sophischer Versuch. Ich besuchte den Mann vor zwölf Jahren,
351 3464 3018 3658 da er noch ein Herz hatte und nicht so verbittert war wie
409 3682 2878 3829 jetzt; auch war damals sein Haar noch licht und jung.
