3544 4168
444 622 2999 877 diener öffnete und verbeugte sich tief. Marcell und der
430 842 3198 1042 Doktor schritten über die Schwelle und liessen sich auf dem
437 1021 3188 1207 Sopha nieder. Ein Diener brachte Wein herbei und setzte die
430 1128 3167 1317 Flaschen auf den Tisch. Die Türe schloss sich; es war halb-
450 1327 3157 1506 dunkel auf dem Gang. Eine weibliche Gestalt huschte vorxxx
450 1465 3126 1644 über, der Kammerdiener fasste ihre Hand, es ging ein Flüs-
457 1627 3116 1771 tern hin und her; daz Liebespaar verschwand auf einer Sei-
454 1792 3074 1946 tentreppe und zwei Sekunden später hörte man eine Tür in
450 1960 2404 2177 den Angeln knarren. Jetzt blieb es still.
2610 2166 2882 2318 1881.
454 2325 3119 2517 Flimmer hatte einen Freund, dieser war krank; er will hei-
461 2503 3105 2634 raten. Ein sieches Geschlecht würde sich so fortpflanzen,
454 2634 3136 2785 Flimmer sucht die Bekanntschaft des Mädchens und wird von
461 2809 3119 2944 dem Freund getroffen. Dies erregt den ersten Verdacht. Er
471 2930 3126 3081 spricht mit seiner Geliebten, und ihre Verlegenheit nahrt
468 3122 3047 3260 seinen Verdacht. Er fühlt sich wirklich sehr krank. Die
468 3250 3167 3446 Verlobung naht heran. Flimmer weiss sich nicht mehr anders
505 3377 3150 3552 zu helfen, als indem er dem Mädchen ein glühendes Liebes-
468 3538 3126 3762 geständnis macht.- Kurz nachdem der Freund das Vernommen,
