3576 4184
2992 528 3077 715 3
357 711 2988 875 unter dem Studium der Medizin verfloss und ich mir nicht
371 837 3091 1093 versagen konnte, obwol von Haus aus materiell sehr wohl ge-
368 1031 3067 1225 stellt, meine Kunst - denn kein Fach ist wie diesen Wissen-
385 1137 3118 1341 schaft und Kunst zugleich - auszuüben. Da ich dann, wie ich
368 1290 3084 1491 mich wohl rühmen darf, in der Residenz als Arzt nicht übel
385 1474 3104 1654 angesehen war, so kamen nicht wenige junge Leute, die sich
391 1627 3050 1807 dem selben Stande widmen wollten, zu mir, um Näheres über
398 1767 3108 1964 die äussern Vorteile aller Art zu erfahren, die sich ihnen
432 1920 3060 2117 im Verlaufe ihrer Laufbahn bieten könnten. Da hütete ich
385 2069 3060 2294 mich denn wohl, die Jünglinge vor allem in jene Institute
388 2243 3070 2430 zu geleiten, wo leicht ein gewisser melancholischer Schau-
463 2400 3183 2587 er die ohnehin noch schwankenden Ideale zu erschüttern und
460 2573 3040 2747 zerstören pflegt, und ich vermied es, sie in den trüben
460 2740 3155 2903 Leichenduft der Seziersäle und zu dem Bette schwer leiden-
480 2890 3152 3053 der Kranker zu führen; dagegen wandelte ich oft mit ihnen
480 3016 3104 3206 in dem geräumigen blühenden Garten des Spitals herum, wo
480 3179 3148 3390 ich es denn nicht unterliess, sie auf die Genesenden auf-
470 3353 3063 3516 merksam zu machen, die mit neuerwachtem Lebensmte, der
487 3479 3220 3669 sich auch im Antlitz spiegelte, auf und ab spazierten. Hat-
494 3649 3217 3948 te dies Bild dem empfänglichen Gemüt sich eingeprägt, dann
