3528 4168
301 661 3020 887 merdiener herbei, der mit einem Licht in der Hand den Heim
308 880 3013 1034 kehrenden voranschritt. Zugleich überreichte er dem Doktor
298 1020 3047 1202 Flimmer ein versiegeltes Kuvert mit den Worten: "Ein Schrei
305 1171 2633 1397 ber von Seiner Hoheit an Ihro Gnaden, Herr Doktor.
561 1304 2941 1513 "Von meinem Vater!" rief Marcell aus, indem er sich
325 1472 3054 1681 rasch zu seinem Freunde umwandte. Flimmer hatte gelesen und
318 1661 3013 1794 sagte: "Der Fürst gestattet, dass wir noch im Laufe dieser
322 1777 2951 1958 Woches diesen stillen Aufenthalt verlassen und die Resi-
329 1982 1010 2123 denz beziehen."
585 2106 3068 2301 "Wahrhaftig, ich freue mich auf den ersten Winter, den
325 2280 2886 2472 ich mit euch, verehrter Doktor, in der Stadt verbringe.
325 2434 2253 2626 Nun wird alles in neuem Glänze schimmern.
585 2599 2979 2760 "Mein einziges Verdienst, werter Prinz, ist es, dass
390 2681 510 2794 es
329 2725 3003 2944 sich nicht eure künftige Hoheit, sondern eine künnftige Auf-
329 2900 2955 3071 gabe ist, die ich stets bedenke. Was würde man von einem
336 3057 3040 3246 Arzte sagen, der mit einem Male seinen Beruf praktisch aus-
332 3194 3033 3379 üben will, während er stets vor Kranken und Leichen zurück
339 3359 2886 3520 schauderte. Es giebt auch Regenten von solchem Schlage.
329 3509 3030 3667 Bleibe ich an eurer Seite, so sollt ihr ein andrer werden.
565 3674 3051 3828 Sie standen vor der Türe des Speisesaals - der Kammer-
