3560 4184
665 734 3048 955 "Da ihr Barner so gut kennt", erwidert Marcell, "so
424 865 3096 1110 mögt ihr ja damals auch schon mit seinem Schüler verkehrt
421 1010 3144 1296 haben - der nun meines Vaters getreuer Ratgeber ist und so
434 1220 1531 1424 schleichend still ist -
748 1331 3061 1503 'Ich glaube, ihr seid nicht sicher in einem Urteil
441 1534 3130 1703 über ihn - versuchet doch, die guten Seiten seines Charak-
441 1641 3175 1879 ters zu erfassen; er hat deren viele, und ich hielt' es für
441 1841 2365 2024 gut, wenn ihr sie zu würdigen verstündet.
690 2003 1282 2124 "Wie das -?"
686 2120 3117 2320 Flimmer zögerte eine Weile mit der Antwort; und just
493 2227 3123 2410 als er erwidern wollte, sah er den Blick Marcells auf ei-
445 2389 3123 2561 nen Punkt gerichtet. Des Prinzen Augen hafteten auf einer
459 2530 3165 2775 Gestalt, die auf einem Steine sitzend am Gitter lehnte. Es
455 2737 3096 2958 war die Gestalt eines Mädchens. Das Mädchen glaubte sich
452 2875 3089 3079 unbemerkt; es weinte leise, und das Wolltuch, das ihm um
472 3037 3217 3192 Schultern und Brust hing, bewegte sich heftig, so dass auch
514 3223 3082 3372 die Locken unruhig über dem schlanken Nacken zitterten.
721 3348 3189 3541 Dieses Mädchen kenne ich", sagte Flimmer ziemlich ru-
459 3510 3234 3723 hig; "seine Tränen fliessen, weil es vom Liebsten verlassen
469 3706 817 3906 wurde —
