3560 4184
2058 501 3084 719 1/8.1880.
405 705 1584 923 Menschenliebe. - Novolle.
658 818 3155 1043 "Ich schmeichle euch nicht", sagte der siebzehnjährige
409 1002 3057 1206 Prinz, indem er mit seinem Hofmeister im Garten auf- und
412 1169 3135 1353 abwandelte, „keinen hört' ich so gern reden, wie euch; ihr
419 1308 3114 1513 habt eine seltsame, ganz neue Art und Weise, von einem Ge-
433 1475 3138 1687 danken zum andern zu springen, eine Idee mit der andern Zu
2140 1564 2784 1666 mit Innigkeit
440 1615 3080 1826 verbinden, scheinbar wdersprechende Gefühle zu verschmel-
433 1768 3016 1966 zen, und während ich bei den Worten aller andern Lehrer
440 1939 3074 2154 ganz kalt blieb, dringen mir die euern bis ans Herz, und
440 2072 2644 2280 ich freie mich, so oft ihr zu sprechen beginnt.
647 2208 3022 2430 "Werter Prinz", erwiderte Flimmer mit wohllautender
457 2413 3193 2617 Stimme, indem sich über sein angenehmes Gesicht ein stillen
491 2573 3118 2767 Lächeln breitete, "ich kann nicht glauben, dass all dies
450 2702 3169 2954 an mir allein liegen sollte, und ich glaube vielmehr, dass
467 2886 3026 3053 euer Interesse sich unbilligerweise von dem Gegenstand,
474 3053 3029 3206 über den wir hier gesprächsweise klar zu werden suchen,
463 3166 3166 3353 auf mich selber übertrug, den xxx euch als Führer auserko-
641 3319 920 3435 ward
467 3390 927 3537 ren habt."
722 3418 3217 3704 "Ihr dürft nicht vergessen", sagte Marcell, "dass auch
463 3656 3193 3881 frühere Lehrer mich mit den Anfangsgründen der Philosophie
