3304 3944
1115 598 2291 826 kann, Sie sehen nicht über
2628 731 2734 886 Di
2372 782 2492 868 por
1338 791 2282 1004 geht mir gut" sagte
2568 870 2926 1027 dass es
2418 891 2506 1027 eh
1154 916 2335 1170 Wahrheit zu sagen, glaube
2621 1034 2981 1200 gut geg.
1154 1052 2250 1295 mir noch nie in meinem
1161 1216 2721 1442 gangen ist." Er hatte sich auf.
1165 1301 3023 1601 niedere Gaiselongue gesetzt, die Mitten
1184 1440 3030 1765 im Zimmer stand und schaute zu Heinrich
1195 1615 2933 1892 auf, der am Schreibtisch lehnte., und
1205 1774 3041 2065 dem der Schein der Lampe, der von unten
1269 1901 3011 2197 unsichere Schatten ins Gesicht zeich
1239 2081 2914 2374 nete. Auf dem Schreibtisch sah Georg
1251 2160 3064 2481 wie gewöhnlich eine Menge loser Blätter
1269 2361 2947 2614 liegen, ganz und halb beschrieben mit
1274 2469 3138 2771 grossen, erregten Buchstaben. "Ich habe
1295 2628 3016 2935 schon gehört", sagte Georg, "dass Sie
1311 2753 3175 3081 ziemlich unsichtbar sind. Von Ehrenbergs
1311 2914 3044 3233 und Nürnberger. Sie stecken wohl tief
1336 3143 2102 3362 in Ihrer Komödie
1396 3221 2993 3514 Heinrich stand da, beide Hände in
1428 3378 2891 3648 osentaschen vertraben mit leicht
