3512 4040
2534 382 2751 564 1141
758 517 2836 758 grad von Bequemlichkeit — oder Feigheit.“-Er
758 678 3018 922 blieb vor Georg stehen. "Sie meinen ich denke an
755 816 2971 1069 mich... nein, wenigstens nicht mehr als gewöhn¬
3024 919 3130 1128 G.F.P.
755 1036 1130 1160 Mich. „
772 1142 2966 1359 „Wenn Stemsicher gewusst hätten, Heinrich, dass
769 1307 2969 1515 es so enden wird, Sie hätten sie nicht sterben
758 1503 1169 1635 lassen."
772 1597 3018 1809 "Das dürfte stimmen. Und trotzdem, ich versichre
749 1738 2789 1973 Sie, fühl ich mich nicht schuldig. Ich habe
752 1920 2839 2120 mich nicht einmal schuldig gefühlt, als man
758 2023 3057 2234 vor meinen Augen ihren Sarg in die Erde senkte."
796 2229 2822 2431 "Sie sind damals hingereist?" fragte Georg.
775 2390 3071 2549 “Ja, ich habe Ihnen nichts davon geschrieben. Wie
758 2522 3024 2710 kann man auch über solche Dinge schreiben... Mit
432 2640 617 2798 e eet
755 2681 2833 2919 der Mutter bin ich hingefahren." Er stand am
763 2822 2839 3063 Fenster, ganz im Dunkel und schüttelte sich.
772 2992 3021 3218 "Nein, nie werd ich es vergessen. Uebrigens ist
758 3171 2910 3339 es auch nur eine Lüge, dass sich Menschen in
769 3250 3127 3556 einem gemeinsamen Leid finden. Leidl... Na, bleiben
