3560 4280
2852 615 3037 789 872
948 772 2961 1021 ten, wenn ich komme. Und ich werde ihr die
942 917 3087 1211 Hände küssen, als wäre nichts geschehen. "Ja,
959 1099 3160 1317 da wär ich wieder." "Wie gehts Dir Georg, bist
965 1242 2986 1496 Du mir treu gewesen?".. Nein, so fragt sie
976 1398 3210 1653 nicht. Aber sie wird es fühlen. Sie würd es wis
990 1588 3073 1798 sen, dass es anders war. Ich will auch nicht
998 1725 3207 1952 ligen. Ich kann gar nicht lügen. Es tst so ab -
1004 1876 3238 2089 scheulich zu lügen... Acht Gott, hab ichs denn
1004 2008 3193 2259 nicht schon getan? Meine Briefe... diese zärt-
987 2181 3235 2424 lichen, sehnsüchtigen... wie verlogen waren die.
1007 2318 3249 2573 Nein. Nur die Sehnsucht war Luege, die Zärtlich
1018 2503 3123 2721 keit nicht. Aber ich musste ja, was hätt ich
1035 2673 3067 2875 denn tun sollen? Wie durft ich sie kränken,
1021 2830 3224 3000 aufregen in dieser Zett!! O, was schwindel ich
1023 2961 3121 3177 mir da vor! Das ist da alles nicht wahr...
1049 3118 3149 3367 kein Wort ist wahr. Es war mir ja alles so
1051 3246 3269 3481 gleichgültig. Anna und meine Zukunft und ihre..
1057 3397 3291 3646 alles, alles. Wie besessen war ich. Ja, das ist
1077 3596 3182 3870 es, besessen. Aber es war schön. Dass es nie
