3416 4168
2648 528 2868 769 158.
1162 782 2770 984 schon nichts anderes, ihr einziger
1155 942 2832 1111 Trost, ihre letzte Hoffnung, wollen
1160 1095 3013 1263 Sie diesen Leuten, mit Ihren, verzeihen
1162 1199 3029 1388 Sie, kosmopolitischen,-aristokratisehen
1028 1357 2881 1561 litrarisehen Phrasen kommen? Das wäre
1168 1496 3003 1672 doch eine verdammt billige Art sich mit
1165 1665 2959 1822 den Verpflichtungen gegen ihr Volk ab-
1162 1815 1615 1962 zufinden.
1160 1936 2969 2123 Erstens, lieber Leo, fühle ich keiner-
1162 2068 3140 2273 lei Verpflichtungen, ich bin nämlich
1165 2198 2884 2397 zum Volksredner und nicht zum politi-
1162 2376 2964 2540 schen Führer berufen. Wär' ich es aber
1168 2490 2964 2651 oder besser gesagt, zwänge mich irgend
1165 2682 2863 2819 ein höherer Wille hier einzugreifen,
1162 2809 3011 2964 so fände ich wahrscheinlich Wichtigeres
1155 2928 3088 3083 allerdings schwierigeres zu tun, als
2405 3050 2625 3130 p, in a
826 3075 2910 3223 ni der was meiner Empfindung nach die Führer
2467 3200 2778 3308 austribs
1160 3210 2918 3402 der zionistischen Bewegungen xxx. Ich
1147 3373 3000 3516 würde nicht, dem politischen Aberglaub
1149 3516 2998 3658 der Zurückgebliebenen, der Ungebildeten
1152 3658 2954 3834 schmeicheln, nicht Hoffnungen in ihnen
