3592 4264
1228 656 3167 833 gleichgilig, da man wusste wovon die Rede
1238 792 3118 1002 war. (Es war auch bekannt, dass sie eine
1225 944 3265 1126 Parteigängerin des liberalen Kapellmeisters
1205 1094 3217 1329 war, wie sie überhaupt in der österreichi-
1253 1261 2908 1435 sehen Aristokratie das freiheitlich
1243 1412 2916 1582 künstlerische Prinzip zu vertreten
1253 1549 1623 1744 liebte.
1261 1698 3136 1904 „Was war denn für ein Programm? “ fragte
1263 1840 2977 2020 Frau Ehrenberg, die aus irgend einem
1256 1974 3151 2182 Taktgefühl heraus nicht wollte, dass die
1261 2091 3040 2316 Fürstin sich für ihre Anschauungen am
1266 2253 3172 2473 Ende der Gesellschaft zliebe allzu hetig
1278 2453 1817 2630 engagierte.
1293 2577 3048 2762 "Ein schönes Programm wars, Beethoven
1273 2696 3088 2903 Achte, Siegfried Idyll, und dann damit
1291 2815 3045 3032 die Abteht nicht allzu deutlich wird
1283 3025 2863 3207 habens von Goldmark die Frühlings.
1293 3172 2240 3372 Ouverture gespielt.
1481 3278 3245 3513 Und wenn eih fragen darf, Durchlaucht
1316 3417 3324 3701 sagte Georg, wie hat sich denn der neue Di-
