3608 4280
2956 694 3137 840 6O4
921 743 3166 982 mit keinem sogenannten Vaterland vertauschen, es
924 965 3122 1105 ist Heimt, vielgeliebte Heimat, einzige Hetmat
918 1073 3204 1329 aber es bleibt Feindesland und Sie lieber Georg,
915 1242 3230 1472 er streckte ihm die Hand entgegen, " sind mir von
921 1399 3084 1635 meinen Feinden einer der sympathischesten.....“
933 1542 3160 1772 „weil ich die Beine nicht auf den Sitz gegenüber
921 1714 1236 1866 I eger"
939 1851 3183 2087 "Sehen Sie, wie Sie unfähig sind jüdische Anekdo
924 2020 1729 2186 ten zu verstehen.
930 2178 3253 2370 "Haben Sie nur einige Geduld mit mir, Heinrich, es
904 2338 3192 2533 wird schon werden. Aber", erwies auf den Kellner,
909 2510 3250 2647 der am Literatentisch eben die Zeche einkassterte,
898 2600 1804 2787 „ es Xr wird spät.”
892 2714 3206 2935 Heinrich sah auf die Uhr. "Halb drei und ich fahr
892 2930 2644 3157 morgen früh mit dem acht Uhr Zug ab.“
944 3125 1169 3253 so?"
895 3247 3020 3378 "Ja, darum wollt ich Sie ja auch noch so gern
895 3349 3148 3609 sprechen. Ich werd Ihnen letzder auf längere Zeit
895 3556 1848 3696 adieu sagen müssen."
898 3664 1525 3944 („Auf längert)
