3432 4104
2706 455 2917 562 D44.
2441 545 2769 721 in den
1181 689 2972 883 sagte: "Mir scheint, dass ich eben was
1163 841 2988 1072 Herr Gulowsi spricht, sehr viel wahres
1183 1059 1535 1190 steckt.
1176 1130 3039 1334 Natürlich, rief Heinrich aus, und seine
1190 1267 3014 1461 Züge verzerrten sich beinahe, für alle
1202 1401 2882 1599 Antisemitten wäre der Zionismus die
1213 1576 2732 1757 bequemste Lösung der Judenfrage.
1225 1722 3069 1888 Georg schüttelte den Kopf und lächelte.
1225 1828 2905 2034 Aber Heinrich, sagte Leo milde, Sie
1225 1969 3032 2166 reden ja wie ein liberaler Leidartikel
1241 2228 1731 2332 schreiber.
1246 2277 2919 2457 Beantworten Sie mir gefälligst eine
1486 2415 2149 2542 aber pld Blar
1255 2422 3016 2690 Frage, sagte Heinrich und seine Augen
1260 2565 2968 2753 röteten sich (wie gewöhnlich, wenn er
1262 2727 2556 2945 sich ärgerte) aber ehrlich.
1262 2806 2977 3051 Leo lachte. Wenn Sie Ihre Frage klar
1276 2979 2998 3164 zu stellen wissen, so können Sie ver-
2852 3079 2965 3178 a
1276 3155 2993 3300 sichert sein, dass ich Ihnen
1273 3291 2071 3458 antworten werde.
1280 3416 3079 3610 Ist es Ihre Ueberzeugung, fragte Hein-
