3576 4200
2817 280 2976 451 57
2845 438 3011 575 195
1230 522 3198 738 Während der Broten serviert wurde erschien
1220 683 3004 885 die Fürstin Klingenhof. Else warf Ge-
1225 824 3021 1079 org einen vergnügten Bick zu, als wenn
1230 983 2986 1182 ihr eine Ueberraschung gelungen wäre.
1232 1104 3127 1356 Da Frau Ehrenberg aufstand, ihr entgegen
1245 1260 3168 1507 ging und m einige Bewegung rings um den
1247 1401 3117 1673 Tisch entstand, sagte die Fürstin:“Bitte
1257 1562 2606 1792 sich nicht stören zu lassen."
1280 1704 2933 1953 *Durchlaucht sehen", erwiderte Frau
1268 1850 3168 2099 Ehrenberg, dass wir nicht einmal mit dem
1273 2041 2349 2245 Souper gewartet haben.“
1285 2104 3314 2402 "Na, das wär gar schön gewesen, Wo darf ich
1285 2321 2356 2535 mich denn hinsetzten?“
1288 2434 3095 2686 Ein Platz zwischen Hernn Ehrenberg und
1310 2580 3044 2848 Sektionschef Hilt war frei geblieben.
1257 2734 3284 3021 Nürnberger und Hermann wurden vorgestellt,
1323 2873 3188 3107 däie andern waren der Fürstin bekannt ge
1333 3117 1648 3296 wesen.
1348 3095 3248 3407 Wenn sie schwieg sah das feine blasse Kir-
1351 3309 3251 3604 dergesicht schwermitig und beinahe ältli
