3368 4104
2814 478 3046 627 eben
1875 495 2737 741 zu schaffen machte.
1371 495 1549 736 1.°
1675 607 1875 744 drank
2407 627 2719 741 m Schiam
985 575 1405 813 Ext steh
2662 641 3023 813 d to them
993 647 2645 968 eine heitere phantaste mehr zurücklegte.
2840 779 3020 936 und
1013 856 2768 1111 versehentlich in die Hande gekommen war
733 962 2937 1262 nichte die dunkeligraue herausauchte, die zum An
1022 1234 1775 1426 zug gehörte.
1028 1271 2991 1574 "Ich spreche nicht von Deinem Fall," sagte
2493 1400 2699 1506 rau
1028 1414 3046 1740 Felictan, oder vielmehr, ich weiss nicht,
721 1583 3029 1898 ###, ob das, was ich sage, auf Deinen Fall Anwen
1071 1749 3100 2001 dung finden. Unrichtig fände ich es nur,
1062 1912 2988 2167 wenn Du der Meinung wärst, dass Du gerade
1076 2041 3083 2321 unter diesen Umständen stärker verpflichtet
1079 2198 3054 2473 bist, als vorher. Nein. Entweder Du fühlst
1082 2319 3060 2642 Dich innerlich an sie gebunden, oder nicht
1085 2482 3080 2782 Danach musst Du handeln. Darfst Dich nicht
1122 2654 2943 2966 gerade jetzt durch eine Sentimentalität
1128 2822 2951 3074 irgendwo hin looken lassen, wohin Du vi
1131 2940 3023 3263 leicht früher unter dem bittern Gefühl er¬
1128 3100 2971 3383 nes äussern Zwangs geraten wärest. Viel
1946 3266 2052 3527 P.
1162 3338 1875 3532 leicht sag ich.
1174 3363 3086 3684 „Weisst Du wie es geheissen hätte," sagte
