3400 4184
2804 523 2999 723 886
863 695 3047 969 Herz, wenn ich dran denke. Zuerst werd ich den
1927 829 2173 946 derk
878 840 3045 1098 Giebel sehen überm Balkon. (Es ist wirklich ein
886 1006 3019 1261 Glück, dass es thh so gut geht. Wie lieb ihre
895 1181 3096 1404 Briefe waren: so ruhig und vernünftig. Wenn sie
915 1352 3085 1581 ahnte. - Das sonderbare ist, ich kann mir nicht
372 1398 712 1647 re knte it
912 1481 3210 1727 vorstellen, dass sie verzweifelt wäre, Vielleicht
2985 1627 3062 1835 be
918 1627 2942 1884 weinen, Oder nicht einmal weinen, höchstens
437 1721 560 1844 e
2070 1764 2547 1887 des Reis et n'y
232 1732 380 1941 46
926 1792 2982 2024 ganz allein für sich. Ich möchte eigentlich,
935 1981 3142 2153 dass sie sich kennen lernen. Mir kommt vor, sie
166 2067 297 2224 für
926 2127 3013 2347 müssten einander sehr sympathisch sein. Graf
938 2258 3019 2481 von Gleiche! Das wär bequem. So leicht wurde
946 2447 3139 2667 einem nicht gemacht. Nein. Ich muss mich zusam
938 2599 2979 2804 mennehmen, darf mir nichts anmerken lassen.
943 2722 3087 2967 Es wäre eine Rücksichtslosigkeit. Aber irgend
958 2887 3145 3139 einmal muss ich ihrs sagen. Später einmal. Spil
966 3033 3190 3310 ter? Werd ich ihrs wirklich sagend Was kann man
969 3199 3102 3393 denn vorher wissen. Jetzt wirds ja ernst. Ich
966 3365 3202 3556 muss auch noch einmal zu Professor Viebiger geh
992 3513 3016 3759 en. Und stel Wird sie wieder ihre Leht tonen
