3608 4248
2949 405 3128 578 600
870 545 3119 751 allen Juden, die ich bisher kennen gelenrt habe,
879 730 2851 923 eine gute Portion Antisemitsmus steckt. „
897 894 3041 1049 „Lieber Georg, dieser Antusemittsmus der Juden
882 1004 3190 1194 besteht zweifellos, aber die Gründe haben mit den
882 1168 3181 1349 Gründen des christlichen oder germanischen Antise
879 1329 3187 1507 mitismus so gut wie nichts zu tun,sind also durch
882 1480 3178 1665 aus nicht für ihn auszunützen. Vor allem richtet
888 1659 3184 1820 sich unser jüdischern Antisemittsmus wirklich aus
891 1799 3095 1969 schliesslich gegen die schlechten Eigenschaften
891 1951 3137 2139 der Juden, während der Anttsemittsmus der andern
867 2094 3169 2285 Rassen in Wahrheit hauptsächlich Erbitterung über
894 2252 3140 2431 die guten und daher im Dasetnskampf gefährlichen
870 2398 3202 2592 Eigenschaften der Juden vorstellt. Warum mich zum
879 2538 3092 2746 Beispiel, die Fehler, oder selbst nur die Eigen
950 2651 1105 2755 her
897 2684 3181 2869 schaften eines Juden oder auch einer Jüdln gerade
894 2869 3152 3035 so sehr, oder manchmal noch tiefer erbitern, als
1743 2940 2326 3044 du vérit de son
894 3023 3181 3190 die anderer Menschen, das ltegt wahrscheinlich nur
894 3160 3083 3354 in metnem Zorn darüber, dass man mioh, ja mich,
891 3309 3098 3506 immer wieder für diese Fehler und Eigenschaften
2964 3384 3303 3506 what sort
897 3491 3292 3700 verantwortlich macht und steh mein Egotsmus dagegen
