<?xml version="1.0" encoding="UTF-8" standalone="yes"?>
<PcGts xmlns="http://schema.primaresearch.org/PAGE/gts/pagecontent/2013-07-15" xmlns:xsi="http://www.w3.org/2001/XMLSchema-instance" xsi:schemaLocation="http://schema.primaresearch.org/PAGE/gts/pagecontent/2013-07-15 http://schema.primaresearch.org/PAGE/gts/pagecontent/2013-07-15/pagecontent.xsd">
    <Metadata>
        <Creator>prov=READ-COOP:name=TrHtr:version=2.1.0:model_id=51170:date=30_07_2023_11:51</Creator>
        <Created>2023-05-10T13:59:52.515+02:00</Created>
        <LastChange>2023-07-30T11:51:34.070+02:00</LastChange>
        <TranskribusMetadata docId="1428601" pageId="55415786" pageNr="39" tsid="131502455" status="IN_PROGRESS" userId="64420" imgUrl="https://files.transkribus.eu/Get?id=GMCZHLBMVOHSBICAWQGXSKST&amp;fileType=view" xmlUrl="https://files.transkribus.eu/Get?id=FQSTTVBYXNTSZRYDRXYZSJHW" imageId="44689893"/>
    </Metadata>
    <Page imageFilename="1428601_0039.jpg" imageWidth="3464" imageHeight="4184">
        <ReadingOrder>
            <OrderedGroup id="ro_1711789306587" caption="Regions reading order">
                <RegionRefIndexed index="0" regionRef="tr_1"/>
                <RegionRefIndexed index="1" regionRef="tr_2"/>
            </OrderedGroup>
        </ReadingOrder>
        <TextRegion id="tr_1" custom="readingOrder {index:0;}">
            <Coords points="1196,645 3046,645 3046,2325 1196,2325"/>
            <TextLine id="tr_1_tl_1" custom="readingOrder {index:0;}">
                <Coords points="2693,733 2744,724 2774,750 2795,743 2841,759 2860,757 2904,724 2948,722 2941,609 2911,609 2857,641 2834,627 2807,639 2753,622 2735,632 2721,625 2689,643"/>
                <Baseline points="2703,695 2748,695 2793,698 2838,698 2882,701 2927,707 2951,707"/>
                <TextEquiv>
                    <Unicode>id 463.6</Unicode>
                </TextEquiv>
            </TextLine>
            <TextLine id="tr_1_tl_2" custom="readingOrder {index:1;}">
                <Coords points="1187,928 1409,969 2316,921 2462,1006 2862,1002 2862,856 2749,812 2247,875 2140,789 1844,745 1187,833"/>
                <Baseline points="1199,922 1211,922 1256,922 1301,922 1345,922 1390,922 1435,922 1480,922 1524,922 1569,922 1614,922 1659,922 1704,919 1748,922 1793,922 1838,925 1883,928 1927,925 1972,925 2017,922 2062,922 2106,922 2151,922 2196,919 2241,922 2285,919 2330,919 2375,919 2420,919 2465,919 2509,919 2554,919 2599,919 2644,922 2688,922 2733,922 2778,919 2823,916 2867,916"/>
                <TextEquiv>
                    <Unicode>brennen lassen, was Sie hoffentlich</Unicode>
                </TextEquiv>
            </TextLine>
            <TextLine id="tr_1_tl_3" custom="readingOrder {index:2;}">
                <Coords points="1192,1081 2575,1069 2855,1141 2855,1002 2358,972 2230,1030 1490,1030 1330,935 1192,949"/>
                <Baseline points="1205,1071 1250,1074 1295,1074 1339,1071 1384,1071 1429,1071 1474,1071 1519,1071 1563,1068 1608,1068 1653,1068 1698,1068 1742,1068 1787,1068 1832,1068 1877,1068 1921,1068 1966,1068 2011,1068 2056,1068 2100,1068 2145,1068 2190,1068 2235,1068 2280,1068 2324,1068 2369,1065 2414,1065 2459,1065 2503,1065 2548,1062 2593,1065 2638,1065 2682,1062 2727,1062 2772,1062 2817,1059 2861,1059"/>
                <TextEquiv>
                    <Unicode>nicht ausschliesslich auf Trotz zu-</Unicode>
                </TextEquiv>
            </TextLine>
            <TextLine id="tr_1_tl_4" custom="readingOrder {index:3;}">
                <Coords points="1192,1224 1326,1266 2300,1210 2547,1293 2941,1280 2943,1120 1789,1185 1555,1090 1194,1118"/>
                <Baseline points="1205,1211 1247,1217 1292,1214 1336,1214 1381,1214 1426,1214 1471,1214 1516,1211 1560,1211 1605,1211 1650,1208 1695,1211 1739,1211 1784,1214 1829,1211 1874,1211 1918,1211 1963,1208 2008,1208 2053,1208 2097,1208 2142,1208 2187,1211 2232,1211 2277,1208 2321,1205 2366,1205 2411,1205 2456,1202 2500,1202 2545,1202 2590,1202 2635,1202 2679,1202 2724,1202 2769,1202 2814,1202 2858,1199 2903,1202 2948,1202"/>
                <TextEquiv>
                    <Unicode>rückzuführen gedenken. Und Sie werden</Unicode>
                </TextEquiv>
            </TextLine>
            <TextLine id="tr_1_tl_5" custom="readingOrder {index:4;}">
                <Coords points="1187,1370 2957,1349 2908,1263 2008,1296 1798,1219 1187,1256"/>
                <Baseline points="1199,1339 1217,1339 1262,1339 1307,1339 1351,1336 1396,1339 1441,1336 1486,1336 1530,1336 1575,1336 1620,1336 1665,1336 1710,1336 1754,1336 1799,1336 1844,1336 1889,1336 1933,1336 1978,1333 2023,1336 2068,1336 2112,1336 2157,1336 2202,1333 2247,1336 2291,1333 2336,1333 2381,1333 2426,1333 2471,1331 2515,1333 2560,1331 2605,1333 2650,1336 2694,1333 2739,1336 2784,1333 2829,1333 2873,1331 2918,1331 2963,1333"/>
                <TextEquiv>
                    <Unicode>mir vielleicht auch glauben, wenn ich</Unicode>
                </TextEquiv>
            </TextLine>
            <TextLine id="tr_1_tl_6" custom="readingOrder {index:5;}">
                <Coords points="1182,1476 3019,1490 3043,1365 1182,1372"/>
                <Baseline points="1196,1459 1211,1459 1256,1456 1301,1456 1345,1453 1390,1453 1435,1453 1480,1453 1524,1456 1569,1456 1614,1459 1659,1459 1704,1462 1748,1459 1793,1456 1838,1456 1883,1453 1927,1453 1972,1453 2017,1453 2062,1453 2106,1453 2151,1453 2196,1453 2241,1453 2285,1453 2330,1450 2375,1450 2420,1453 2465,1453 2509,1453 2554,1453 2599,1450 2644,1453 2688,1453 2733,1453 2778,1453 2823,1453 2867,1453 2912,1453 2957,1453 3002,1453 3046,1456"/>
                <TextEquiv>
                    <Unicode>Ihnen sage, dass auch heute noch Tausen</Unicode>
                </TextEquiv>
            </TextLine>
            <TextLine id="tr_1_tl_7" custom="readingOrder {index:6;}">
                <Coords points="1187,1615 2899,1643 2936,1460 2605,1522 2524,1465 2219,1520 2108,1476 1946,1539 1187,1525"/>
                <Baseline points="1199,1587 1244,1587 1289,1584 1333,1584 1378,1581 1423,1584 1468,1584 1513,1584 1557,1587 1602,1590 1647,1590 1692,1590 1736,1590 1781,1584 1826,1584 1871,1581 1915,1581 1960,1584 2005,1584 2050,1584 2094,1584 2139,1584 2184,1584 2229,1581 2274,1581 2318,1584 2363,1581 2408,1581 2453,1581 2497,1584 2542,1584 2587,1584 2632,1584 2676,1584 2721,1587 2766,1587 2811,1587 2855,1590 2900,1596 2942,1599"/>
                <TextEquiv>
                    <Unicode>de leben, die gerade so bereit wären,</Unicode>
                </TextEquiv>
            </TextLine>
            <TextLine id="tr_1_tl_8" custom="readingOrder {index:7;}">
                <Coords points="1661,1680 1684,1673 1724,1684 1740,1673 1754,1677 1761,1671 1775,1682 1809,1677 1828,1664 1863,1673 1870,1615 1842,1613 1823,1627 1791,1608 1777,1620 1745,1610 1714,1636 1694,1631 1682,1617 1668,1617"/>
                <Baseline points="1674,1671 1692,1671 1736,1665 1781,1662 1826,1656 1871,1653"/>
                <TextEquiv>
                    <Unicode>part.</Unicode>
                </TextEquiv>
            </TextLine>
            <TextLine id="tr_1_tl_9" custom="readingOrder {index:8;}">
                <Coords points="1187,1777 1566,1835 1823,1775 2890,1793 2904,1643 2200,1624 2052,1682 1627,1691 1453,1624 1187,1687"/>
                <Baseline points="1199,1730 1244,1730 1289,1727 1333,1727 1378,1730 1423,1730 1468,1730 1513,1727 1557,1730 1602,1730 1647,1733 1692,1730 1736,1730 1781,1730 1826,1730 1871,1727 1915,1727 1960,1727 2005,1733 2050,1733 2094,1730 2139,1730 2184,1727 2229,1727 2274,1727 2318,1727 2363,1727 2408,1727 2453,1730 2497,1730 2542,1730 2587,1730 2632,1733 2676,1733 2721,1733 2766,1733 2811,1736 2855,1736 2900,1739 2909,1742"/>
                <TextEquiv>
                    <Unicode>als Jene/ihre religiöse Ueberzeugung</Unicode>
                </TextEquiv>
            </TextLine>
            <TextLine id="tr_1_tl_10" custom="readingOrder {index:9;}">
                <Coords points="1189,1890 1286,1925 1354,1883 1983,1881 2034,1925 2154,1893 2293,1937 2383,1909 2383,1777 2025,1823 1846,1786 1566,1837 1481,1798 1189,1832"/>
                <Baseline points="1202,1880 1247,1877 1292,1877 1336,1877 1381,1877 1426,1877 1471,1874 1516,1874 1560,1877 1605,1874 1650,1874 1695,1874 1739,1877 1784,1877 1829,1880 1874,1877 1918,1880 1963,1880 2008,1880 2053,1880 2097,1880 2142,1880 2187,1880 2232,1877 2277,1880 2321,1880 2366,1883 2390,1886"/>
                <TextEquiv>
                    <Unicode>mit dem Leben zu bezalen.</Unicode>
                </TextEquiv>
            </TextLine>
            <TextLine id="tr_1_tl_11" custom="readingOrder {index:10;}">
                <Coords points="1453,1962 1527,1983 1576,1960 1606,1967 1643,1955 1671,1974 1719,1964 1719,1897 1654,1909 1613,1888 1564,1897 1550,1881 1536,1890 1509,1886 1488,1902 1474,1890 1453,1890"/>
                <Baseline points="1465,1951 1501,1954 1545,1954 1590,1951 1635,1951 1680,1948 1724,1948"/>
                <TextEquiv>
                    <Unicode>dann</Unicode>
                </TextEquiv>
            </TextLine>
            <TextLine id="tr_1_tl_12" custom="readingOrder {index:11;}">
                <Coords points="1182,2078 1541,2031 1955,2080 2286,2029 2522,2085 2975,2062 2975,1964 2693,1907 1726,1985 1182,1955"/>
                <Baseline points="1196,2029 1235,2026 1280,2026 1325,2026 1369,2026 1414,2029 1459,2029 1504,2029 1548,2029 1593,2026 1638,2026 1683,2026 1727,2026 1772,2023 1817,2023 1862,2026 1906,2029 1951,2029 1996,2029 2041,2026 2086,2026 2130,2029 2175,2029 2220,2029 2265,2029 2309,2029 2354,2029 2399,2026 2444,2026 2488,2029 2533,2029 2578,2029 2623,2029 2667,2029 2712,2032 2757,2035 2802,2032 2847,2029 2891,2029 2936,2026 2981,2026"/>
                <TextEquiv>
                    <Unicode>Ich bin überzeugt, sagte Heibrich, der</Unicode>
                </TextEquiv>
            </TextLine>
            <TextLine id="tr_1_tl_13" custom="readingOrder {index:12;}">
                <Coords points="1187,2196 2908,2212 2934,2068 1187,2112"/>
                <Baseline points="1199,2175 1238,2172 1283,2169 1328,2169 1372,2169 1417,2169 1462,2169 1507,2172 1551,2169 1596,2169 1641,2169 1686,2169 1730,2169 1775,2166 1820,2166 1865,2166 1909,2166 1954,2169 1999,2169 2044,2172 2089,2178 2133,2175 2178,2178 2223,2172 2268,2172 2312,2172 2357,2169 2402,2169 2447,2169 2491,2172 2536,2172 2581,2172 2626,2169 2670,2169 2715,2172 2760,2172 2805,2172 2850,2172 2894,2172 2939,2169"/>
                <TextEquiv>
                    <Unicode>umso sicherer wurde, je heftiger sich</Unicode>
                </TextEquiv>
            </TextLine>
            <TextLine id="tr_1_tl_14" custom="readingOrder {index:13;}">
                <Coords points="1388,2261 1430,2277 1527,2244 1573,2263 1636,2249 1694,2267 1728,2251 1758,2265 1798,2254 1856,2277 1872,2274 1872,2180 1821,2168 1740,2212 1675,2186 1617,2210 1522,2210 1476,2173 1418,2203 1388,2196"/>
                <Baseline points="1402,2235 1447,2241 1492,2241 1536,2241 1581,2241 1626,2241 1671,2244 1715,2244 1760,2244 1805,2241 1850,2238 1877,2235"/>
                <TextEquiv>
                    <Unicode>ihm erwirkte,</Unicode>
                </TextEquiv>
            </TextLine>
            <TextLine id="tr_1_tl_15" custom="readingOrder {index:14;}">
                <Coords points="1182,2390 2304,2309 2765,2365 2811,2353 2811,2217 1182,2254"/>
                <Baseline points="1196,2315 1202,2312 1247,2312 1292,2312 1336,2312 1381,2315 1426,2312 1471,2312 1516,2312 1560,2312 1605,2312 1650,2312 1695,2315 1739,2315 1784,2315 1829,2312 1874,2309 1918,2309 1963,2312 2008,2312 2053,2309 2097,2309 2142,2309 2187,2312 2232,2309 2277,2309 2321,2309 2366,2309 2411,2309 2456,2309 2500,2309 2545,2312 2590,2312 2635,2309 2679,2309 2724,2309 2769,2309 2814,2306"/>
                <TextEquiv>
                    <Unicode>Leo geberdete, aber ich will Ihnen</Unicode>
                </TextEquiv>
            </TextLine>
        </TextRegion>
        <TextRegion id="tr_2" custom="readingOrder {index:1;}">
            <Coords points="1169,2388 3032,2388 3032,3701 1169,3701"/>
            <TextLine id="tr_2_tl_1" custom="readingOrder {index:0;}">
                <Coords points="1180,2476 2790,2478 2885,2460 2885,2351 1180,2385"/>
                <Baseline points="1193,2459 1235,2456 1280,2453 1325,2453 1369,2453 1414,2450 1459,2447 1504,2450 1548,2450 1593,2450 1638,2450 1683,2450 1727,2450 1772,2450 1817,2453 1862,2453 1906,2453 1951,2453 1996,2450 2041,2453 2086,2453 2130,2450 2175,2450 2220,2450 2265,2450 2309,2450 2354,2447 2399,2447 2444,2447 2488,2447 2533,2447 2578,2447 2623,2447 2667,2447 2712,2447 2757,2447 2802,2444 2847,2441 2891,2438"/>
                <TextEquiv>
                    <Unicode>nicht verhehlen, dass ich einem Sol-</Unicode>
                </TextEquiv>
            </TextLine>
            <TextLine id="tr_2_tl_2" custom="readingOrder {index:1;}">
                <Coords points="1192,2633 2966,2612 3029,2598 3029,2506 2892,2462 1969,2527 1823,2471 1192,2547"/>
                <Baseline points="1205,2596 1241,2596 1286,2593 1331,2593 1375,2596 1420,2593 1465,2593 1510,2593 1554,2590 1599,2590 1644,2590 1689,2590 1733,2587 1778,2587 1823,2587 1868,2587 1912,2587 1957,2587 2002,2587 2047,2584 2092,2587 2136,2587 2181,2587 2226,2587 2271,2587 2315,2587 2360,2587 2405,2584 2450,2587 2494,2590 2539,2590 2584,2590 2629,2590 2673,2590 2718,2590 2763,2590 2808,2590 2852,2587 2897,2587 2942,2587 2987,2587 3032,2587"/>
                <TextEquiv>
                    <Unicode>chen Opfert où mit Bewunderung aber ohne</Unicode>
                </TextEquiv>
            </TextLine>
            <TextLine id="tr_2_tl_3" custom="readingOrder {index:2;}">
                <Coords points="1192,2793 1337,2742 2409,2783 2848,2746 2848,2635 2587,2589 1629,2661 1192,2633"/>
                <Baseline points="1205,2721 1250,2724 1295,2724 1339,2727 1384,2727 1429,2730 1474,2727 1519,2730 1563,2727 1608,2730 1653,2730 1698,2730 1742,2730 1787,2730 1832,2730 1877,2730 1921,2730 1966,2727 2011,2727 2056,2727 2100,2730 2145,2730 2190,2727 2235,2727 2280,2727 2324,2730 2369,2733 2414,2730 2459,2730 2503,2733 2548,2736 2593,2733 2638,2730 2682,2733 2727,2733 2772,2730 2817,2727 2855,2730"/>
                <TextEquiv>
                    <Unicode>Sympahie gegenüberstünde.. Und dass</Unicode>
                </TextEquiv>
            </TextLine>
            <TextLine id="tr_2_tl_4" custom="readingOrder {index:3;}">
                <Coords points="1194,2897 2869,2918 2929,2897 2927,2770 1192,2793"/>
                <Baseline points="1205,2870 1250,2873 1295,2873 1339,2876 1384,2873 1429,2873 1474,2873 1519,2873 1563,2873 1608,2873 1653,2873 1698,2873 1742,2873 1787,2873 1832,2873 1877,2873 1921,2873 1966,2873 2011,2876 2056,2876 2100,2873 2145,2873 2190,2873 2235,2873 2280,2876 2324,2873 2369,2876 2414,2879 2459,2882 2503,2882 2548,2879 2593,2882 2638,2882 2682,2885 2727,2885 2772,2882 2817,2879 2861,2879 2906,2879 2936,2879"/>
                <TextEquiv>
                    <Unicode>es auch heute noch Menschen gibt, die</Unicode>
                </TextEquiv>
            </TextLine>
            <TextLine id="tr_2_tl_5" custom="readingOrder {index:4;}">
                <Coords points="1180,3050 2888,3050 2885,2920 2795,2904 2006,2950 1890,2895 1485,2952 1180,2918"/>
                <Baseline points="1193,3020 1238,3020 1283,3020 1328,3017 1372,3017 1417,3020 1462,3020 1507,3023 1551,3023 1596,3020 1641,3020 1686,3020 1730,3020 1775,3017 1820,3020 1865,3023 1909,3023 1954,3026 1999,3026 2044,3026 2089,3023 2133,3023 2178,3020 2223,3023 2268,3020 2312,3023 2357,3023 2402,3023 2447,3023 2491,3026 2536,3026 2581,3026 2626,3026 2670,3029 2715,3029 2760,3026 2805,3029 2850,3029 2891,3032"/>
                <TextEquiv>
                    <Unicode>sich für ihre religiöde Ueberzeugung</Unicode>
                </TextEquiv>
            </TextLine>
            <TextLine id="tr_2_tl_6" custom="readingOrder {index:5;}">
                <Coords points="1180,3172 2818,3218 2837,3050 2304,3031 2159,3087 1786,3031 1178,3098"/>
                <Baseline points="1193,3163 1238,3163 1283,3163 1328,3160 1372,3163 1417,3163 1462,3160 1507,3160 1551,3160 1596,3160 1641,3160 1686,3163 1730,3163 1775,3163 1820,3166 1865,3166 1909,3166 1954,3166 1999,3166 2044,3166 2089,3166 2133,3169 2178,3169 2223,3169 2268,3169 2312,3169 2357,3172 2402,3172 2447,3172 2491,3172 2536,3175 2581,3175 2626,3175 2670,3172 2715,3172 2760,3172 2805,3172 2844,3172"/>
                <TextEquiv>
                    <Unicode>das heisst für den Glauben, an eine</Unicode>
                </TextEquiv>
            </TextLine>
            <TextLine id="tr_2_tl_7" custom="readingOrder {index:6;}">
                <Coords points="1178,3316 2714,3353 2844,3341 2844,3205 2080,3242 1826,3177 1738,3230 1178,3253"/>
                <Baseline points="1190,3300 1235,3303 1280,3300 1325,3303 1369,3303 1414,3303 1459,3303 1504,3303 1548,3303 1593,3303 1638,3303 1683,3303 1727,3303 1772,3306 1817,3306 1862,3306 1906,3306 1951,3306 1996,3306 2041,3306 2086,3306 2130,3306 2175,3306 2220,3306 2265,3309 2309,3309 2354,3306 2399,3309 2444,3309 2488,3309 2533,3309 2578,3312 2623,3312 2667,3312 2712,3312 2757,3312 2802,3309 2847,3309 2850,3309"/>
                <TextEquiv>
                    <Unicode>schöne Legende, würden abschlachten</Unicode>
                </TextEquiv>
            </TextLine>
            <TextLine id="tr_2_tl_8" custom="readingOrder {index:7;}">
                <Coords points="1178,3487 2790,3496 2915,3478 2915,3332 1927,3378 1809,3336 1506,3397 1178,3353"/>
                <Baseline points="1190,3434 1235,3437 1280,3440 1325,3440 1369,3440 1414,3440 1459,3440 1504,3440 1548,3440 1593,3443 1638,3440 1683,3437 1727,3437 1772,3440 1817,3440 1862,3437 1906,3440 1951,3440 1996,3437 2041,3440 2086,3437 2130,3440 2175,3440 2220,3440 2265,3440 2309,3440 2354,3440 2399,3440 2444,3440 2488,3440 2533,3440 2578,3443 2623,3443 2667,3446 2712,3443 2757,3440 2802,3446 2847,3443 2891,3440 2921,3437"/>
                <TextEquiv>
                    <Unicode>lassen, das gilt mir wol als ein Be-</Unicode>
                </TextEquiv>
            </TextLine>
            <TextLine id="tr_2_tl_9" custom="readingOrder {index:8;}">
                <Coords points="1168,3596 2966,3607 2936,3478 1168,3478"/>
                <Baseline points="1181,3566 1226,3572 1271,3572 1316,3572 1360,3572 1405,3572 1450,3572 1495,3572 1539,3572 1584,3572 1629,3572 1674,3572 1718,3569 1763,3572 1808,3569 1853,3572 1898,3572 1942,3575 1987,3572 2032,3572 2077,3575 2121,3575 2166,3575 2211,3575 2256,3575 2300,3578 2345,3578 2390,3578 2435,3581 2479,3581 2524,3581 2569,3581 2614,3581 2659,3584 2703,3584 2748,3584 2793,3584 2838,3587 2882,3587 2927,3587 2972,3584"/>
                <TextEquiv>
                    <Unicode>weis für das Weiterbestehn des Herois-</Unicode>
                </TextEquiv>
            </TextLine>
            <TextLine id="tr_2_tl_10" custom="readingOrder {index:9;}">
                <Coords points="1157,3681 1610,3683 1719,3741 1925,3681 2217,3762 2503,3721 2654,3795 3003,3711 3006,3619 1155,3607"/>
                <Baseline points="1169,3649 1214,3655 1259,3658 1304,3661 1348,3664 1393,3661 1438,3661 1483,3661 1527,3664 1572,3664 1617,3664 1662,3667 1707,3670 1751,3670 1796,3670 1841,3670 1886,3670 1930,3673 1975,3673 2020,3676 2065,3676 2109,3679 2154,3679 2199,3682 2244,3679 2288,3682 2333,3682 2378,3685 2423,3685 2468,3685 2512,3685 2557,3685 2602,3685 2647,3685 2691,3688 2736,3688 2781,3691 2826,3691 2870,3691 2915,3691 2960,3691 3005,3688 3011,3688"/>
                <TextEquiv>
                    <Unicode>mus der mir als Tugend an sich vollkom-</Unicode>
                </TextEquiv>
            </TextLine>
        </TextRegion>
    </Page>
</PcGts>
