3368 4136
1199 546 3006 835 sieren mich nicht. Ja das ist die Wahr-
1201 718 3045 1014 heit. Manchmal glaub ich natürlich auch
1220 864 3174 1131 das ich mich für die Menschheit interessie.
1228 1007 3001 1276 re, spüre so irgendetwas von dem unge-
1230 1148 3011 1417 heuern Mitleid, von der Menschenliebe
1240 1303 3093 1565 aber darin blieb ich ja doch ein jämmer¬
1252 1453 2953 1703 licher Dilletant. Wenn man nicht die
383 1538 995 1742 1/2 Rappt.
1264 1611 3101 1839 Gabe hat sich zu opfern, soll man nicht
1274 1788 3130 2023 erst damit anfangen die Menschen zu lie-
1320 1924 3030 2164 ben. Es ist ein überflüssiger Aufwad
1298 2028 3040 2295 von Lebensenrgie. Höre ich einmal auf
1310 2176 3074 2431 ein Egoist zu sein, sogebe ich selbst
1300 2300 3186 2560 das beste auf, was ich habe, ohne andern
1308 2477 3052 2710 zu nützen. Meinen Egoismus weiter aus
1356 2647 3060 2853 bilden, das ists was ich zutun habe,
1332 2754 3093 3035 geradeso wie Sie., wie jeder Kunstler.
1376 2955 3120 3159 Aber Ihnen ist es von allem Anfang an
1349 3045 3178 3297 leichter geworden. Wahrscheinlich schon
1354 3193 3229 3453 durch Ihre Abstammung. Nun aj so ist es.
1376 3331 3198 3564 Nie haben Sie irgend einen Grund gehabt
1371 3445 3195 3673 sich mit irgend jemandem zusammengehöri.
