<?xml version="1.0" encoding="UTF-8" standalone="yes"?>
<PcGts xmlns="http://schema.primaresearch.org/PAGE/gts/pagecontent/2013-07-15" xmlns:xsi="http://www.w3.org/2001/XMLSchema-instance" xsi:schemaLocation="http://schema.primaresearch.org/PAGE/gts/pagecontent/2013-07-15 http://schema.primaresearch.org/PAGE/gts/pagecontent/2013-07-15/pagecontent.xsd">
    <Metadata>
        <Creator>prov=READ-COOP:name=TrHtr:version=2.1.0:model_id=51170:date=30_07_2023_11:51</Creator>
        <Created>2023-05-10T13:59:55.789+02:00</Created>
        <LastChange>2023-07-30T11:51:41.251+02:00</LastChange>
        <TranskribusMetadata docId="1428601" pageId="55415913" pageNr="61" tsid="131502485" status="IN_PROGRESS" userId="64420" imgUrl="https://files.transkribus.eu/Get?id=EZAISFMEJFGXJMQQMTQFOAUP&amp;fileType=view" xmlUrl="https://files.transkribus.eu/Get?id=PIFMPGUPDYHFBMVRPQFONLUK" imageId="44690020"/>
    </Metadata>
    <Page imageFilename="1428601_0061.jpg" imageWidth="3496" imageHeight="4168">
        <ReadingOrder>
            <OrderedGroup id="ro_1711789327153" caption="Regions reading order">
                <RegionRefIndexed index="0" regionRef="tr_1"/>
            </OrderedGroup>
        </ReadingOrder>
        <TextRegion id="tr_1" custom="readingOrder {index:0;}">
            <Coords points="1194,436 3054,436 3054,1995 1194,1995"/>
            <TextLine id="tr_1_tl_1" custom="readingOrder {index:0;}">
                <Coords points="1179,703 2218,659 2424,570 2932,533 3010,508 3019,421 1190,597"/>
                <Baseline points="1194,686 1227,674 1271,671 1316,665 1361,662 1406,656 1451,650 1495,647 1540,641 1585,635 1630,635 1674,629 1719,626 1764,624 1809,618 1854,615 1898,609 1943,603 1988,600 2033,594 2078,588 2122,582 2167,579 2212,573 2257,567 2301,564 2346,558 2391,555 2436,549 2481,543 2525,540 2570,537 2615,531 2660,528 2705,522 2749,516 2794,513 2839,507 2884,501 2928,495 2973,492 3018,486"/>
                <TextEquiv>
                    <Unicode>und übersehen töricht rweise heute wol</Unicode>
                </TextEquiv>
            </TextLine>
            <TextLine id="tr_1_tl_2" custom="readingOrder {index:1;}">
                <Coords points="1204,833 2133,810 2282,719 2776,687 2849,602 1955,650 1739,726 1220,689"/>
                <Baseline points="1218,830 1239,824 1283,821 1328,818 1373,809 1418,806 1462,803 1507,797 1552,791 1597,788 1642,782 1686,782 1731,779 1776,767 1821,761 1866,758 1910,755 1955,749 2000,746 2045,743 2089,737 2134,731 2179,725 2224,722 2269,719 2313,716 2358,710 2403,701 2448,698 2493,692 2537,686 2582,683 2627,677 2672,671 2716,665 2761,662 2806,656 2851,656"/>
                <TextEquiv>
                    <Unicode>nicht mehr so sehr, als in der soge</Unicode>
                </TextEquiv>
            </TextLine>
            <TextLine id="tr_1_tl_3" custom="readingOrder {index:2;}">
                <Coords points="1211,982 1822,986 2785,822 3042,861 3055,726 2577,705 2284,815 1224,851"/>
                <Baseline points="1224,973 1262,970 1307,964 1352,961 1397,955 1442,949 1486,943 1531,940 1576,937 1621,931 1666,928 1710,922 1755,919 1800,913 1845,907 1889,904 1934,901 1979,895 2024,889 2069,883 2113,880 2158,880 2203,874 2248,868 2292,865 2337,859 2382,853 2427,844 2472,838 2516,835 2561,830 2606,827 2651,821 2696,818 2740,815 2785,806 2830,800 2875,797 2919,791 2964,788 3009,785 3054,791"/>
                <TextEquiv>
                    <Unicode>nannten liberalen Aera, dass die braven</Unicode>
                </TextEquiv>
            </TextLine>
            <TextLine id="tr_1_tl_4" custom="readingOrder {index:3;}">
                <Coords points="1222,1131 1861,1119 2101,1023 2717,1002 2833,982 2845,867 2520,856 2266,964 1231,1023"/>
                <Baseline points="1236,1110 1274,1104 1319,1101 1364,1095 1409,1092 1454,1089 1498,1080 1543,1077 1588,1071 1633,1068 1677,1062 1722,1059 1767,1056 1812,1050 1857,1047 1901,1042 1946,1039 1991,1036 2036,1030 2081,1027 2125,1021 2170,1012 2215,1012 2260,1006 2304,1003 2349,997 2394,991 2439,985 2484,982 2528,976 2573,973 2618,970 2663,964 2708,958 2752,952 2797,949 2842,943"/>
                <TextEquiv>
                    <Unicode>Eingeborenen unter den zu leben wird</Unicode>
                </TextEquiv>
            </TextLine>
            <TextLine id="tr_1_tl_5" custom="readingOrder {index:4;}">
                <Coords points="1250,1261 1600,1289 1858,1195 2952,1128 2964,1014 2774,966 2344,1007 2071,1115 1549,1121 1364,1179 1261,1142"/>
                <Baseline points="1262,1250 1304,1248 1349,1245 1394,1245 1439,1242 1483,1230 1528,1227 1573,1221 1618,1218 1663,1212 1707,1209 1752,1203 1797,1200 1842,1197 1886,1191 1931,1191 1976,1185 2021,1182 2066,1182 2110,1173 2155,1167 2200,1161 2245,1155 2290,1152 2334,1146 2379,1143 2424,1140 2469,1134 2513,1125 2558,1125 2603,1116 2648,1113 2693,1107 2737,1104 2782,1101 2827,1095 2872,1089 2917,1083 2961,1080"/>
                <TextEquiv>
                    <Unicode>das Glück haben, gerade so unaussteh-</Unicode>
                </TextEquiv>
            </TextLine>
            <TextLine id="tr_1_tl_6" custom="readingOrder {index:5;}">
                <Coords points="1263,1403 1932,1426 2053,1343 2650,1263 2989,1321 3003,1181 2172,1211 1549,1309 1275,1284"/>
                <Baseline points="1277,1397 1301,1394 1346,1394 1391,1388 1436,1385 1480,1382 1525,1376 1570,1370 1615,1367 1660,1361 1704,1358 1749,1355 1794,1346 1839,1340 1883,1337 1928,1334 1973,1328 2018,1322 2063,1319 2107,1316 2152,1310 2197,1304 2242,1304 2287,1295 2331,1289 2376,1286 2421,1280 2466,1277 2510,1274 2555,1268 2600,1262 2645,1256 2690,1253 2734,1250 2779,1245 2824,1239 2869,1233 2914,1227 2958,1221 3003,1221"/>
                <TextEquiv>
                    <Unicode>liche und widerwärtige Eigenheiten ha-</Unicode>
                </TextEquiv>
            </TextLine>
            <TextLine id="tr_1_tl_7" custom="readingOrder {index:6;}">
                <Coords points="1309,1595 1568,1591 1678,1515 2058,1467 2824,1419 2918,1392 2930,1279 2048,1343 1929,1426 1330,1408"/>
                <Baseline points="1328,1537 1358,1534 1403,1531 1448,1525 1492,1525 1537,1522 1582,1513 1627,1510 1671,1504 1716,1501 1761,1495 1806,1489 1851,1486 1895,1483 1940,1477 1985,1471 2030,1465 2075,1465 2119,1459 2164,1457 2209,1454 2254,1451 2298,1442 2343,1436 2388,1430 2433,1427 2478,1421 2522,1415 2567,1409 2612,1403 2657,1400 2702,1394 2746,1391 2791,1388 2836,1382 2881,1376 2925,1373"/>
                <TextEquiv>
                    <Unicode>ben, als die Juden, obwol sie viel</Unicode>
                </TextEquiv>
            </TextLine>
            <TextLine id="tr_1_tl_8" custom="readingOrder {index:7;}">
                <Coords points="1279,1751 1572,1739 1955,1625 2934,1572 3007,1552 3014,1474 2145,1488 1810,1600 1295,1616"/>
                <Baseline points="1301,1686 1313,1686 1358,1683 1403,1680 1448,1677 1492,1677 1537,1668 1582,1666 1627,1660 1671,1654 1716,1651 1761,1645 1806,1642 1851,1636 1895,1633 1940,1627 1985,1621 2030,1615 2075,1612 2119,1609 2164,1603 2209,1597 2254,1591 2298,1588 2343,1582 2388,1576 2433,1570 2478,1567 2522,1564 2567,1558 2612,1555 2657,1549 2702,1546 2746,1543 2791,1537 2836,1534 2881,1528 2925,1522 2970,1519 3015,1519"/>
                <TextEquiv>
                    <Unicode>länger Zeit gehabt haben sie sich ab-</Unicode>
                </TextEquiv>
            </TextLine>
            <TextLine id="tr_1_tl_9" custom="readingOrder {index:8;}">
                <Coords points="1346,1916 1577,1891 1767,1794 1891,1829 2241,1746 2884,1758 2900,1623 2502,1584 2264,1675 2179,1627 2003,1721 1364,1753"/>
                <Baseline points="1367,1839 1376,1839 1421,1830 1465,1830 1510,1824 1555,1815 1600,1812 1645,1806 1689,1800 1734,1797 1779,1791 1824,1785 1869,1782 1913,1776 1958,1770 2003,1764 2048,1761 2092,1758 2137,1752 2182,1749 2227,1746 2272,1743 2316,1740 2361,1731 2406,1722 2451,1719 2496,1716 2540,1710 2585,1704 2630,1701 2675,1698 2719,1692 2764,1692 2809,1686 2854,1680 2899,1683"/>
                <TextEquiv>
                    <Unicode>zugewöhenen und weniger Grund sie</Unicode>
                </TextEquiv>
            </TextLine>
            <TextLine id="tr_1_tl_10" custom="readingOrder {index:9;}">
                <Coords points="1309,2067 1350,2090 1501,2044 1671,2064 1788,2032 1852,2062 2096,2053 2126,1776 1918,1815 1801,1881 1561,1916 1524,1888 1446,1925 1327,1897"/>
                <Baseline points="1331,1985 1358,1982 1403,1979 1448,1979 1492,1973 1537,1967 1582,1961 1627,1955 1671,1949 1716,1943 1761,1943 1806,1937 1851,1931 1895,1925 1940,1919 1985,1913 2030,1910 2075,1904 2119,1907"/>
                <TextEquiv>
                    <Unicode>sich anzugetühnen.</Unicode>
                </TextEquiv>
            </TextLine>
        </TextRegion>
    </Page>
</PcGts>
