3400 4120
2508 376 2686 518 455
1832 403 1950 565 F.S.
1316 590 2873 762 dem Kopf fortreisst und die Decke
1320 730 2867 919 von den Füssen, oder um den fiir
1310 875 2999 1035 uns richtigeren Vergleich zu wählen:
1316 1026 2974 1219 die man an den Zehen kitzelt und an
1356 1173 2936 1356 den Nasenspitzen zupft. Wir haben
1326 1293 2955 1570 unsere Heimat, (daran fehlt s nicht;
1341 1475 2961 1738 zur Mitbürger haben wir nicht,
1312 1624 2936 1870 darum - was mir übrigens sehr egel
1320 1769 2968 2027 ist - kein Vaterland. (Und so lass
745 1893 1102 2143 Amede
1320 1967 2961 2153 ich den Zionismus als allerlei gel-
1329 2105 2856 2296 ten: als einen sehönen Nähr boden
1370 2275 2989 2458 für Wehltätigkeitsbestrebungen, ja
1370 2424 2957 2605 selbst als ein vorläfig politisch
1335 2575 2945 2745 gerechtfertigtes Prinzip zur Beru-
1322 2714 2856 2911 higung der Unglücklichsten; aber
1333 2852 2970 3054 meine Meinung ist, dass gerade Men¬
1356 3039 2867 3194 schen wie Sie, Lee, gegen dieses
1347 3175 3020 3368 Prinzip auftreten müssten,) denn Sie
1358 3312 2947 3499 misverstehen sich ja selbst, wenn
1356 3478 3010 3652 Sie Ihr Mitleid mit jenen weinenden
2682 3559 3123 3696 dieser Alles
1362 3599 3039 3822 Männern und Ihr Verständnis für einen
1377 3755 3020 3969 Uebereinstimmung mit jenen Ansichte.
