3608 4248
3040 387 3229 556 ath.
974 550 3223 812 gegebenen Zusammengehörigkeitsgefühl oder besser
969 777 3156 963 mit dem Zusammengehörigheitszwang, der wohl il -
986 896 3232 1102 ber jeder Gemeinschaft, oder Menschengruppe las-
980 1056 3191 1265 ten müss, deren einzelnen Mitgliedern doch immer
986 1184 3235 1434 wieder zumute ist, als wären sie im Feindesland.
1001 1379 3246 1553 "Feindesland", wiederholte Georg - "Also wenn ich
986 1536 3301 1725 Sie von Grössenwahn freispreche, an Anfällen von
998 1684 2920 1885 Verfolgungswahn leiden Sie entschieden. "
983 1827 3293 2013 Heinrich blieb ernst. "Man sagt es oft scherzwei
1009 1995 3348 2199 se, dass jeder Christ ein Antisemit ist und es ist
1012 2150 3203 2376 doch vielleicht der einztge Satz auf Erden, der
1015 2286 3211 2481 vollkommen ohne Ausnahme gilt. Oder glauben Sie
1009 2478 3240 2679 Georg, dass es einen Christen auf der Welt gibt,
654 2374 759 2632 2.
1009 2586 3258 2795 der nicht in irgend einem Augenblick des Grolls,
1018 2769 3267 2967 wenn auch nur innerlich, auch gegen seinen besten
1012 2877 3223 3118 Freund, gegen s eine Geliebte, jegen seine Frau
1021 3045 3203 3264 wenn sie jüdischer Abkunft war, deren Judentum
1021 3220 3197 3435 ausgespielt hätte. Und wenn er im Augenblick da
1024 3351 3240 3560 rauf zur Bestnung kommt, es ist geschehen. Und
1021 3540 3267 3691 wenn es sich vielleicht sogar herausstellt, dass
