3432 4104
2659 327 2870 474 b44.
1171 607 2995 757 rich zornig, dass das Programm des Zio-
1178 741 2797 934 nismus überhaupt durchfuhrbar ist?
1180 904 2799 1079 Leo setzte sich auf und erwiderte:
1198 1040 2955 1191 Wenn die Juden die denken wie ich, ge-
416 1072 1166 1362 Gebilderunter
1205 1171 3015 1343 genüber denen die so denken wie Sie in
1254 1302 3052 1481 der Mehrzal sein werden, dann wird das
1214 1470 2864 1617 programm des Zionismus durchführbar
1217 1598 3018 1771 sein. Im Uebrigen gehört es mit zu den
1221 1720 3059 1865 Bestrebungen desfaionismus, dass er die
1224 1833 2930 2008 Juden Ihrer Art belehren will, worin
1226 1978 2877 2134 er allerdings durch den Verlauf der
1221 2095 3008 2236 Weltereignisse von Jahr zu Jahr erheb-
1230 2256 2797 2394 licher unterstützt werden dürfte.
1481 2376 1900 2484 ogle Houveil.
1279 2378 3077 2569 Gut, noch eine möge: Glaube Sie, dass
1240 2516 3050 2689 der wattismus, wenn er tatsächlich ein-
1270 2661 2939 2880 mal sein letztes Ziel, die Gründung
1237 2792 2997 2965 des Judenstaates erreicht haben würde
1237 2946 2951 3162 die Lösung der Frage für alle Zeiten
1235 3144 1734 3314 bedeutete?
1230 3208 2955 3464 Für alle Zeiten, Ober Heinrich, Poli-
658 3277 982 3576 Tinu
1235 3455 3080 3604 tische Bewegungen können doch nicht mit
1444 3521 2873 3735 Polilik tot nicht weil et un
1884 3685 2362 3818 I reibre
