<?xml version="1.0" encoding="UTF-8" standalone="yes"?>
<PcGts xmlns="http://schema.primaresearch.org/PAGE/gts/pagecontent/2013-07-15" xmlns:xsi="http://www.w3.org/2001/XMLSchema-instance" xsi:schemaLocation="http://schema.primaresearch.org/PAGE/gts/pagecontent/2013-07-15 http://schema.primaresearch.org/PAGE/gts/pagecontent/2013-07-15/pagecontent.xsd">
    <Metadata>
        <Creator>prov=READ-COOP:name=TrHtr:version=2.1.0:model_id=51170:date=30_07_2023_11:52</Creator>
        <Created>2023-05-10T14:00:07.835+02:00</Created>
        <LastChange>2023-07-30T11:52:05.727+02:00</LastChange>
        <TranskribusMetadata docId="1428601" pageId="55416355" pageNr="137" tsid="131502576" status="IN_PROGRESS" userId="64420" imgUrl="https://files.transkribus.eu/Get?id=CZSUHYVQJNQJSMAPJFDHRSIA&amp;fileType=view" xmlUrl="https://files.transkribus.eu/Get?id=EMUFFSGQKUVSOPXDSALFLICR" imageId="44690460"/>
    </Metadata>
    <Page imageFilename="1428601_0137.jpg" imageWidth="3384" imageHeight="4088">
        <ReadingOrder>
            <OrderedGroup id="ro_1711789399546" caption="Regions reading order">
                <RegionRefIndexed index="0" regionRef="tr_2"/>
                <RegionRefIndexed index="1" regionRef="tr_1"/>
            </OrderedGroup>
        </ReadingOrder>
        <TextRegion id="tr_2" custom="readingOrder {index:0;}">
            <Coords points="945,636 3216,636 3216,2000 945,2000"/>
            <TextLine id="tr_2_tl_1" custom="readingOrder {index:0;}">
                <Coords points="967,750 1417,710 1836,724 2116,829 2942,801 2936,580 2863,569 2040,509 1660,574 1383,495 965,577"/>
                <Baseline points="984,686 1026,695 1071,695 1115,698 1160,701 1205,704 1250,704 1295,704 1339,704 1384,707 1429,707 1474,710 1518,710 1563,713 1608,713 1653,716 1697,716 1742,716 1787,716 1832,716 1876,719 1921,719 1966,719 2011,722 2055,722 2100,722 2145,725 2190,722 2234,728 2279,731 2324,734 2369,734 2414,731 2458,734 2503,734 2548,737 2593,740 2637,745 2682,748 2727,748 2772,748 2816,745 2861,745 2906,745 2948,748"/>
                <TextEquiv>
                    <Unicode>hab, auch wenn mich der Hofrat Wilt für et</Unicode>
                </TextEquiv>
            </TextLine>
            <TextLine id="tr_2_tl_2" custom="readingOrder {index:1;}">
                <Coords points="962,900 1731,871 2192,897 2351,996 3007,967 2967,803 2099,834 1853,727 1612,772 1417,710 959,752"/>
                <Baseline points="978,856 1023,856 1068,856 1113,856 1157,859 1202,859 1247,859 1292,862 1336,862 1381,862 1426,862 1471,862 1515,865 1560,865 1605,865 1650,868 1694,871 1739,871 1784,871 1829,874 1873,874 1918,874 1963,877 2008,874 2052,874 2097,874 2142,874 2187,880 2231,880 2276,883 2321,883 2366,886 2411,889 2455,889 2500,892 2545,895 2590,895 2634,895 2679,895 2724,898 2769,898 2813,901 2858,904 2903,904 2948,904 2992,907 3013,904"/>
                <TextEquiv>
                    <Unicode>nen Dilettanten hält. Es ist mir nicht klar</Unicode>
                </TextEquiv>
            </TextLine>
            <TextLine id="tr_2_tl_3" custom="readingOrder {index:2;}">
                <Coords points="965,1041 3114,1134 3112,1018 2905,939 2625,1004 959,902"/>
                <Baseline points="978,1002 1023,1005 1068,1008 1113,1011 1157,1011 1202,1014 1247,1014 1292,1014 1336,1017 1381,1017 1426,1020 1471,1023 1515,1023 1560,1023 1605,1026 1650,1026 1694,1026 1739,1026 1784,1026 1829,1029 1873,1032 1918,1032 1963,1032 2008,1035 2052,1038 2097,1038 2142,1041 2187,1041 2231,1044 2276,1044 2321,1044 2366,1044 2411,1047 2455,1047 2500,1047 2545,1047 2590,1050 2634,1053 2679,1056 2724,1059 2769,1059 2813,1059 2858,1059 2903,1059 2948,1062 2992,1062 3037,1065 3082,1065 3115,1062"/>
                <TextEquiv>
                    <Unicode>ob mir Heinrich Hermann viel mehr zutraut. Was</Unicode>
                </TextEquiv>
            </TextLine>
            <TextLine id="tr_2_tl_4" custom="readingOrder {index:3;}">
                <Coords points="962,1219 1660,1177 2438,1307 3171,1287 3165,1134 3049,1123 956,1078"/>
                <Baseline points="975,1160 1020,1160 1065,1160 1110,1163 1154,1166 1199,1166 1244,1166 1289,1166 1333,1169 1378,1172 1423,1172 1468,1169 1512,1172 1557,1172 1602,1175 1647,1175 1691,1178 1736,1181 1781,1184 1826,1184 1870,1187 1915,1184 1960,1187 2005,1187 2049,1190 2094,1190 2139,1193 2184,1196 2229,1196 2273,1196 2318,1199 2363,1202 2408,1205 2452,1205 2497,1205 2542,1208 2587,1208 2631,1208 2676,1211 2721,1211 2766,1211 2810,1211 2855,1214 2900,1214 2945,1217 2989,1217 3034,1217 3079,1220 3124,1220 3168,1220 3174,1220"/>
                <TextEquiv>
                    <Unicode>er mir auf der Tour gesagt hat, das hat mich an</Unicode>
                </TextEquiv>
            </TextLine>
            <TextLine id="tr_2_tl_5" custom="readingOrder {index:4;}">
                <Coords points="953,1341 3021,1423 3018,1304 2150,1281 1898,1182 950,1216"/>
                <Baseline points="969,1315 1014,1318 1059,1315 1104,1315 1148,1321 1193,1321 1238,1318 1283,1321 1327,1324 1372,1327 1417,1327 1462,1327 1506,1327 1551,1330 1596,1330 1641,1333 1685,1333 1730,1336 1775,1336 1820,1336 1864,1336 1909,1336 1954,1330 1999,1333 2044,1336 2088,1339 2133,1339 2178,1339 2223,1342 2267,1345 2312,1345 2357,1345 2402,1348 2446,1348 2491,1351 2536,1354 2581,1354 2625,1354 2670,1354 2715,1354 2760,1357 2804,1357 2849,1357 2894,1360 2939,1360 2983,1360 3025,1354"/>
                <TextEquiv>
                    <Unicode>fangs eher geärgert. "Sie haben ein anderes</Unicode>
                </TextEquiv>
            </TextLine>
            <TextLine id="tr_2_tl_6" custom="readingOrder {index:5;}">
                <Coords points="956,1511 2003,1496 2170,1601 3081,1544 3078,1448 2823,1400 2255,1465 1878,1448 1652,1335 953,1338"/>
                <Baseline points="972,1459 1017,1459 1062,1462 1107,1465 1151,1468 1196,1471 1241,1474 1286,1474 1330,1471 1375,1477 1420,1477 1465,1477 1509,1477 1554,1477 1599,1480 1644,1483 1688,1483 1733,1483 1778,1486 1823,1486 1867,1486 1912,1488 1957,1488 2002,1491 2046,1494 2091,1497 2136,1497 2181,1500 2226,1497 2270,1497 2315,1500 2360,1503 2405,1500 2449,1500 2494,1506 2539,1506 2584,1509 2628,1512 2673,1512 2718,1512 2763,1512 2807,1512 2852,1515 2897,1515 2942,1515 2986,1515 3031,1512 3076,1512 3088,1512"/>
                <TextEquiv>
                    <Unicode>Verhältnis zu ihrer Kunst, als ich. Wenn ich</Unicode>
                </TextEquiv>
            </TextLine>
            <TextLine id="tr_2_tl_7" custom="readingOrder {index:6;}">
                <Coords points="939,1677 1474,1632 2119,1751 3208,1737 3205,1610 2905,1564 2099,1601 1737,1496 936,1511"/>
                <Baseline points="954,1617 999,1617 1044,1617 1089,1617 1133,1620 1178,1623 1223,1623 1268,1626 1312,1626 1357,1626 1402,1626 1447,1629 1491,1632 1536,1632 1581,1635 1626,1635 1671,1635 1715,1638 1760,1638 1805,1638 1850,1641 1894,1641 1939,1641 1984,1644 2029,1647 2073,1650 2118,1650 2163,1650 2208,1653 2252,1656 2297,1656 2342,1656 2387,1659 2431,1659 2476,1659 2521,1662 2566,1665 2610,1665 2655,1668 2700,1668 2745,1668 2789,1671 2834,1671 2879,1673 2924,1673 2969,1673 3013,1676 3058,1676 3103,1676 3148,1673 3192,1673 3216,1673"/>
                <TextEquiv>
                    <Unicode>nicht arbeite, stehe ich gewissermassen mit einem</Unicode>
                </TextEquiv>
            </TextLine>
            <TextLine id="tr_2_tl_8" custom="readingOrder {index:7;}">
                <Coords points="933,1836 2257,1810 2871,1921 3078,1861 3072,1731 3004,1720 1986,1757 1474,1632 931,1686"/>
                <Baseline points="945,1769 990,1769 1035,1769 1080,1772 1124,1778 1169,1778 1214,1781 1259,1781 1303,1781 1348,1781 1393,1784 1438,1784 1483,1787 1527,1787 1572,1787 1617,1790 1662,1793 1706,1793 1751,1796 1796,1796 1841,1799 1885,1799 1930,1799 1975,1802 2020,1802 2064,1805 2109,1805 2154,1805 2199,1808 2243,1808 2288,1811 2333,1811 2378,1811 2422,1814 2467,1814 2512,1817 2557,1817 2601,1820 2646,1823 2691,1823 2736,1823 2781,1826 2825,1826 2870,1829 2915,1829 2960,1829 3004,1829 3049,1826 3082,1823"/>
                <TextEquiv>
                    <Unicode>Fuss im Grabe. Wenn ich mit irgendwas beschäf</Unicode>
                </TextEquiv>
            </TextLine>
            <TextLine id="tr_2_tl_9" custom="readingOrder {index:8;}">
                <Coords points="936,1972 2093,1957 2356,2073 3086,2054 3083,1921 2953,1892 2161,1912 1994,1813 1697,1796 931,1833"/>
                <Baseline points="948,1924 993,1927 1038,1930 1083,1933 1127,1936 1172,1939 1217,1939 1262,1939 1306,1936 1351,1936 1396,1939 1441,1942 1486,1942 1530,1945 1575,1948 1620,1948 1665,1951 1709,1951 1754,1951 1799,1951 1844,1954 1888,1954 1933,1957 1978,1957 2023,1960 2067,1960 2112,1963 2157,1963 2202,1963 2246,1966 2291,1969 2336,1969 2381,1972 2425,1975 2470,1975 2515,1975 2560,1975 2604,1978 2649,1978 2694,1984 2739,1984 2784,1984 2828,1984 2873,1984 2918,1984 2963,1987 3007,1987 3052,1987 3091,1990"/>
                <TextEquiv>
                    <Unicode>tigt bin und es geht mir nicht recht zusammen.</Unicode>
                </TextEquiv>
            </TextLine>
        </TextRegion>
        <TextRegion id="tr_1" custom="readingOrder {index:1;}">
            <Coords points="892,2026 3139,2026 3139,3554 892,3554"/>
            <TextLine id="tr_1_tl_1" custom="readingOrder {index:0;}">
                <Coords points="933,2110 1808,2105 2178,2212 3089,2167 3086,2054 931,1977"/>
                <Baseline points="948,2079 993,2076 1038,2082 1083,2082 1127,2085 1172,2088 1217,2088 1262,2091 1306,2094 1351,2094 1396,2094 1441,2094 1486,2094 1530,2097 1575,2097 1620,2097 1665,2100 1709,2103 1754,2103 1799,2106 1844,2106 1888,2106 1933,2109 1978,2109 2023,2112 2067,2112 2112,2112 2157,2115 2202,2118 2246,2118 2291,2121 2336,2121 2381,2121 2425,2121 2470,2124 2515,2127 2560,2127 2604,2127 2649,2130 2694,2130 2739,2133 2784,2139 2828,2139 2873,2139 2918,2139 2963,2139 3007,2139 3052,2139 3097,2133 3100,2130"/>
                <TextEquiv>
                    <Unicode>so verfolgt mich in meine Wäume das Gefühl et</Unicode>
                </TextEquiv>
            </TextLine>
            <TextLine id="tr_1_tl_2" custom="readingOrder {index:1;}">
                <Coords points="917,2266 2436,2269 2639,2382 3103,2331 3100,2232 2832,2178 2212,2218 1544,2102 914,2147"/>
                <Baseline points="928,2231 972,2231 1017,2234 1062,2234 1107,2237 1151,2240 1196,2240 1241,2240 1286,2243 1330,2243 1375,2243 1420,2246 1465,2246 1509,2246 1554,2243 1599,2246 1644,2246 1688,2246 1733,2246 1778,2246 1823,2249 1867,2246 1912,2252 1957,2252 2002,2252 2046,2255 2091,2258 2136,2258 2181,2258 2226,2261 2270,2261 2315,2264 2360,2264 2405,2267 2449,2267 2494,2270 2539,2273 2584,2276 2628,2279 2673,2276 2718,2279 2763,2282 2807,2282 2852,2285 2897,2285 2942,2285 2986,2282 3031,2282 3076,2282 3106,2282"/>
                <TextEquiv>
                    <Unicode>nes Unglücks (In mir lauert ein Dämon, will fas</Unicode>
                </TextEquiv>
            </TextLine>
            <TextLine id="tr_1_tl_3" custom="readingOrder {index:2;}">
                <Coords points="922,2421 2996,2501 2993,2376 2888,2351 1581,2379 1346,2274 919,2294"/>
                <Baseline points="936,2390 981,2390 1026,2393 1071,2396 1115,2396 1160,2402 1205,2402 1250,2402 1295,2402 1339,2402 1384,2405 1429,2408 1474,2408 1518,2408 1563,2408 1608,2408 1653,2411 1697,2411 1742,2414 1787,2414 1832,2416 1876,2416 1921,2419 1966,2419 2011,2422 2055,2422 2100,2422 2145,2425 2190,2428 2234,2428 2279,2431 2324,2431 2369,2431 2414,2434 2458,2434 2503,2434 2548,2434 2593,2437 2637,2440 2682,2443 2727,2446 2772,2443 2816,2443 2861,2446 2906,2446 2951,2446 2995,2443 3001,2443"/>
                <TextEquiv>
                    <Unicode>sen, formen,, bevähren. Wenn ich das nicht</Unicode>
                </TextEquiv>
            </TextLine>
            <TextLine id="tr_1_tl_4" custom="readingOrder {index:3;}">
                <Coords points="908,2552 1901,2571 2073,2673 3131,2648 3129,2537 2187,2498 2085,2421 905,2421"/>
                <Baseline points="925,2542 969,2542 1014,2545 1059,2548 1104,2551 1148,2551 1193,2554 1238,2554 1283,2557 1327,2557 1372,2557 1417,2560 1462,2560 1506,2563 1551,2560 1596,2563 1641,2566 1685,2563 1730,2566 1775,2566 1820,2569 1864,2569 1909,2572 1954,2575 1999,2578 2044,2581 2088,2578 2133,2578 2178,2581 2223,2578 2267,2581 2312,2581 2357,2581 2402,2584 2446,2590 2491,2590 2536,2590 2581,2590 2625,2593 2670,2593 2715,2596 2760,2596 2804,2599 2849,2599 2894,2601 2939,2601 2983,2601 3028,2601 3073,2601 3118,2601 3139,2593"/>
                <TextEquiv>
                    <Unicode>kann, so ist mir die Welt</Unicode>
                </TextEquiv>
            </TextLine>
            <TextLine id="tr_1_tl_5" custom="readingOrder {index:4;}">
                <Coords points="917,2696 1406,2786 1530,2721 2308,2744 2690,2846 3038,2798 3035,2718 2851,2656 911,2597"/>
                <Baseline points="928,2685 972,2688 1017,2691 1062,2691 1107,2697 1151,2697 1196,2700 1241,2700 1286,2703 1330,2703 1375,2706 1420,2706 1465,2706 1509,2709 1554,2712 1599,2712 1644,2715 1688,2715 1733,2718 1778,2718 1823,2718 1867,2721 1912,2724 1957,2724 2002,2727 2046,2730 2091,2730 2136,2733 2181,2736 2226,2733 2270,2736 2315,2733 2360,2736 2405,2739 2449,2742 2494,2742 2539,2742 2584,2745 2628,2745 2673,2745 2718,2748 2763,2748 2807,2748 2852,2751 2897,2754 2942,2754 2986,2751 3031,2751 3046,2748"/>
                <TextEquiv>
                    <Unicode>trotz aller Deutlichkeit ein unheimliches Ge¬</Unicode>
                </TextEquiv>
            </TextLine>
            <TextLine id="tr_1_tl_6" custom="readingOrder {index:5;}">
                <Coords points="900,2911 2105,2885 2266,2984 3030,2993 3024,2832 2908,2815 2396,2868 1861,2820 1765,2730 894,2755"/>
                <Baseline points="913,2849 954,2855 999,2858 1044,2855 1089,2858 1133,2858 1178,2861 1223,2861 1268,2864 1312,2867 1357,2867 1402,2870 1447,2870 1491,2870 1536,2870 1581,2873 1626,2876 1671,2879 1715,2882 1760,2882 1805,2882 1850,2888 1894,2885 1939,2885 1984,2885 2029,2885 2073,2885 2118,2888 2163,2891 2208,2894 2252,2897 2297,2903 2342,2903 2387,2903 2431,2903 2476,2903 2521,2903 2566,2906 2610,2903 2655,2909 2700,2909 2745,2909 2789,2912 2834,2915 2879,2915 2924,2915 2969,2915 3013,2918 3034,2915"/>
                <TextEquiv>
                    <Unicode>spensterbild.) Sie, lieber Georg, Sie brauchen</Unicode>
                </TextEquiv>
            </TextLine>
            <TextLine id="tr_1_tl_7" custom="readingOrder {index:6;}">
                <Coords points="891,3058 2062,3055 2192,3146 2546,3163 3114,3109 3112,3007 2795,2973 888,2916"/>
                <Baseline points="907,3007 951,3010 996,3013 1041,3013 1086,3016 1130,3019 1175,3022 1220,3022 1265,3025 1309,3025 1354,3028 1399,3028 1444,3031 1488,3031 1533,3031 1578,3031 1623,3031 1668,3034 1712,3034 1757,3037 1802,3037 1847,3040 1891,3040 1936,3043 1981,3046 2026,3049 2070,3049 2115,3052 2160,3052 2205,3052 2249,3052 2294,3055 2339,3055 2384,3055 2428,3058 2473,3061 2518,3061 2563,3064 2607,3064 2652,3064 2697,3067 2742,3070 2787,3073 2831,3079 2876,3079 2921,3079 2966,3079 3010,3079 3055,3079 3100,3079 3121,3082"/>
                <TextEquiv>
                    <Unicode>so zu sagen nur die Atmosphäre ihrer Kunst. Das</Unicode>
                </TextEquiv>
            </TextLine>
            <TextLine id="tr_1_tl_8" custom="readingOrder {index:7;}">
                <Coords points="888,3196 3047,3295 3004,3081 2843,3160 2325,3182 883,3052"/>
                <Baseline points="904,3162 948,3165 993,3168 1038,3168 1083,3171 1127,3171 1172,3174 1217,3177 1262,3180 1306,3183 1351,3183 1396,3183 1441,3183 1486,3183 1530,3186 1575,3189 1620,3189 1665,3192 1709,3195 1754,3192 1799,3195 1844,3195 1888,3198 1933,3201 1978,3201 2023,3204 2067,3204 2112,3207 2157,3207 2202,3210 2246,3210 2291,3213 2336,3213 2381,3216 2425,3219 2470,3216 2515,3219 2560,3222 2604,3225 2649,3225 2694,3225 2739,3228 2784,3231 2828,3231 2873,3231 2918,3231 2963,3234 3007,3231 3052,3234"/>
                <TextEquiv>
                    <Unicode>schliesst natürlich nicht aus, dass Sie einmal</Unicode>
                </TextEquiv>
            </TextLine>
            <TextLine id="tr_1_tl_9" custom="readingOrder {index:8;}">
                <Coords points="877,3358 2789,3434 2786,3324 2699,3298 2249,3321 1796,3202 871,3199"/>
                <Baseline points="892,3327 936,3327 981,3327 1026,3327 1071,3330 1115,3333 1160,3333 1205,3336 1250,3336 1295,3336 1339,3339 1384,3342 1429,3342 1474,3344 1518,3344 1563,3347 1608,3347 1653,3350 1697,3353 1742,3353 1787,3356 1832,3356 1876,3359 1921,3359 1966,3362 2011,3362 2055,3362 2100,3365 2145,3365 2190,3368 2234,3368 2279,3371 2324,3371 2369,3374 2414,3374 2458,3377 2503,3377 2548,3380 2593,3380 2634,3377 2655,3380 2700,3383 2745,3386 2789,3392 2795,3392"/>
                <TextEquiv>
                    <Unicode>was Wunderschönes komponteren werden. Es</Unicode>
                </TextEquiv>
            </TextLine>
            <TextLine id="tr_1_tl_10" custom="readingOrder {index:9;}">
                <Coords points="2798,3445 2815,3445 2834,3460 2857,3443 2888,3460 2905,3448 2931,3451 2959,3428 2973,3428 2987,3443 3007,3440 3010,3315 2993,3318 2973,3301 2911,3321 2897,3307 2851,3327 2840,3321 2800,3332"/>
                <Baseline points="2816,3392 2837,3389 2882,3389 2927,3389 2972,3386 3016,3386"/>
                <TextEquiv>
                    <Unicode>wird</Unicode>
                </TextEquiv>
            </TextLine>
            <TextLine id="tr_1_tl_11" custom="readingOrder {index:10;}">
                <Coords points="880,3502 1313,3539 1409,3618 2815,3618 2809,3471 2580,3428 1955,3460 1723,3349 877,3383"/>
                <Baseline points="895,3479 939,3482 984,3482 1029,3482 1074,3485 1118,3485 1163,3488 1208,3488 1253,3491 1298,3491 1342,3494 1387,3497 1432,3503 1477,3503 1521,3506 1566,3506 1611,3506 1656,3509 1700,3512 1745,3509 1790,3512 1835,3512 1879,3515 1924,3515 1969,3518 2014,3518 2058,3521 2103,3524 2148,3524 2193,3524 2237,3527 2282,3527 2327,3530 2372,3530 2416,3532 2461,3532 2506,3535 2551,3535 2596,3535 2640,3538 2685,3541 2730,3538 2775,3538 2819,3544 2822,3541"/>
                <TextEquiv>
                    <Unicode>aber nichts das geringste an Ihnen und Ihme</Unicode>
                </TextEquiv>
            </TextLine>
        </TextRegion>
    </Page>
</PcGts>
