3416 4184
2674 502 2884 638 456.
1135 578 2901 820 Und Sie missverstehn sich selbst, Leo
1142 811 3002 978 wenn Sie ihr Mitleid mit jenen weinenda
1142 922 2905 1121 Männern in Basel für Uebereinstimmung
1329 1077 1609 1163 deren
1144 1065 2965 1280 mit Ihren Ansichten halten. Sie (selbst)
1151 1239 2871 1431 können nicht daran glauben, dass das
1151 1334 2935 1553 Heil der Juden in dem Gefühl einer Zu-
1165 1500 2970 1706 sammengehörigkeit liegen sollte die in
1163 1683 2820 1851 Wirklichkeit längst nicht existirt.
1181 1787 3023 1983 Vielleicht hah' ich überhaupt kein recht
1160 1960 2975 2145 tes Organ für solidaritäten, aber noch
1181 2094 2965 2277 eher geb' ich zu, dass gleiche Bestre-
1169 2212 2958 2422 bungen, gleiche Sympathien und gleiche
1160 2397 2864 2568 Kultur eine Verbindung zwischen Men-
1179 2517 2882 2695 schen herzustellen vermögen, als der
1181 2644 2975 2799 Umstand, dass man gemeinsam mit Jemand
1174 2815 2894 2958 gehasst und verfolgt wird. So wenig
1172 2963 2965 3125 ich mich als Bruder eines Fleichhauer-
1181 3081 2954 3254 gesellen oder eines vertrottelten Gra-
1176 3236 2841 3372 fen fühlen würde, wenn ich genötigt
1183 3374 3025 3541 würde mit ihm zusammen in eine Sehlacht
1174 3497 2956 3689 zu ziehn, so venig verwandt fühl' ich
1172 3638 2931 3832 mich, mit einem jüdischen Commis oder
