3464 4392
2644 232 2852 452 E40.
1084 417 2029 600 Mieux V. tâte à destort,
2719 641 2803 754 6
687 762 2803 939 ihrem bruder, den sie früher sehr geliebt
690 942 3000 1104 hatte, wandte sie sich ab, denn ihm begann sie
704 1110 2910 1252 die Schuld am Niedergang des elterlichen
710 1241 2913 1406 Hauses zu geben. Sie hatte es ja oft genug
696 1371 2910 1548 hören müssen, dass, xxx wenn Heinrich statt
701 1528 2835 1687 Novellen zu schreiben, die nicht gedruckt,
757 1670 2992 1884 und Stücke, die nicht aufgeführt wurden, sei-
707 1849 3032 1994 ne studien fleissiger betrieben,Doktor gewor-
716 2018 2820 2160 den und dn die Kanzlei des vaters einge
777 2128 2873 2328 treten wäre, sich das Schicksal der Familie
774 2299 2986 2452 völlig anders gestaltet hätte. Sie war nun
823 2432 2780 2626 in der Nähe der Vierzig in ihremWesen
826 2632 2945 2757 fast völlig althüngferlich geworden, wich
800 2774 2977 2971 der Mutter kaum von der Seite undwenn der
823 2878 3003 3076 Bruder nachhause kam, der die Familie nun
780 3099 2890 3244 da er seinen ersten Erfolg errungen, nach
835 3212 2896 3377 seinen schwachen Kräften unterstütze, so
832 3383 2954 3542 schwebten stumme Vorwürfe um ihn, die ihn
849 3531 2902 3690 erbitterten und gegen die er sich nicht
902 3681 3052 3870 einmal zur Wehre zu setzen vermochte,weil
899 3864 3009 4073 sie nicht mehr laut ausgesprochen wurden
