3544 4280
2781 480 2975 607 873
937 646 3169 871 wieder kommen soll, nie wieder... es ist um den
940 796 2980 959 Verstand zu verlieren. Ich will nicht mehr
957 937 2980 1120 dran denken. Ich denk ja doch dran. Das Ohr
338 1015 710 1237 Meyer
957 1098 3116 1342 an der Tür hab ich gewartet, bis alles im Ho -
277 1167 848 1439 dachte dra,
962 1231 3133 1422 tel ganz still war, dann bin ich über den Gang
965 1400 3136 1666 geschlichen bis zum letzten Fester am Gangende
970 1544 3069 1736 und dann hinein zu ihr. Und sie ist da gele -
979 1705 3183 1891 gen ganz weiss, mit offenen Augen und ihre Lip
990 1866 3161 2071 pen waren dunkelrot.... Und ein Duft von Flie¬
976 2005 3116 2193 der war im Zimmer... und draussen hat der See
993 2160 2942 2357 gerauscht.... Und wir s ind auf den Balkon
987 2318 3064 2512 hinaus, sie und ich, auf thren Balkon. (Nein,
1004 2481 3050 2656 wir waren nicht bei Sinnen. So was wagt man
998 2631 3224 2817 nicht, wenn man bei Sinnen ist. Jetzt könnt ich
1006 2792 3161 2961 ebensogut sechs Schuh tief unter der Erde lie
1020 2953 3111 3180 gen, als bequem in einem Coupé erster Klasse
1009 3075 3136 3349 nach Wien fahren. Ja, im Grab könnt ich lie¬
1029 3230 3136 3513 gen, mit einer Kugel mitten durch Herz. Oder
1015 3407 3211 3574 er? Nein. Es gibt ja keine göttliche Gerechtig
1026 3552 3208 3773 keit. Gibt es eine?... Willy Eissler wäre mein
