3608 4232
920 551 3070 723 einem plötzlichen Entschluss an den polnischen
908 700 3068 880 Juden und fragt: "Möchten Sie so gut sein, Sie
917 823 3050 1037 wissen ja jedenfalls wann wir in dem Jahr jom
920 988 3170 1188 Kipur haben. "Der polnische Jude schaut ihn an,
937 1131 3185 1334 überlegt einen Moment, sagt dann wie erleichtert
948 1291 3145 1517 ä soi und streckt sofort wieder seine Betne auf
945 1445 3242 1634 den Sitz gegenüber. Dann antwortet er: " nächsten
940 1651 1674 1819 Mit twoch. "
965 1705 3148 1945 "Gldnzend", rief Georg aus, "wirklich famos, "
965 1937 3190 2116 "Mehr als das, lieber Georg, tief, wie die meis¬
968 2059 3216 2248 ten jüdischen Anekdoten, Blicke aufschliessend in
968 2211 3250 2411 die Tragtekomödie des heutigen Judentums. Und Sie
971 2391 3205 2582 wissen jetzt, warum es mirmanohmal nicht konve-
968 2533 2671 2693 niert an dem Tisch dort zu sitzen. "
988 2662 3179 2873 "Aber sehen Sie Heinrich, dass Sie den Antisemi
994 2788 3013 2976 ten doch in mancher Beziehung Unrecht tun."
1000 2936 3156 3190 „Das könnte stimmen. Ich beurteile sie nämlich
985 3133 1902 3328 manchmal sehr mild.“
1011 3276 3290 3470 „Aber parum tun Sie es... weil in Ihnen auch, Sie
1000 3393 3262 3647 können es nicht leugnen, wie übrigens beinahe in
