3480 4280
2749 548 2948 695 or. 515.
1165 722 2721 903 In Hinsicht auf Heinrich hatte er
1168 875 2836 1056 das Gefühl, wie schon manchmal wenn
446 992 937 1158 not, elle fut
1172 1008 2831 1200 der ihn verlassen hatte. Es war ihm
420 1138 852 1259 mitet.
1172 1152 2927 1314 als entschwände er ihm, in irgend ein
434 1238 839 1405 ehr ungell
1179 1302 2964 1458 unbekanntes Land und er erinnerte sich
1172 1462 2966 1622 auch, dass er ähnliches empfunden, als
1186 1602 2968 1743 er vor einer Stunde Leo die Landstras-
1181 1773 2838 1908 se nach Wien allein hatte hinunter-
1186 1892 3023 2052 gehen sehn. Er schätzte sie Beide hoch
1181 2018 2843 2200 Er empfand sogar in manchen Stunden
1190 2205 2964 2358 eine Art von Sympathie, vielleicht so-
1193 2344 2852 2500 gar von Freuns chaft, für sie. Und
1190 2486 2939 2628 doch konnte er mit keinem von Beiden
1193 2600 2948 2790 so vertraut werden, als er es noch im
1200 2760 2939 2916 vorigen Jahr mit Guido Schönstein und
1195 2923 2984 3101 vorher mit dem armen Lawinski gewesen
1188 3046 2977 3240 war. Ob Leo nicht recht gehabt hatte.
1202 3210 2822 3373 Fremde... Freilich war es auch mög-
1193 3334 2943 3528 lich, dass er das Wort nicht ganz so
1211 3491 2852 3683 verstanden hatte, wie die Beiden es
1190 3642 1593 3752 meinten.
313 3670 617 3878 in the
363 3839 690 3969 ... xxx
