3464 4392
2635 254 2869 448 E40.
1141 419 2008 612 2 in 10. 1/2 tat testore.
2779 653 2866 794 3
693 823 2973 1011 sein Mandat verlor; nun versank gleichsamst
702 965 2944 1158 die Welt für sie, da diese Welt kür den ge¬
716 1161 2926 1378 liebten Mann nicht mehr vorhanden war. Auch
705 1381 2958 1543 die Schwester Heinrichs, etwas älter als er,
702 1525 2825 1667 wurde in den Niedergang des elterlic hen
699 1664 2819 1826 Hauses mithineingezogen. Heinrich, dervor
757 1800 2987 1979 zehn Jahren die kleine Stadt verlassen hat.
763 1947 3025 2155 te, um in Wien Jus zu studieren,und seither
757 2112 3074 2291 die vaterstadth immer nur zu vorübergehenden
757 2323 2915 2481 Aufenthalten besucht hatte, beobachtetemit
757 2458 2814 2611 Unmut, wie aus dem künstlerisch begabten
763 2606 2970 2759 lebensvollen Mädchen, das einmal geschaffen
754 2788 2889 2915 schien sich aus eigener Kraft ihr Schick-
800 2874 2860 3071 sal auf zubauen, allmählig zu einem immer
757 3103 2964 3212 unselbständigerem,beinahe armseligen Wesen
757 3201 2964 3380 verkümmerte. Kurz bevor Heinrich nach Wien
763 3354 2863 3536 übersiedelt war, hatte sie sich in einen
794 3504 2958 3674 leichtfertigen jungen Fabrikantenssohnver¬
800 3672 2912 3845 liebt, der sich nicht um sie kümmerte und
797 3822 2909 4015 später ins Ausland ging. Dann bewarbsich
