3496 4056
2686 276 2898 433 1141
740 401 2956 627 wir bei dem Wort. Nie finden sich Menschen, die
749 587 2912 816 nicht zu einander gehören! Noch ferner werden
761 729 2915 920 sie einander in schweren Stunden. Diese Fahrt!
767 883 2878 1069 Wenn ich mich daran erinnere! - Ich habe übri
775 999 3034 1269 gens die ganze Zeit gelesen. Es war mir unerträg
778 1191 3002 1391 lich mit der dummen, alten Person zu reden. Man
796 1292 3034 1539 hasst doch niemanden mehr, als jemanden, der et
796 1449 3020 1702 nem Mitleid abfordert. (Na und dann t..). Wir sind
810 1652 2886 1861 ###an ihrem Grab zusammen gestanden, die
877 1678 1112 1795 ant
1739 1783 2117 1896 nous s...
801 1748 3063 2036 Mutter und ich. Und im Wirtshaus bin ich mit der
813 1969 3081 2178 Mutter gesessen, nach dem Begräbnis,, ein Leichen
828 2073 3119 2343 schmaus zu zweien. Es war eine hoffnungslose Ge-
836 2245 3174 2489 schichte. (An Ihrem See liegt sie (näml ich) begraben,
395 2355 758 2590 Mit hievon
845 2378 3148 2634 Georg.. Ja, ich habe öfters an Sie denken milssen.
836 2547 3162 2793 Am Ufer gegenüber. VonnFriedhof aus steht man den
453 2567 587 2709 7.
848 2703 2968 3029 etwas geschmachlosen Turm des Auhofs. Ich er
862 2872 3069 3101 zähls Ihnen vielleicht einmal genauer. Aber wie
874 2997 3084 3243 gesagt — schuldig hab ich mich absolut nicht ge
1911 3165 2227 3258 seln genau
883 3162 3005 3392 fühlt. Und ich hab mich xxxx beobachtet, das
894 3328 3159 3545 können Sie sich denken. Ich will mich auch nicht
