3400 4136
997 551 2902 817 andern, als sei es ihre Verpflichtung und
1013 736 2956 924 lein zu lassen. Ich glaube, so schön ha
1032 860 3010 1102 Ich nie, so schön werd ich nie in meinem L
1029 1021 3015 1274 ben mehr phantasieren, als an diesem Abend
1024 1199 3040 1438 Atmpsphäre der Mustk! Sie ist am Fenster ge¬
1045 1328 3074 1575 sessen, im grossen Fauteutl. Zuerst hab ich
1045 1497 3171 1755 noch ihr Lächentn gesehen. Dann nur das Leuch
1070 1647 3040 1884 ten ihrer Augen, dann nur mehr die Umrisse
1070 1803 3126 2029 ihrer Figur, dann überhaupt nichts mehr. Nur
1075 1965 3099 2204 immer gewusste Sie ist da. Dort in der Ecke
1078 2102 3233 2338 sität sie. Und das Fenster war offen. Und drü###
1083 2255 3123 2491 ben am andern Ufer sind die Lichter des neu
1086 2408 3255 2663 en Hotels aufgeblützt. Und dann haben die xxxei
1083 2556 3206 2825 Mädeln mit den blauen Kleidern durchs Fenster
1086 2663 3225 2956 hereingeguckt und sind wieder verduftet. (Mir
1113 2876 3279 3093 scheint, von denen hat mir auch geträumt! ) Und
1118 3034 3252 3233 dann hab ich aufgehört zu spielen. Und bin am
1113 3195 3206 3392 Klavder sitzen geblieben. Drassen im Garten
1137 3332 3066 3620 waren Stimmen. Sie ist langsam aus der Ec
1140 3475 3214 3784 hervorgekommen, wie ein Schatten, und hat ih
