3480 4136
1002 589 2430 752 re Hände auf meinen Kopf gelegt
497 739 812 914 All his
2505 701 3023 906 mitten im St
1008 763 2268 976 Und die Fahrten im Kahn. St
408 849 779 1062 sion nad
2459 941 2717 1083 threm
997 903 2384 1110 Eingezogene Ruder. Ich bin au
2886 1043 3026 1172 das
2244 1088 2588 1260 geschaut
1000 1051 2118 1266 legen und hab in die Lu
2822 1199 3163 1398 Die Ban
1010 1191 2739 1414 andre Ufer drüben. Der Waldweg hinaus
1008 1360 3042 1559 unter den Tannen, wo ich ihr alles erzählt
1019 1524 3179 1750 habe. Wie einer Freundin. Und sie hat mich per
1024 1693 3053 1881 standen, wie nie, nie eine andre. Und alles
1040 1836 3010 2037 das ist aus, aus, aus....! „Wie bald wirst
1021 1962 3053 2193 Du mich vergessen haben. Und ich soll nicht
1032 2126 3179 2352 mehr von ihr hören? Jeder lebt wieder sein Le
1040 2260 3037 2518 ben für stoh! 2) Und gestern, diese letzten
1035 2446 3112 2642 Stunden! Und wissen, es ist ein Abschied für
1056 2591 3091 2806 ewig! Ihre aufgelösten Haare. Der Glanz in
2295 2733 3112 2959 ... der wuderbare.
1064 2730 2268 2946 thren Augen. Und der Duft.
1594 2881 1881 2978 from Richter
1059 2857 3166 3123 Georg knüllte den Plaid zwischen den Fingern,
1078 3037 3193 3263 schloss die Augen, drähte sich gegen die Wand¬
1078 3187 3088 3392 sah die sanftbewegten Waldhügellinten nicht
1075 3281 3225 3609 mehr, die draussen im Morgenlicht vorbetzogen;
