3560 4120
1473 640 2978 876 wir haben abgeschlossen", wieder
2461 793 2785 1019 man nur
1202 835 2150 1041 holte Georg lächelnd
356 850 527 1069 r
1242 1026 1503 1197 varum.
1219 1069 3179 1310 Nürnberger ohne sich umzuenden hatte eine
1217 1237 3063 1495 Handbewegung, die Georgs Frage als eine
2807 1355 3046 1440 adresse
1224 1392 2985 1641 rasch durchschaute Höflichkeitsfra-
1232 1606 1575 1804 abtat.
1267 1656 3166 1924 "Nun ja setzte Georg fort, indem er näher
1252 1851 3136 2100 herantrat, "ich sehe nämlich wirklich n
1295 1977 3088 2235 nicht in, ich hab heuer im Sommer auf
1262 2132 2830 2361 meiner Reise Ihren Roman gelesen."
1289 2273 3156 2536 "Bitte incommodieren Sie sich doch nicht
1282 2401 3181 2649 lieber Baron“, unterbrach ihn Nürnberger,
1312 2521 3302 2832 "Verzeichn Sie lieber Herr Nürhberger, aber
1297 2692 3314 2975 ich habe Ihnen doch nicht das Recht gegeben
1305 2847 3189 3091 mich als einen conventionellen Schwätzer
1310 3018 3046 3246 zu behandeln und wenn ich im Verlaufe
1332 3141 3332 3402 unserer Unterhaltung Anlass nehme Ihren Rom
1330 3284 3246 3560 zu erwähnen, der doch schliesslich da ist
