3448 4120
2889 505 3083 696 1007
1747 566 3032 870 seit gestern womöglich noch
1117 625 1675 882 Ungen zu xxx
2231 760 2823 887 es is gewesen und
2239 831 3047 1005 früher. Ich meine
2043 859 2185 977 als
1132 831 2002 1023 für unauflöslicher.
2318 972 3006 1112 rede nicht von
1137 974 2050 1186 das nicht äusserlich
2593 1061 3188 1237 Aenn sie ist
1135 1140 2545 1344 Verpflichtngen und dergleichen
1142 1295 2966 1492 ein sehr selbstständiges Wesen und wäre
2830 1367 2953 1464 G.F.P.
1145 1431 3068 1640 immer in der Lage sich selbst durchzubrin
1150 1573 3205 1808 gen.. Sie hat sogar — unter uns - die Absicht
1160 1742 3027 1933 eine Gesangsschule zu gründen. Es mitste
2813 1828 2973 1918 G.C.H.F.P.
2499 1851 2634 1943 G.H.P.
1163 1859 3177 2073 nicht grad hier ein; Also angewiesen, wenn
2708 1981 3045 2088 ähnlich
1165 2045 3139 2277 man sich schon so ausdrücken soll, ist sie
1170 2208 3124 2379 nicht auf mich. Aber wir gehören zusammen,
1181 2366 3200 2540 das ist es. Ich weiss nicht, ob Du mich ganz
1181 2509 3111 2700 verstehst," fuhr er fort, da Felictan an
1196 2593 3047 2866 Ihm vorbei an die Wand, auf das Bild des
1198 2744 3042 2996 Vaters blickte. "Menschlich zusammen ge¬
1198 2915 3126 3182 hören wir. Wenn ich selbst auf fünf Jahre
1211 3060 3154 3343 nach Amertha ginge, das Wesentliche unsere
1209 3233 2882 3453 Beziehung könnte dadurch nicht berückte.
1211 3358 3208 3680 den. Dazu sind wir uns innerlich zu nahe ge-
