3592 4312
3015 554 3195 748 879
1067 647 2969 909 Tag und um uns war Nacht, ti efe scwarze
1064 870 3206 1061 Nacht. Und wie ich sie verlassen habe, war in
1075 1040 3206 1250 den Strassen erst Dämmerung. Und.. es ist un
1075 1184 3144 1403 fassbar, in dieser Stunde, während ich schon
1070 1353 3228 1506 eine Ewigkeit lang fort bin, liegt sie noch in
1070 1534 3225 1681 demselben Zimmer mit den geschlossenen Fenster
1064 1659 3231 1842 läden und schläft und träumt. Auch von weissen
1056 1831 3053 1976 Möven? Und dann wird sie aufwachen, allein
1078 1981 3231 2142 spakieren gehen, im Mirabellgarten, so wie ich
1059 2134 3244 2300 ihrs geraten habe, und dann wird sie ihre klei¬
1064 2287 3141 2480 ne Tasche packen und auf die Bahn gehen, und
1056 2437 3253 2609 heute Abend ist sie daheim. Daheim.... wie ich.
1064 2584 3089 2770 Versteh ichs eigentlich, glaub ichst Es war
486 2680 870 2854 Le verclame
1064 2734 3179 2928 vielleicht das erstemal in meinem Leben, dass
461 2805 854 3007 ussicht
1064 2882 3108 3059 ich ganz nahe dran war eine Tollheit zu be-
1061 3034 3116 3231 gehen. So nahe, dass es nur ein Worts von ihr
1064 3204 3083 3370 gebraucht hätte und ich wäre mit ihr in die
1053 3359 2983 3539 weite Welt, hätte alles, aber auch alles
1051 3515 3209 3757 zurückgelassen... Freunde und Geliebte und das
