3272 4008
1241 511 2988 721 Erden misstraut, sogar seinem eigenen
1272 685 2969 891 Misstrauen.. Aber kommt es denn aufs
1241 837 2919 1035 Rechthaben an? Doch nur aufs Wirken.
1255 998 3158 1182 Die Ents heidungen fallen doch erst, wenre
1272 1130 2903 1340 wir nicht mehr dabei sind. Unser Ur
1272 1272 3007 1501 teil wird in unserer Abwesenheit ver-
1276 1423 3066 1605 kündigt. Und die höchste Instanz kenen
1343 1598 3073 1763 wir nicht.. Aber der Witz des Faseins
1279 1702 3033 1924 kommt doch erst heraus, wenn man aufs
1295 1898 2962 2059 Absolute pfeift und sichs innerhalb
1350 2028 3011 2220 aller menschlichen Relativitäten Un
1310 2191 2941 2364 zulänglichkeiten, Ungewissheiten so
1321 2312 2990 2539 gut behagen lässt als es eben geht.
581 2411 990 2527 Sicherheiten
1333 2437 3149 2666 Wenn man auch die feinsten individuelle
570 2510 976 2602 des luttes.
444 2574 1045 2725 aber keft ein Freunde
1390 2610 3165 2803 Unterschiede zu entdecken sucht zwise
463 2631 1128 2766 aller Sicherheit der gefühls
501 2730 905 2855 Kreff. trunn.
1340 2761 3146 2985 schen den verwandtesten Naturen und die
1369 2889 2881 3094 Aehnlichkeiten, zwischen den alle xxx
1371 3056 3146 3227 verschiedendsten. Und besonders dadurch
1385 3182 2884 3399 dass man alles möglichst vi chtig
2773 3366 2988 3553 chon
1645 3359 2671 3581 die Gefahr hin, dass
