3544 4312
2525 569 2698 724 aus 506
1234 722 2886 926 haben... Wie hatte er sie geliebt!
1249 864 2937 1096 wie hatte er sie geliebt! - Das Herz
1249 1045 2899 1245 schwoll ihm, wenn er an sie dachte.
1604 1174 2822 1351 Plötzlich hörte er Georgs
1099 1302 2361 1473 mehr bet. Weigen mir doch auf
1263 1329 3006 1559 Stimme. Wie seltsam, dass Georg neben
1954 1513 2100 1579 mir
1287 1482 2966 1721 ihm einhanging; es war ihm, als hät-
1333 1648 3030 1867 ten sie viele Stunden nicht mehr mit
1307 1750 3077 2005 einander gesprochen. "Steigen wir doch
1358 1940 3092 2140 wieder auf“, sagte Georg. Und sie fuh
1316 2091 3068 2304 ren wieder langsam bergab, Sie funren
1331 2237 2975 2443 langsam und fersichtig, dennder Weg
1340 2403 2946 2609 war finster, holprig und wand sich
1347 2525 3132 2744 oft. Der Himmel war völlig dunkel, ven
1404 2700 2893 2893 den Laternen strömte ein langes,
1356 2820 3023 3072 grelles, aber unsicheres Licht nach
1389 2997 3152 3207 vorne, und Tingsherum die Nacht sekien
1384 3196 2381 3356 noch dunkler zu sein.
2711 3165 3187 3331 as mys
1621 3307 3130 3493 Und Heinrich dachte an die Stum-
1409 3458 3185 3679 de, in der er Gusti zum letzten Mal in
1584 3451 1885 3560 on the
1457 3608 3019 3810 Wien gesehen hatte, und obzwar er
1449 3726 3196 3958 seitdem ein paar Tage in Wiesbaden mit
