3416 4184
2756 671 2968 789 168.
1190 837 2959 1047 Ich spreche also auch jetzt natürlich
1190 1015 2987 1190 nur von Religion im Sinne der auf Dog-
1178 1155 2998 1305 men gestützten, abgegrenzten Lehre und
1169 1259 2975 1481 leh weiss nicht warum es nicht erlaubt
1176 1446 2934 1598 sein sollte sich zum gesammten Inhalt
1174 1575 2793 1750 der jüdischen Mythologie, wenn das
1160 1727 2970 1891 Wort auch nicht ganz zutrifft, so wis-
1158 1891 2920 2027 sen Sie ja was ich meine in gleicher
1160 2006 3007 2221 Weise historisch, kritisch zu verhalten
1153 2140 2908 2320 wie zur asyrischen oder hellenischen.
1139 2288 2947 2454 Es ist ihnen erlaubt, es geschieht je-
1132 2433 2461 2588 den Tag und schon lange her,
1142 2565 2897 2735 seit Unzeiten, wenn auch meistens mit
1128 2701 2800 2857 der durch das Bündnis von Staat und
1107 2830 2874 3053 Kirche gebotenen Vorsicht, und es ist
1107 2952 2721 3164 natürlich nur eine Frage der Zeit,
1100 3130 2876 3300 freilich von Jahrtausenden, dass so-
1086 3250 2947 3538 wol jüdische als christliche Mythologie
1100 3409 2892 3595 gerade so vier Vergangenheit angehören
1086 3522 2839 3718 werden wie alle Andern und dass dafür
