3544 4040
1584 335 2126 567 superie
1178 652 2852 894 braucht es nicht zu sein. Und in dem
1452 811 2835 1019 es doch gewiss absolut unverme¬
586 870 951 1083 & this die
1180 943 2849 1193 gewesen. + Und manches ständ anders in
623 1036 936 1183 Geschichte
736 1058 1085 1234 sute 1191
1224 1078 3060 1354 Gesterreich, wenn alle Jäen so wären,
430 1195 1024 1400 trie weder die Sart
1202 1285 2270 1500 Leo Golowski, „ Brechin
508 1322 863 1496 parle 5.
1200 1425 3062 1615 Skelton lächelte. "Sie wissen Willy, vor
1195 1559 3143 1781 mir darf man nichts gegen die Juden sagen
1195 1718 2023 1923 ich liebe sie.
1696 1845 2043 1957 hielt d'Ers.
1232 1808 3023 2058 " Georg erzählte dass er Leß sehr gut
1212 2001 3118 2209 kenne. (Er sprah auch daon,) dass er schon
1249 2119 3157 2346 seit Monaten gewusst habe, wie erbärmlich
2776 2236 3140 2317 wie durch
1249 2280 3082 2527 Scheffranek gerade ihn behandelte., und
1251 2422 3221 2625 dass er Georg, eigentlich die Sache voraus
1259 2549 3135 2810 geahnt hätte. Man sprach weiter über das
1259 2713 3133 2967 Duell und sogar Skelton musste zugeben,
1317 2862 3045 3091 dass die Sache nicht abzuschaffen sei.
1290 3003 2945 3233 wenigstens in Oesterreich ganz beson-
1329 3170 2991 3389 nicht durch Vereine. Aber ob das nicht
1332 3292 3160 3524 eigentlich gegen Oesterreich spräche? Da
