3400 4104
1780 345 1909 485 .F.P.
2493 349 2675 489 w51
1287 521 2950 730 die sich persönlich über ihr Los zu
2154 681 2751 779 a nicht einen.
1289 734 2910 902 beklagen hatten, auch nicht Leute,
1295 876 2982 1062 die ausserhalb der Kultur ihres Lan-
1287 1026 2848 1200 des standen. Mit einem von ihnen
1280 1170 2954 1357 habe ich oft gesprochen: es war ein
1310 1331 2933 1498 wohlhabender Arzt aus einer grösse-
1289 1483 2988 1657 ren Polnisehen Stadt; - und den habe
1310 1625 2999 1824 ien bittere, echte Tränen vergiessen
1301 1778 2961 1938 gesehen, weil er oder sein Volk die
1299 1943 2802 2093 Hoffnung auf Palästina aufgeben
1462 2065 1750 2188 sollte.
1350 2082 2975 2250 mussten. Glaueben Sie, dass dieser
1306 2258 2757 2410 Schmerz von Hunderten, den ich
1314 2406 3011 2559 selbst beobachtet habe, glauben Sie,
1318 2527 3020 2730 dass der Komödie wart Oder dass sich
1316 2671 2927 2868 die Leute da hineingeredet haben?
1314 2836 2887 3052 Nein, sage ich Ihnen, diese Sehn-
1331 2982 2999 3193 sueht nach der Heimat ihrer Urahnen
1335 3143 2874 3344 ist bei Tausenden von Juden noch
1327 3289 2999 3494 heute vollkommen echt, und das jahr
1369 3447 2990 3655 hundertelange Wandern und Anässig-
1403 3568 3007 3775 ein in der Fremde hat sie nicht aus
