3576 4248
3144 448 3302 621 196
1285 574 2933 827 aus. Begann sie aber zu sprechen so
1275 767 3262 957 tanzten unter dem grauen Schopf die kleian
1288 904 3262 1115 grauen Augen, lustig und jugendlich durchs
2756 1007 3262 1105 5 y cuschonieres
1285 1077 3244 1265 ganze Zimmer. "Ich komm aus dem Mozertver-
1298 1202 3049 1420 ein sagte sie, während sie die langen
1283 1360 3211 1601 weissen Handsehuhe abstreifte. "Darum war
857 1480 1050 1633 ptd.
1303 1513 3216 1701 ich so ungezogen und hab mich verspätet."
764 1611 1057 1826 Schuld
1320 1638 3327 1861 "Ah heut war ja das erste Konzert unter dem
1308 1801 3071 2004 neuen Dirigenten, Durchlaucht," sagte
2908 1956 3126 2072 and
1320 1991 1713 2157 Wilt.*
1333 2089 3169 2290 *Ja freilich, es ist ihnen gelungen ist
1343 2244 3064 2447 es nicht eine Schand? Politik hin Po-
1340 2239 3369 2610 litik her, aber dass der Konzertverein nicht
1348 2533 3344 2740 unter einem liberalen Kapellmeister spiele
1363 2673 3194 2898 will, sondern sich lieber einen (andern)
1368 2821 3121 3041 aus Deutschland kommen lasst, das ist
1375 2976 2921 3184 doch die reine Wurschtelkomödie."
1390 3114 3049 3339 Sie sagte liberal, aber sie meinte
1398 3239 3224 3472 jüdisch. Irgend etwas hielt sie ab die-
1395 3414 3302 3670 ses Wort auszusprechen. Es war übrigens
