3352 4248
2862 580 3039 721 868
829 751 2840 981 Vor dem geschlossenen Coupefenster-leuchte
840 936 2859 1141 ten xxxet rote Laternen auf. Dann rann still
832 1075 2992 1268 und schwarz die Nacht vorbet. Georg zog sei -
829 1232 2942 1436 nen Reiseplaid fester an sich und starrte auf
843 1403 2818 1586 die grün verhängte Lampe an der Decke. Ach
834 1528 2909 1762 wie gut, dachte er, dass ich allein im Coupe
843 1674 2914 1881 bin. Mindestens fünf Stunden hab ich fest ge
834 1856 2925 2061 schlafen. So lang muss es wohl sein. Um zehn
843 2003 2920 2199 bin och von Salzburg fortgefahren. Wozu auf
851 2149 2848 2356 die Uhr sehen. Es liegt sich ganz letdlich.
840 2290 3064 2525 Ich habe keine Lust mich zu rühren. Was für ein
840 2475 2912 2671 komischer Traum war das? Bedeuten wetsse Mö
851 2627 2909 2818 ven irgend etwas? Und die alte Frau mit der
840 2768 2912 2964 Mantille, die eigentlich die Frau Oberberger
859 2906 2890 3124 war! Geschmeichelt würde sie sich nichtm filh
848 3058 2948 3263 len. Aber sah sie nicht wirklich aus, wie et
848 3238 2843 3439 ne alte Dame, als ich sie oben in der Loge
854 3321 3008 3575 des kleinen, weissroten Kurtheaters erblickten
848 3497 2978 3774 Ich hab sie nicht einmal gleich erkannt. Man
