<?xml version="1.0" encoding="UTF-8" standalone="yes"?>
<PcGts xmlns="http://schema.primaresearch.org/PAGE/gts/pagecontent/2013-07-15" xmlns:xsi="http://www.w3.org/2001/XMLSchema-instance" xsi:schemaLocation="http://schema.primaresearch.org/PAGE/gts/pagecontent/2013-07-15 http://schema.primaresearch.org/PAGE/gts/pagecontent/2013-07-15/pagecontent.xsd">
    <Metadata>
        <Creator>prov=READ-COOP:name=TrHtr:version=2.1.0:model_id=51170:date=30_07_2023_11:51</Creator>
        <Created>2023-05-10T13:59:47.652+02:00</Created>
        <LastChange>2023-07-30T11:51:23.041+02:00</LastChange>
        <TranskribusMetadata docId="1428601" pageId="55415601" pageNr="4" tsid="131502377" status="IN_PROGRESS" userId="64420" imgUrl="https://files.transkribus.eu/Get?id=QQYZQFNMNBNBYAMAVAENCXVE&amp;fileType=view" xmlUrl="https://files.transkribus.eu/Get?id=WHOOZGVUSTYKBGIVSAWRMMJD" imageId="44689709"/>
    </Metadata>
    <Page imageFilename="1428601_0004.jpg" imageWidth="3496" imageHeight="4376">
        <ReadingOrder>
            <OrderedGroup id="ro_1711789275690" caption="Regions reading order">
                <RegionRefIndexed index="0" regionRef="tr_2"/>
                <RegionRefIndexed index="1" regionRef="tr_1"/>
            </OrderedGroup>
        </ReadingOrder>
        <TextRegion id="tr_2" custom="readingOrder {index:0;}">
            <Coords points="414,305 3104,305 3104,2266 414,2266"/>
            <TextLine id="tr_2_tl_1" custom="readingOrder {index:0;}">
                <Coords points="2677,376 2708,367 2766,410 2815,407 2849,429 2877,410 2893,410 2889,271 2856,281 2843,274 2825,284 2738,287 2726,296 2677,293"/>
                <Baseline points="2695,358 2740,355 2784,358 2829,358 2874,358 2895,361"/>
                <TextEquiv>
                    <Unicode> E40.</Unicode>
                </TextEquiv>
            </TextLine>
            <TextLine id="tr_2_tl_2" custom="readingOrder {index:1;}">
                <Coords points="1153,614 1271,561 1419,561 1508,604 1591,567 1659,598 1767,549 1998,537 2082,512 2085,432 1909,404 1819,453 1647,398 1394,493 1156,466"/>
                <Baseline points="1173,519 1193,516 1238,516 1283,516 1328,513 1373,513 1417,513 1462,513 1507,510 1552,510 1596,510 1641,507 1686,507 1731,507 1776,504 1820,504 1865,501 1910,501 1955,498 1999,495 2044,495 2089,495"/>
                <TextEquiv>
                    <Unicode>2d so til he tod.</Unicode>
                </TextEquiv>
            </TextLine>
            <TextLine id="tr_2_tl_3" custom="readingOrder {index:2;}">
                <Coords points="2208,712 2341,737 2396,688 2581,672 2664,715 2732,694 2865,731 2917,688 3053,678 3050,617 2782,530 2516,604 2331,500 2257,524 2205,503"/>
                <Baseline points="2226,659 2271,662 2316,665 2361,668 2405,665 2450,665 2495,665 2540,662 2585,665 2629,665 2674,665 2719,665 2764,668 2808,668 2853,671 2898,677 2943,680 2987,680 3032,680 3056,677"/>
                <TextEquiv>
                    <Unicode>(Kis. Neurich)</Unicode>
                </TextEquiv>
            </TextLine>
            <TextLine id="tr_2_tl_4" custom="readingOrder {index:3;}">
                <Coords points="981,1085 1829,1042 2208,1073 2341,1033 2344,897 984,931"/>
                <Baseline points="999,1002 1008,1002 1053,1002 1098,1002 1143,1002 1188,999 1232,999 1277,996 1322,996 1367,996 1411,996 1456,994 1501,994 1546,991 1591,994 1635,991 1680,994 1725,991 1770,991 1814,988 1859,988 1904,988 1949,985 1993,985 2038,985 2083,985 2128,982 2173,982 2217,979 2262,979 2307,982 2352,982"/>
                <TextEquiv>
                    <Unicode>Heinrich Hermanns Familie.</Unicode>
                </TextEquiv>
            </TextLine>
            <TextLine id="tr_2_tl_5" custom="readingOrder {index:4;}">
                <Coords points="648,1187 2775,1243 2945,1224 2948,1052 648,1082"/>
                <Baseline points="665,1167 668,1167 713,1161 758,1161 802,1161 847,1161 892,1158 937,1161 982,1158 1026,1158 1071,1158 1116,1158 1161,1155 1205,1152 1250,1152 1295,1149 1340,1149 1385,1149 1429,1149 1474,1149 1519,1149 1564,1146 1608,1146 1653,1143 1698,1143 1743,1143 1788,1140 1832,1140 1877,1137 1922,1140 1967,1137 2011,1137 2056,1137 2101,1134 2146,1137 2190,1134 2235,1134 2280,1134 2325,1131 2370,1125 2414,1125 2459,1125 2504,1122 2549,1122 2593,1119 2638,1119 2683,1119 2728,1122 2773,1122 2817,1119 2862,1119 2907,1116 2952,1113"/>
                <TextEquiv>
                    <Unicode>(Ein ungedrucktes Kapitel aus dem Roman.Der</Unicode>
                </TextEquiv>
            </TextLine>
            <TextLine id="tr_2_tl_6" custom="readingOrder {index:5;}">
                <Coords points="626,1283 928,1317 1070,1267 1230,1283 1385,1255 1385,1153 1221,1184 1113,1153 990,1203 931,1175 845,1196 777,1172 725,1200 629,1175"/>
                <Baseline points="644,1256 674,1256 719,1256 764,1259 808,1259 853,1259 898,1262 943,1262 988,1259 1032,1259 1077,1256 1122,1256 1167,1253 1211,1253 1256,1253 1301,1253 1346,1250 1391,1241"/>
                <TextEquiv>
                    <Unicode>Weg ins Freie</Unicode>
                </TextEquiv>
            </TextLine>
            <TextLine id="tr_2_tl_7" custom="readingOrder {index:6;}">
                <Coords points="1175,1459 1489,1434 1816,1483 2091,1422 2276,1459 2313,1446 2316,1277 2165,1277 2100,1221 1659,1314 1570,1252 1474,1289 1348,1249 1178,1274"/>
                <Baseline points="1191,1396 1235,1402 1280,1402 1325,1405 1370,1402 1414,1402 1459,1405 1504,1405 1549,1402 1593,1405 1638,1402 1683,1402 1728,1402 1773,1399 1817,1399 1862,1399 1907,1399 1952,1399 1996,1399 2041,1399 2086,1396 2131,1396 2176,1399 2220,1399 2265,1402 2310,1408 2322,1408"/>
                <TextEquiv>
                    <Unicode>Von Arthur Schnitzler.</Unicode>
                </TextEquiv>
            </TextLine>
            <TextLine id="tr_2_tl_8" custom="readingOrder {index:7;}">
                <Coords points="1089,1721 2008,1733 2214,1637 2310,1696 2701,1650 2914,1742 3090,1718 3093,1530 1092,1567"/>
                <Baseline points="1107,1635 1152,1635 1196,1632 1241,1632 1286,1632 1331,1632 1376,1632 1420,1632 1465,1632 1510,1632 1555,1632 1599,1632 1644,1632 1689,1632 1734,1629 1779,1629 1823,1629 1868,1629 1913,1629 1958,1629 2002,1629 2047,1629 2092,1629 2137,1626 2182,1629 2226,1626 2271,1629 2316,1629 2361,1629 2405,1626 2450,1626 2495,1626 2540,1626 2585,1626 2629,1626 2674,1623 2719,1623 2764,1623 2808,1623 2853,1623 2898,1623 2943,1623 2987,1626 3032,1629 3077,1629 3098,1638"/>
                <TextEquiv>
                    <Unicode>Auch über seine Familie hatte Heinrich</Unicode>
                </TextEquiv>
            </TextLine>
            <TextLine id="tr_2_tl_9" custom="readingOrder {index:8;}">
                <Coords points="623,1822 2270,1829 2270,1748 2109,1699 623,1718"/>
                <Baseline points="641,1793 662,1793 707,1790 752,1790 796,1790 841,1790 886,1788 931,1788 976,1790 1020,1793 1065,1790 1110,1790 1155,1790 1199,1788 1244,1790 1289,1788 1334,1788 1379,1788 1423,1788 1468,1788 1513,1788 1558,1788 1602,1788 1647,1788 1692,1788 1737,1785 1782,1785 1826,1785 1871,1785 1916,1788 1961,1785 2005,1785 2050,1785 2095,1785 2140,1785 2185,1785 2229,1788 2274,1788"/>
                <TextEquiv>
                    <Unicode>dem Freunde mancherlei erzählt.</Unicode>
                </TextEquiv>
            </TextLine>
            <TextLine id="tr_2_tl_10" custom="readingOrder {index:9;}">
                <Coords points="1150,1992 3000,1977 3034,1829 1150,1835"/>
                <Baseline points="1167,1943 1205,1943 1250,1940 1295,1940 1340,1940 1385,1940 1429,1940 1474,1940 1519,1943 1564,1943 1608,1943 1653,1940 1698,1940 1743,1937 1788,1940 1832,1937 1877,1937 1922,1937 1967,1937 2011,1937 2056,1937 2101,1937 2146,1937 2190,1934 2235,1937 2280,1937 2325,1937 2370,1937 2414,1934 2459,1934 2504,1934 2549,1934 2593,1934 2638,1934 2683,1934 2728,1934 2773,1934 2817,1934 2862,1931 2907,1931 2952,1928 2996,1925 3041,1922"/>
                <TextEquiv>
                    <Unicode>Sein Vater war in den achtziger Jah-</Unicode>
                </TextEquiv>
            </TextLine>
            <TextLine id="tr_2_tl_11" custom="readingOrder {index:10;}">
                <Coords points="398,1998 419,2001 450,1995 487,2001 493,1995 518,1995 524,1912 506,1912 490,1924 475,1921 459,1930 447,1930 444,1924 432,1930 404,1927"/>
                <Baseline points="414,1979 435,1976 480,1973 525,1970"/>
                <TextEquiv>
                    <Unicode>-</Unicode>
                </TextEquiv>
            </TextLine>
            <TextLine id="tr_2_tl_12" custom="readingOrder {index:11;}">
                <Coords points="626,2174 1486,2112 2689,2189 2920,2131 2923,1992 626,2041"/>
                <Baseline points="644,2101 689,2101 734,2101 779,2101 823,2101 868,2101 913,2098 958,2101 1002,2101 1047,2104 1092,2104 1137,2098 1182,2101 1226,2101 1271,2098 1316,2098 1361,2095 1405,2095 1450,2095 1495,2095 1540,2098 1585,2098 1629,2095 1674,2095 1719,2092 1764,2092 1808,2092 1853,2092 1898,2092 1943,2092 1988,2092 2032,2089 2077,2089 2122,2089 2167,2089 2211,2092 2256,2089 2301,2089 2346,2089 2390,2089 2435,2092 2480,2089 2525,2086 2570,2086 2614,2086 2659,2086 2704,2086 2749,2086 2793,2086 2838,2086 2883,2083 2928,2080"/>
                <TextEquiv>
                    <Unicode>ren ein geachteter Advokat in einer deutsch-</Unicode>
                </TextEquiv>
            </TextLine>
            <TextLine id="tr_2_tl_13" custom="readingOrder {index:12;}">
                <Coords points="620,2263 2957,2297 3099,2159 620,2171"/>
                <Baseline points="638,2250 641,2250 686,2250 731,2250 776,2253 820,2253 865,2253 910,2253 955,2250 999,2253 1044,2253 1089,2253 1134,2256 1179,2256 1223,2253 1268,2250 1313,2250 1358,2247 1402,2247 1447,2250 1492,2250 1537,2250 1582,2250 1626,2250 1671,2250 1716,2247 1761,2247 1805,2247 1850,2247 1895,2247 1940,2244 1985,2244 2029,2244 2074,2244 2119,2244 2164,2244 2208,2244 2253,2244 2298,2244 2343,2244 2387,2241 2432,2241 2477,2241 2522,2241 2567,2241 2611,2241 2656,2241 2701,2238 2746,2241 2790,2241 2835,2238 2880,2238 2925,2235 2970,2235 3014,2232 3059,2229 3104,2223"/>
                <TextEquiv>
                    <Unicode>böhmischen Mittelstadt und deutschliberaler Ab-</Unicode>
                </TextEquiv>
            </TextLine>
        </TextRegion>
        <TextRegion id="tr_1" custom="readingOrder {index:1;}">
            <Coords points="241,2337 3110,2337 3110,3970 241,3970"/>
            <TextLine id="tr_1_tl_1" custom="readingOrder {index:0;}">
                <Coords points="617,2439 2880,2464 3068,2436 3068,2304 617,2350"/>
                <Baseline points="635,2420 659,2423 704,2420 749,2417 794,2414 838,2414 883,2411 928,2411 973,2411 1017,2411 1062,2408 1107,2411 1152,2408 1196,2408 1241,2408 1286,2408 1331,2408 1376,2408 1420,2411 1465,2411 1510,2408 1555,2408 1599,2408 1644,2405 1689,2402 1734,2405 1779,2405 1823,2402 1868,2402 1913,2402 1958,2405 2002,2402 2047,2402 2092,2402 2137,2402 2182,2402 2226,2399 2271,2399 2316,2399 2361,2399 2405,2399 2450,2399 2495,2399 2540,2396 2585,2396 2629,2393 2674,2396 2719,2396 2764,2396 2808,2396 2853,2396 2898,2393 2943,2390 2987,2390 3032,2387 3077,2387"/>
                <TextEquiv>
                    <Unicode>geordneter gewesen. Das Anwachsen der ansisemi</Unicode>
                </TextEquiv>
            </TextLine>
            <TextLine id="tr_1_tl_2" custom="readingOrder {index:1;}">
                <Coords points="225,2556 253,2560 302,2516 321,2526 395,2516 426,2538 459,2519 503,2535 577,2529 577,2458 558,2458 503,2408 493,2418 376,2411 364,2424 296,2384 271,2405 222,2399"/>
                <Baseline points="241,2507 286,2504 331,2507 376,2510 420,2510 465,2510 510,2510 555,2510 582,2510"/>
                <TextEquiv>
                    <Unicode>Fausden</Unicode>
                </TextEquiv>
            </TextLine>
            <TextLine id="tr_1_tl_3" custom="readingOrder {index:2;}">
                <Coords points="635,2563 2760,2606 2976,2566 2976,2430 2597,2498 2492,2439 635,2476"/>
                <Baseline points="653,2561 695,2564 740,2567 785,2564 829,2567 874,2567 919,2564 964,2564 1008,2564 1053,2564 1098,2561 1143,2561 1188,2564 1232,2564 1277,2561 1322,2561 1367,2564 1411,2567 1456,2570 1501,2567 1546,2567 1591,2561 1635,2558 1680,2558 1725,2558 1770,2555 1814,2555 1859,2558 1904,2558 1949,2558 1993,2558 2038,2558 2083,2558 2128,2558 2173,2558 2217,2558 2262,2555 2307,2558 2352,2558 2396,2555 2441,2552 2486,2552 2531,2552 2576,2555 2620,2552 2665,2552 2710,2552 2755,2549 2799,2552 2844,2549 2889,2549 2934,2546 2979,2543"/>
                <TextEquiv>
                    <Unicode>tischen Bewegung hatte ihn aus der Partei ge-</Unicode>
                </TextEquiv>
            </TextLine>
            <TextLine id="tr_1_tl_4" custom="readingOrder {index:3;}">
                <Coords points="244,2661 268,2658 287,2671 330,2634 419,2646 435,2658 456,2643 521,2655 549,2640 546,2578 512,2590 432,2547 401,2560 361,2523 315,2566 302,2556 241,2563"/>
                <Baseline points="259,2620 304,2623 349,2626 394,2629 438,2629 483,2629 528,2632 552,2629"/>
                <TextEquiv>
                    <Unicode>gleicher</Unicode>
                </TextEquiv>
            </TextLine>
            <TextLine id="tr_1_tl_5" custom="readingOrder {index:4;}">
                <Coords points="626,2649 959,2680 1156,2640 1748,2658 1748,2600 1563,2566 1499,2603 1409,2569 882,2566 783,2609 626,2566"/>
                <Baseline points="644,2641 680,2641 725,2641 770,2641 814,2641 859,2641 904,2638 949,2635 994,2635 1038,2635 1083,2635 1128,2635 1173,2638 1217,2638 1262,2632 1307,2638 1352,2638 1396,2638 1441,2635 1486,2638 1531,2644 1576,2641 1620,2644 1665,2641 1710,2635 1755,2632"/>
                <TextEquiv>
                    <Unicode>baldverringerte, jau</Unicode>
                </TextEquiv>
            </TextLine>
            <TextLine id="tr_1_tl_6" custom="readingOrder {index:5;}">
                <Coords points="626,2782 2828,2748 2889,2643 626,2649"/>
                <Baseline points="644,2725 656,2725 701,2725 746,2728 791,2725 835,2725 880,2725 925,2722 970,2722 1014,2719 1059,2722 1104,2722 1149,2722 1193,2722 1238,2719 1283,2719 1328,2716 1373,2716 1417,2713 1462,2716 1507,2719 1552,2719 1596,2719 1641,2716 1686,2713 1731,2716 1776,2716 1820,2716 1865,2713 1910,2713 1955,2713 1999,2713 2044,2713 2089,2713 2134,2713 2179,2713 2223,2713 2268,2710 2313,2710 2358,2710 2402,2710 2447,2710 2492,2710 2537,2710 2582,2710 2626,2710 2671,2707 2716,2707 2761,2704 2805,2704 2850,2701 2895,2704"/>
                <TextEquiv>
                    <Unicode>drängt und allmähtig verlor sich auch seine</Unicode>
                </TextEquiv>
            </TextLine>
            <TextLine id="tr_1_tl_7" custom="readingOrder {index:6;}">
                <Coords points="274,2834 293,2834 342,2791 358,2803 376,2791 404,2815 441,2800 475,2815 512,2806 524,2819 558,2819 555,2683 524,2677 500,2692 466,2686 456,2695 410,2671 379,2683 330,2643 271,2671"/>
                <Baseline points="289,2755 334,2755 379,2755 423,2755 468,2752 513,2755 558,2761 564,2764"/>
                <TextEquiv>
                    <Unicode>Grünken</Unicode>
                </TextEquiv>
            </TextLine>
            <TextLine id="tr_1_tl_8" custom="readingOrder {index:7;}">
                <Coords points="620,2926 2812,2923 3037,2862 3037,2775 620,2791"/>
                <Baseline points="638,2880 671,2877 716,2877 761,2874 805,2871 850,2871 895,2868 940,2865 985,2865 1029,2868 1074,2865 1119,2865 1164,2865 1208,2865 1253,2865 1298,2865 1343,2862 1388,2862 1432,2862 1477,2865 1522,2865 1567,2865 1611,2862 1656,2862 1701,2862 1746,2862 1790,2862 1835,2862 1880,2862 1925,2859 1970,2859 2014,2859 2059,2859 2104,2859 2149,2859 2193,2859 2238,2859 2283,2856 2328,2856 2373,2856 2417,2850 2462,2853 2507,2853 2552,2856 2596,2853 2641,2853 2686,2856 2731,2853 2776,2853 2820,2850 2865,2850 2910,2850 2955,2850 2999,2850 3044,2847"/>
                <TextEquiv>
                    <Unicode>Klientel. Infolge dieser Umstände verdüsterte</Unicode>
                </TextEquiv>
            </TextLine>
            <TextLine id="tr_1_tl_9" custom="readingOrder {index:8;}">
                <Coords points="614,3025 922,3093 2094,3025 2763,3084 2908,3031 2911,2911 617,2926"/>
                <Baseline points="632,3023 674,3017 719,3020 764,3020 808,3020 853,3023 898,3020 943,3020 988,3017 1032,3017 1077,3017 1122,3017 1167,3017 1211,3017 1256,3017 1301,3017 1346,3017 1391,3017 1435,3017 1480,3014 1525,3014 1570,3014 1614,3014 1659,3014 1704,3011 1749,3014 1793,3014 1838,3011 1883,3014 1928,3011 1973,3011 2017,3011 2062,3011 2107,3008 2152,3008 2196,3008 2241,3011 2286,3011 2331,3008 2376,3008 2420,3008 2465,3008 2510,3008 2555,3008 2599,3005 2644,3005 2689,3002 2734,3005 2779,3005 2823,3005 2868,3005 2913,2999"/>
                <TextEquiv>
                    <Unicode>sich seine Seele immer mehr und bald traten</Unicode>
                </TextEquiv>
            </TextLine>
            <TextLine id="tr_1_tl_10" custom="readingOrder {index:9;}">
                <Coords points="623,3232 3016,3213 3016,3096 2834,3065 623,3087"/>
                <Baseline points="641,3179 650,3179 695,3179 740,3179 785,3179 829,3176 874,3176 919,3176 964,3173 1008,3173 1053,3176 1098,3173 1143,3173 1188,3173 1232,3176 1277,3173 1322,3176 1367,3173 1411,3173 1456,3173 1501,3170 1546,3173 1591,3173 1635,3173 1680,3170 1725,3170 1770,3170 1814,3170 1859,3167 1904,3167 1949,3170 1993,3170 2038,3170 2083,3167 2128,3167 2173,3170 2217,3167 2262,3167 2307,3167 2352,3167 2396,3167 2441,3167 2486,3167 2531,3164 2576,3164 2620,3161 2665,3161 2710,3164 2755,3164 2799,3167 2844,3161 2889,3161 2934,3158 2979,3158 3023,3155"/>
                <TextEquiv>
                    <Unicode>auch die ersten Anzeichen einer geistigen Ver-</Unicode>
                </TextEquiv>
            </TextLine>
            <TextLine id="tr_1_tl_11" custom="readingOrder {index:10;}">
                <Coords points="669,3361 2936,3395 2936,3232 2849,3213 2634,3272 2294,3198 669,3235"/>
                <Baseline points="686,3334 704,3331 749,3328 794,3328 838,3325 883,3325 928,3328 973,3328 1017,3328 1062,3325 1107,3328 1152,3331 1196,3331 1241,3331 1286,3331 1331,3331 1376,3331 1420,3328 1465,3328 1510,3328 1555,3328 1599,3325 1644,3325 1689,3325 1734,3325 1779,3325 1823,3322 1868,3322 1913,3319 1958,3319 2002,3319 2047,3322 2092,3319 2137,3322 2182,3319 2226,3319 2271,3316 2316,3319 2361,3319 2405,3319 2450,3319 2495,3319 2540,3319 2585,3319 2629,3319 2674,3319 2719,3319 2764,3316 2808,3316 2853,3316 2898,3316 2943,3313"/>
                <TextEquiv>
                    <Unicode>störung ein. Heinrichselbst hatte schon als</Unicode>
                </TextEquiv>
            </TextLine>
            <TextLine id="tr_1_tl_12" custom="readingOrder {index:11;}">
                <Coords points="614,3525 2738,3552 2994,3494 2997,3392 2331,3361 1705,3448 617,3349"/>
                <Baseline points="632,3486 677,3489 722,3486 767,3486 811,3486 856,3483 901,3483 946,3483 991,3483 1035,3483 1080,3483 1125,3480 1170,3483 1214,3483 1259,3483 1304,3480 1349,3480 1393,3483 1438,3483 1483,3483 1528,3480 1573,3480 1617,3480 1662,3480 1707,3477 1752,3474 1796,3477 1841,3474 1886,3477 1931,3477 1976,3477 2020,3477 2065,3477 2110,3477 2155,3477 2199,3477 2244,3477 2289,3474 2334,3474 2379,3474 2423,3477 2468,3474 2513,3471 2558,3474 2602,3471 2647,3474 2692,3474 2737,3474 2782,3471 2826,3474 2871,3471 2916,3471 2961,3468 3005,3471"/>
                <TextEquiv>
                    <Unicode>Achtzehnjähriger dem Vater dessen politisches</Unicode>
                </TextEquiv>
            </TextLine>
            <TextLine id="tr_1_tl_13" custom="readingOrder {index:12;}">
                <Coords points="614,3688 2954,3685 2954,3565 2825,3540 614,3528"/>
                <Baseline points="632,3644 674,3641 719,3641 764,3644 808,3641 853,3641 898,3638 943,3641 988,3638 1032,3638 1077,3638 1122,3638 1167,3638 1211,3638 1256,3635 1301,3638 1346,3638 1391,3638 1435,3638 1480,3638 1525,3638 1570,3641 1614,3638 1659,3641 1704,3638 1749,3638 1793,3635 1838,3632 1883,3635 1928,3632 1973,3632 2017,3632 2062,3632 2107,3629 2152,3629 2196,3629 2241,3629 2286,3629 2331,3629 2376,3629 2420,3626 2465,3626 2510,3626 2555,3626 2599,3626 2644,3623 2689,3626 2734,3626 2779,3626 2823,3626 2868,3623 2913,3623 2958,3623"/>
                <TextEquiv>
                    <Unicode>Schioksal vorausgesagt, denn mit frühsehenden</Unicode>
                </TextEquiv>
            </TextLine>
            <TextLine id="tr_1_tl_14" custom="readingOrder {index:13;}">
                <Coords points="611,3839 2748,3858 3022,3784 3025,3697 614,3688"/>
                <Baseline points="629,3799 656,3799 701,3799 746,3796 791,3796 835,3793 880,3793 925,3793 970,3790 1014,3790 1059,3790 1104,3790 1149,3790 1193,3790 1238,3790 1283,3790 1328,3790 1373,3790 1417,3790 1462,3790 1507,3793 1552,3790 1596,3790 1641,3790 1686,3793 1731,3790 1776,3787 1820,3787 1865,3787 1910,3784 1955,3784 1999,3784 2044,3784 2089,3784 2134,3784 2179,3784 2223,3784 2268,3784 2313,3784 2358,3784 2402,3784 2447,3784 2492,3781 2537,3784 2582,3784 2626,3781 2671,3781 2716,3781 2761,3781 2805,3781 2850,3781 2895,3779 2940,3779 2984,3776 3029,3779"/>
                <TextEquiv>
                    <Unicode>Augen erkannte er die Feinde in des Vaters ei-</Unicode>
                </TextEquiv>
            </TextLine>
            <TextLine id="tr_1_tl_15" custom="readingOrder {index:14;}">
                <Coords points="632,3997 2695,3944 3102,4021 3105,3855 635,3876"/>
                <Baseline points="648,3960 692,3955 737,3955 782,3955 826,3955 871,3955 916,3952 961,3949 1005,3949 1050,3946 1095,3946 1140,3949 1185,3946 1229,3949 1274,3949 1319,3949 1364,3946 1408,3946 1453,3946 1498,3946 1543,3946 1588,3946 1632,3946 1677,3946 1722,3949 1767,3949 1811,3946 1856,3946 1901,3943 1946,3943 1990,3940 2035,3940 2080,3940 2125,3940 2170,3940 2214,3940 2259,3940 2304,3940 2349,3940 2393,3940 2438,3940 2483,3940 2528,3940 2573,3937 2617,3937 2662,3937 2707,3940 2752,3937 2796,3937 2841,3937 2886,3937 2931,3937 2976,3937 3020,3937 3065,3937 3110,3940"/>
                <TextEquiv>
                    <Unicode>gener Reihe. Dazu kam,dass ihm die hochtönenden</Unicode>
                </TextEquiv>
            </TextLine>
        </TextRegion>
    </Page>
</PcGts>
