3352 4104
1072 654 3077 851 Ich sehs ja n mir wie unglaublich stimmungs
1036 836 2492 992 verbessernd das Arbeiten wirkit
2064 928 2938 1118 nem Schrebtisch ge
1092 959 2015 1164 Nürnberger war zu sei.
2243 1064 3025 1249 ohne ein Wort zu
1056 1102 2097 1310 treten und nun öffnete
1054 1231 3033 1433 reden alle Laden. Dann sprach er: "Sehe Si
1077 1400 2215 1613 einmal da hinein, Georg."
1123 1525 2982 1748 "Was ist das? Wie Manuscripte? Lauter Ma
1082 1723 2054 1889 nuskripte, von Ihnen?“
1118 1838 2977 2030 Ja lieber Georg, ich brauche wohl nicht
1105 1933 3077 2179 erst zu bemerken, dass ich Ihnen das nicht
1120 2113 2984 2325 zeige um mich vor Ihnen zu rechtfertigen
1125 2259 3046 2482 sondern nur um Ihnen zubeweisen, dass Sie
1154 2420 3156 2633 sich irren. Sie haben nur gewusst, dass ich
1138 2553 3202 2794 seit geraumer Zeit nichts veröffentliche und
1151 2692 3079 2930 der allerdings naheliegende Schluss, dass
1167 2833 2953 3082 ich nichts arbeite ist schon falsch ge
1177 3056 1495 3230 wesen.“
1202 3146 3220 3364 Ja zum Kukuk warum geben Sie nichts heraus:
1254 3307 2577 3525 "Mit grösserm Recht können Sie
1210 3464 3035 3641 1 icht fragen, warum verbrennen Sie das
