3528 4184
1206 715 3024 930 haben ja die Rassen Antipathien nie be
1183 898 2174 1103 sondere Kraft gehabt/
1218 1046 2914 1236 “Es gibt doch Leute“, sagte Breitner,
1241 1158 3089 1401 die darin konsequenter denken. Ich kenne
1198 1313 3212 1543 zum Beispiel (jemanden), einen Herren jüdisch
1216 1451 3179 1696 Abstammung, s/ine Mutter ist eine Christin
1258 1616 3024 1851 der selbst ein so überzeugter Atisemit
1206 1761 2986 1968 ist, dass er/mir Einmal geschwren hat,
1231 1881 3037 2151 er würde niemals heiraten, weil ihm der
1228 2056 2926 2261 Gedanke unerträglich sei diese Rasse
1968 2261 2049 2404 "
1238 2226 1981 2434 fort zupflanzen.
1293 2296 3014 2561 Eine wahre Geschichte,“ fragte Georg,
1288 2466 3139 2719 "Ja" sagte Breitner, "ich bin doch kein
1293 2694 1731 2854 Dichter.“
1286 2751 3177 2974 Das ist doch eingetlich eine Ungeheuer-
1276 2909 3057 3152 lichkeit “) sagte Willy, „und die Sache
1293 3064 3112 3267 ist eigentlich charakteristisch für die
1288 3197 3114 3459 vollkommen einzige mit gar nichts zu ver-
2574 3352 3137 3534 le Juden (eige
1338 3394 2276 3592 gleichende position,
1318 3519 3217 3677 lich unter den übrigen Menschen einnehmen
