3624 4280
1073 251 1549 405 est à l'autre
3057 508 3252 639 mea
1005 701 3290 990 der Freund oder die Fraumgar nicht von Juden ab
999 848 3228 1103 stammt, es ist doch geschehen! Und lesen Sie die
1005 1049 3358 1250 Bücher der klügsten Menschen, oder ihre Briefe und
1011 1188 3388 1410 beachten Sie die Stellen mit feindlichen oder tro-
1017 1327 3323 1567 nischen Aeusserungen gegen andre Leute, neunund —
1023 1499 3311 1721 neunzigmal tst der übelbehandelte Herr ein Indi-
1044 1653 3302 1868 viduum, ohne Berücksichtigung der Abstammung, im
1038 1824 3190 2013 hundertsten Fall, wo er Jude ist, vergisst der
1047 1981 3264 2202 Verfasser nicht diese Tatsache zu erwähnen, und
1049 2108 3385 2312 wenn er sie nicht ervähnt, so hat er sich höchstens
1055 2264 3175 2474 aus tgend einem Grund, aber jedenfalls mit
1061 2454 3166 2628 einer gewissen Willensanstrenung unterdrückt.
1064 2590 3228 2755 Und darum lieber Georg, bedauere ich mein Wort
1064 2770 3178 2959 vom Feindesland nicht zurücknehmen zu können.
1064 2909 3338 3101 Es gibt auch honnete Feinde, liebenswürdige Hein
1073 3074 3296 3273 de, Feinde, die den besten Willen haben Freunde
1079 3213 3420 3406 zu sein, Felde, die wir verehren, Feinde, dte uns
1088 3400 3317 3565 lieben, es ist ein entzückendes Feindesland, in
1094 3542 3219 3731 dem ich von Geburt an wohn und ich möchte es
