3608 4248
2914 620 3093 736 631
992 713 3142 917 Was ihn abhielt einen festen Wohnort zu wählen
990 886 3197 1091 und ihn von einem Ort zum andern jagte war, wie
981 1050 3173 1215 Nürnberger erzählte, ein seltsames Oeuen davor,
995 1177 3249 1350 zu wissen, in welcher Gegend er einmal begraben
1007 1367 3251 1532 sein würde. Längst wäre bei dieser Lebensführung
975 1526 3298 1679 ein kleines Vermögen aufgezehrt gewesen, wenn ihn
995 1653 3159 1818 nicht schon zuetmal ein von ihm allerdings mit
998 1789 3194 1968 Sicherheit erwarteter Zufall gerettet hätte. Er
1021 1962 3214 2146 spielte nämlich in der Lotterie in den verschte
1018 2112 3104 2302 dendsten Städten, nach einem geheimnisvollen,
1018 2262 3214 2415 von ihm erfundenen System! vor sieben Jahren in
1004 2421 3023 2571 Madrind, vor drei Jahren in Krakau hatte er
1016 2545 3312 2755 ziemlich nahmhafte Gewinnste gemacht, die ihm die
1016 2747 2830 2888 Fortsetzung seiner Reisen ermöglichten.
1016 2873 3223 3067 Wenn Nürnberger über diese beiden Brüder und iI
1024 3018 3303 3197 ber die Hoffnungslosigkeit ihrer Existenz sprach,
1030 3162 3217 3338 so war es Georg manchmal, als hörte er ihn über
1024 3315 3249 3520 Verstorbene reden, so völlig schien jede Mög —
1016 3476 3208 3681 lichkeit einer zukünftigen, dauernden Vereini -
1016 3652 3223 3814 gung mit ihnen aufgehoben zu sein. Doch in ganz
1041 3750 3205 3964 anderer Weise, fast wie von Jemandem, der noch
