3576 4264
1248 629 1857 809 im tat separat
2962 715 3147 860 545
1202 781 3168 1047 Beteiligt) Aber wie ein Klakeur. und hin-
1192 961 3125 1144 ter ihr in der Löge zum Sehluss sind zwei
1179 1121 3084 1291 Hoflakaien gestanden, die ihr den Mantel
1190 1258 3076 1443 umgehängt haben, und wie sie damit fertig
1187 1385 3044 1598 waren haben sie auch zu apphaudieren an-
1177 1562 3016 1735 gefangen. Aber bitt sehön nicht laehen.
1190 1702 3107 1943 es ist die pure Wahrheit. (Ja es ist schon
1177 1862 2721 2019 ein Narrenhaus unser Oesterreich.
1220 1976 1778 2105 a dien en puis
2394 1976 3153 2103 twblich aber entscheid
1032 1968 1182 2115 Ge.
1187 2014 3180 2245 Hiegagan wandte sich Wilt und die Unterhal-
1159 2168 3089 2397 tung am Tisch wurde lebendiger und allge-
1162 2290 3147 2529 meiner. Vom Konzert kamen sie auf die Oper
1169 2445 2998 2612 auf eine russische Sängerin, die in der
1157 2592 3087 2836 letzten Zeit gastiert hatte, dann auf die
1149 2729 2993 2912 Zustände in Russland, auf den Kaukasuns-
1151 2874 3094 3109 auf Reiseabenteuer, von da aus auf die Pa
1151 3023 3069 3224 lästinafahrt des Hausherrn, auf Seekrank-
1141 3175 3170 3381 heit auf Badeorte am Meer, auf die Riviera
1101 3328 2901 3614 (Aüßr seite aufgeheilen schafft Unterhaltungen 16###en
1098 3558 3000 3721 sieh da und dort Einzelgespräche ab, von
1103 3690 3137 3891 denen einige wieder ins Allgemeine mindeten
