<?xml version="1.0" encoding="UTF-8" standalone="yes"?>
<PcGts xmlns="http://schema.primaresearch.org/PAGE/gts/pagecontent/2013-07-15" xmlns:xsi="http://www.w3.org/2001/XMLSchema-instance" xsi:schemaLocation="http://schema.primaresearch.org/PAGE/gts/pagecontent/2013-07-15 http://schema.primaresearch.org/PAGE/gts/pagecontent/2013-07-15/pagecontent.xsd">
    <Metadata>
        <Creator>prov=READ-COOP:name=TrHtr:version=2.1.0:model_id=51170:date=30_07_2023_11:52</Creator>
        <Created>2023-05-10T14:00:07.969+02:00</Created>
        <LastChange>2023-07-30T11:52:05.970+02:00</LastChange>
        <TranskribusMetadata docId="1428601" pageId="55416361" pageNr="138" tsid="131502577" status="IN_PROGRESS" userId="64420" imgUrl="https://files.transkribus.eu/Get?id=QBPEIMMGHBGLCPIERDZLYNAJ&amp;fileType=view" xmlUrl="https://files.transkribus.eu/Get?id=EASTOYJWVUHTYLGNOCCTESLU" imageId="44690466"/>
    </Metadata>
    <Page imageFilename="1428601_0138.jpg" imageWidth="3400" imageHeight="4120">
        <ReadingOrder>
            <OrderedGroup id="ro_1711789400474" caption="Regions reading order">
                <RegionRefIndexed index="0" regionRef="tr_1"/>
                <RegionRefIndexed index="1" regionRef="tr_2"/>
            </OrderedGroup>
        </ReadingOrder>
        <TextRegion id="tr_1" custom="readingOrder {index:0;}">
            <Coords points="928,430 3137,430 3137,1744 928,1744"/>
            <TextLine id="tr_1_tl_1" custom="readingOrder {index:0;}">
                <Coords points="2772,521 2805,523 2832,507 2840,515 2857,512 2873,526 2898,504 2934,507 2940,314 2901,311 2838,339 2777,328"/>
                <Baseline points="2788,486 2806,486 2851,483 2895,483 2940,480"/>
                <TextEquiv>
                    <Unicode>882</Unicode>
                </TextEquiv>
            </TextLine>
            <TextLine id="tr_1_tl_2" custom="readingOrder {index:1;}">
                <Coords points="923,703 2237,738 2471,653 3030,736 3033,565 2791,521 2267,595 2033,598 1849,507 1430,590 926,576"/>
                <Baseline points="940,668 979,662 1024,665 1068,668 1113,665 1158,665 1203,662 1247,662 1292,662 1337,665 1382,665 1427,665 1471,659 1516,659 1561,659 1606,659 1650,656 1695,656 1740,656 1785,656 1830,656 1874,653 1919,650 1964,653 2009,653 2054,650 2098,650 2143,653 2188,656 2233,656 2277,653 2322,650 2367,650 2412,650 2457,647 2501,647 2546,647 2591,644 2636,644 2680,644 2725,644 2770,641 2815,638 2860,638 2904,638 2949,635 2994,635 3039,635"/>
                <TextEquiv>
                    <Unicode>Verhältnis zur Welt ändern, wenn Ihnen nichts</Unicode>
                </TextEquiv>
            </TextLine>
            <TextLine id="tr_1_tl_3" custom="readingOrder {index:2;}">
                <Coords points="926,890 2926,873 3017,862 3019,714 2620,733 2438,664 2221,738 928,749"/>
                <Baseline points="940,824 964,821 1009,821 1053,821 1098,821 1143,824 1188,824 1233,821 1277,824 1322,824 1367,821 1412,821 1456,818 1501,818 1546,818 1591,818 1636,815 1680,815 1725,815 1770,815 1815,812 1859,812 1904,809 1949,809 1994,809 2039,809 2083,809 2128,809 2173,809 2218,809 2263,809 2307,809 2352,803 2397,803 2442,803 2486,803 2531,806 2576,803 2621,800 2666,800 2710,800 2755,797 2800,797 2845,797 2889,794 2934,794 2979,791 3024,791"/>
                <TextEquiv>
                    <Unicode>Grosses gelingen sollte. Die Atmosphäre Ihrer</Unicode>
                </TextEquiv>
            </TextLine>
            <TextLine id="tr_1_tl_4" custom="readingOrder {index:3;}">
                <Coords points="912,1030 1237,1077 2813,1017 2951,981 2953,873 1397,934 912,887"/>
                <Baseline points="928,976 943,976 988,973 1032,976 1077,976 1122,973 1167,976 1212,976 1256,973 1301,973 1346,973 1391,973 1436,970 1480,967 1525,970 1570,967 1615,967 1659,967 1704,970 1749,967 1794,964 1839,964 1883,964 1928,964 1973,961 2018,961 2062,958 2107,961 2152,958 2197,961 2242,958 2286,961 2331,961 2376,958 2421,955 2466,952 2510,952 2555,952 2600,955 2645,952 2689,949 2734,952 2779,952 2824,952 2869,949 2913,949 2958,949"/>
                <TextEquiv>
                    <Unicode>Kunst ist an und für sich ein Glück für Sie.</Unicode>
                </TextEquiv>
            </TextLine>
            <TextLine id="tr_1_tl_5" custom="readingOrder {index:4;}">
                <Coords points="912,1168 2703,1124 3008,1190 3047,1000 2105,1072 912,1028"/>
                <Baseline points="928,1125 946,1125 991,1125 1035,1125 1080,1128 1125,1128 1170,1128 1215,1128 1259,1125 1304,1125 1349,1128 1394,1125 1439,1125 1483,1125 1528,1125 1573,1125 1618,1125 1662,1125 1707,1125 1752,1128 1797,1125 1842,1122 1886,1119 1931,1119 1976,1116 2021,1116 2065,1116 2110,1113 2155,1110 2200,1113 2245,1110 2289,1113 2334,1110 2379,1110 2424,1107 2469,1107 2513,1107 2558,1107 2603,1107 2648,1107 2692,1104 2737,1104 2782,1104 2827,1101 2872,1101 2916,1101 2961,1101 3006,1101 3051,1098"/>
                <TextEquiv>
                    <Unicode>Für mich ist sie, sobald ich mich nicht im Be</Unicode>
                </TextEquiv>
            </TextLine>
            <TextLine id="tr_1_tl_6" custom="readingOrder {index:5;}">
                <Coords points="931,1325 2876,1342 3055,1320 3058,1179 931,1209"/>
                <Baseline points="946,1283 958,1280 1003,1280 1047,1283 1092,1280 1137,1283 1182,1280 1227,1277 1271,1277 1316,1277 1361,1277 1406,1274 1450,1274 1495,1271 1540,1271 1585,1274 1630,1274 1674,1274 1719,1274 1764,1274 1809,1271 1854,1268 1898,1268 1943,1271 1988,1268 2033,1271 2077,1268 2122,1268 2167,1268 2212,1265 2257,1265 2301,1265 2346,1265 2391,1265 2436,1265 2480,1262 2525,1262 2570,1262 2615,1259 2660,1259 2704,1259 2749,1256 2794,1253 2839,1256 2884,1256 2928,1256 2973,1256 3018,1256 3063,1256"/>
                <TextEquiv>
                    <Unicode>sitz meiner Schaffenskraftfühle, etwas vergif</Unicode>
                </TextEquiv>
            </TextLine>
            <TextLine id="tr_1_tl_7" custom="readingOrder {index:6;}">
                <Coords points="928,1471 2273,1515 2854,1433 2973,1524 3130,1501 3132,1298 928,1378"/>
                <Baseline points="943,1433 988,1430 1032,1430 1077,1430 1122,1430 1167,1430 1212,1430 1256,1427 1301,1424 1346,1421 1391,1421 1436,1421 1480,1418 1525,1418 1570,1418 1615,1418 1659,1418 1704,1418 1749,1415 1794,1415 1839,1415 1883,1412 1928,1409 1973,1409 2018,1412 2062,1409 2107,1409 2152,1409 2197,1406 2242,1406 2286,1409 2331,1412 2376,1406 2421,1406 2466,1406 2510,1406 2555,1406 2600,1403 2645,1400 2689,1403 2734,1406 2779,1400 2824,1397 2869,1397 2913,1397 2958,1397 3003,1394 3048,1391 3092,1391 3137,1388"/>
                <TextEquiv>
                    <Unicode>tetes. Ich bin ein Verdammter, dem das Verdammt</Unicode>
                </TextEquiv>
            </TextLine>
            <TextLine id="tr_1_tl_8" custom="readingOrder {index:7;}">
                <Coords points="934,1631 1394,1681 1507,1631 2783,1636 2835,1485 934,1535"/>
                <Baseline points="949,1588 955,1585 1000,1582 1044,1585 1089,1582 1134,1582 1179,1585 1224,1585 1268,1582 1313,1582 1358,1579 1403,1579 1447,1579 1492,1576 1537,1576 1582,1573 1627,1573 1671,1576 1716,1573 1761,1573 1806,1573 1851,1573 1895,1570 1940,1570 1985,1570 2030,1570 2074,1570 2119,1573 2164,1573 2209,1573 2254,1570 2298,1570 2343,1570 2388,1567 2433,1570 2477,1570 2522,1564 2567,1561 2612,1561 2657,1564 2701,1561 2746,1561 2791,1552 2836,1543"/>
                <TextEquiv>
                    <Unicode>sein in manchen Stunden Seligkeit wird. "</Unicode>
                </TextEquiv>
            </TextLine>
            <TextLine id="tr_1_tl_9" custom="readingOrder {index:8;}">
                <Coords points="926,1760 1127,1829 2970,1805 3006,1625 926,1675"/>
                <Baseline points="940,1731 946,1731 991,1731 1035,1731 1080,1734 1125,1734 1170,1734 1215,1734 1259,1734 1304,1734 1349,1734 1394,1731 1439,1728 1483,1725 1528,1728 1573,1725 1618,1728 1662,1728 1707,1728 1752,1728 1797,1728 1842,1728 1886,1725 1931,1725 1976,1728 2021,1728 2065,1722 2110,1722 2155,1722 2200,1722 2245,1719 2289,1716 2334,1716 2379,1716 2424,1716 2469,1716 2513,1713 2558,1710 2603,1710 2648,1713 2692,1713 2737,1713 2782,1710 2827,1710 2872,1707 2916,1707 2961,1704 3006,1710"/>
                <TextEquiv>
                    <Unicode>Er redet gar viel, der gute Heinrich. In dem</Unicode>
                </TextEquiv>
            </TextLine>
        </TextRegion>
        <TextRegion id="tr_2" custom="readingOrder {index:1;}">
            <Coords points="313,1812 3146,1812 3146,3622 313,3622"/>
            <TextLine id="tr_2_tl_1" custom="readingOrder {index:0;}">
                <Coords points="931,1915 1165,1981 3127,1953 3127,1813 2860,1774 931,1846"/>
                <Baseline points="946,1892 985,1892 1030,1889 1074,1889 1119,1889 1164,1889 1209,1889 1253,1889 1298,1886 1343,1886 1388,1886 1433,1883 1477,1883 1522,1883 1567,1883 1612,1883 1656,1883 1701,1883 1746,1880 1791,1880 1836,1880 1880,1883 1925,1880 1970,1877 2015,1880 2060,1880 2104,1880 2149,1877 2194,1877 2239,1874 2283,1880 2328,1877 2373,1871 2418,1874 2463,1877 2507,1877 2552,1874 2597,1871 2642,1868 2686,1868 2731,1871 2776,1871 2821,1871 2866,1868 2910,1868 2955,1868 3000,1865 3045,1865 3090,1862 3134,1865"/>
                <TextEquiv>
                    <Unicode>alten Forsthaus am Almsee war es. In dem Riesen</Unicode>
                </TextEquiv>
            </TextLine>
            <TextLine id="tr_2_tl_2" custom="readingOrder {index:1;}">
                <Coords points="937,2113 2926,2119 3019,2086 3022,1956 939,1989"/>
                <Baseline points="952,2045 970,2042 1015,2042 1059,2042 1104,2042 1149,2045 1194,2045 1238,2042 1283,2039 1328,2039 1373,2036 1418,2036 1462,2036 1507,2036 1552,2036 1597,2033 1642,2033 1686,2033 1731,2033 1776,2033 1821,2030 1865,2033 1910,2033 1955,2033 2000,2030 2045,2027 2089,2027 2134,2027 2179,2024 2224,2024 2268,2021 2313,2024 2358,2024 2403,2024 2448,2024 2492,2024 2537,2021 2582,2021 2627,2018 2672,2018 2716,2018 2761,2018 2806,2015 2851,2015 2895,2015 2940,2012 2985,2009 3030,2006"/>
                <TextEquiv>
                    <Unicode>saal, wo wir geschlafen haben. Eigentlich war</Unicode>
                </TextEquiv>
            </TextLine>
            <TextLine id="tr_2_tl_3" custom="readingOrder {index:2;}">
                <Coords points="937,2198 2072,2185 2289,2262 3075,2287 3094,2102 937,2138"/>
                <Baseline points="952,2194 994,2194 1038,2194 1083,2194 1128,2194 1173,2194 1218,2194 1262,2194 1307,2191 1352,2194 1397,2191 1442,2191 1486,2191 1531,2188 1576,2185 1621,2185 1665,2182 1710,2182 1755,2182 1800,2182 1845,2182 1889,2182 1934,2182 1979,2182 2024,2182 2068,2182 2113,2179 2158,2182 2203,2179 2248,2176 2292,2176 2337,2179 2382,2179 2427,2179 2472,2179 2516,2179 2561,2176 2606,2176 2651,2176 2695,2173 2740,2173 2785,2176 2830,2176 2875,2173 2919,2173 2964,2170 3009,2167 3054,2164 3098,2164"/>
                <TextEquiv>
                    <Unicode>es eine Jagdschlössel. Der lustige Jägerbrusch</Unicode>
                </TextEquiv>
            </TextLine>
            <TextLine id="tr_2_tl_4" custom="readingOrder {index:3;}">
                <Coords points="937,2361 1229,2455 3042,2416 3042,2262 2265,2300 2058,2185 1827,2270 937,2303"/>
                <Baseline points="952,2352 988,2352 1032,2352 1077,2352 1122,2352 1167,2352 1212,2352 1256,2355 1301,2352 1346,2352 1391,2352 1436,2349 1480,2349 1525,2349 1570,2346 1615,2346 1659,2346 1704,2346 1749,2346 1794,2343 1839,2343 1883,2343 1928,2343 1973,2340 2018,2340 2062,2343 2107,2343 2152,2343 2197,2340 2242,2340 2286,2340 2331,2337 2376,2337 2421,2337 2466,2337 2510,2337 2555,2334 2600,2334 2645,2334 2689,2334 2734,2334 2779,2334 2824,2337 2869,2334 2913,2331 2958,2334 3003,2328 3048,2322"/>
                <TextEquiv>
                    <Unicode>unten in der Wirtsstube der die Liedeln ge-</Unicode>
                </TextEquiv>
            </TextLine>
            <TextLine id="tr_2_tl_5" custom="readingOrder {index:4;}">
                <Coords points="937,2526 1168,2598 2681,2529 2964,2581 3138,2557 3141,2422 939,2430"/>
                <Baseline points="952,2507 997,2504 1041,2504 1086,2507 1131,2507 1176,2507 1221,2504 1265,2504 1310,2501 1355,2501 1400,2501 1444,2501 1489,2501 1534,2501 1579,2498 1624,2495 1668,2495 1713,2495 1758,2498 1803,2498 1848,2495 1892,2492 1937,2492 1982,2492 2027,2489 2071,2492 2116,2489 2161,2492 2206,2489 2251,2489 2295,2489 2340,2489 2385,2489 2430,2489 2474,2489 2519,2486 2564,2486 2609,2486 2654,2486 2698,2483 2743,2483 2788,2483 2833,2483 2878,2483 2922,2483 2967,2483 3012,2480 3057,2483 3101,2486 3146,2492"/>
                <TextEquiv>
                    <Unicode>sungen hat. Ein Jägerbrusch von neununddreissig</Unicode>
                </TextEquiv>
            </TextLine>
            <TextLine id="tr_2_tl_6" custom="readingOrder {index:5;}">
                <Coords points="928,2675 1479,2777 2210,2703 2953,2741 3135,2705 3138,2559 931,2620"/>
                <Baseline points="943,2657 952,2657 997,2657 1041,2657 1086,2660 1131,2660 1176,2660 1221,2660 1265,2660 1310,2660 1355,2657 1400,2657 1444,2654 1489,2654 1534,2654 1579,2654 1624,2660 1668,2654 1713,2654 1758,2654 1803,2651 1848,2651 1892,2648 1937,2648 1982,2648 2027,2648 2071,2648 2116,2648 2161,2645 2206,2648 2251,2645 2295,2642 2340,2645 2385,2645 2430,2645 2474,2645 2519,2642 2564,2642 2609,2639 2654,2639 2698,2639 2743,2636 2788,2636 2833,2639 2878,2639 2922,2639 2967,2639 3012,2642 3057,2645 3101,2642 3146,2648"/>
                <TextEquiv>
                    <Unicode>Jahren. Ob wir in dem Alter auch noch so lustig</Unicode>
                </TextEquiv>
            </TextLine>
            <TextLine id="tr_2_tl_7" custom="readingOrder {index:6;}">
                <Coords points="295,2832 460,2827 521,2794 601,2813 653,2788 689,2807 733,2774 777,2788 782,2659 725,2672 686,2634 628,2623 592,2645 515,2634 438,2584 386,2581 342,2614 306,2603"/>
                <Baseline points="313,2794 337,2791 382,2785 426,2785 471,2782 516,2779 561,2779 606,2779 650,2779 695,2776 740,2770 785,2761"/>
                <TextEquiv>
                    <Unicode>+ het Heinrich</Unicode>
                </TextEquiv>
            </TextLine>
            <TextLine id="tr_2_tl_8" custom="readingOrder {index:7;}">
                <Coords points="937,2873 2736,2896 2937,2876 2940,2730 939,2766"/>
                <Baseline points="952,2827 976,2821 1021,2821 1065,2821 1110,2821 1155,2821 1200,2818 1244,2815 1289,2818 1334,2815 1379,2815 1424,2815 1468,2812 1513,2815 1558,2812 1603,2812 1648,2812 1692,2815 1737,2812 1782,2812 1827,2809 1871,2812 1916,2809 1961,2806 2006,2806 2051,2809 2095,2809 2140,2809 2185,2806 2230,2806 2274,2803 2319,2806 2364,2806 2409,2809 2454,2806 2498,2803 2543,2803 2588,2803 2633,2803 2678,2800 2722,2800 2767,2800 2812,2800 2857,2803 2901,2806 2946,2809"/>
                <TextEquiv>
                    <Unicode>sein werden. So nett wie in den paar Tagen</Unicode>
                </TextEquiv>
            </TextLine>
            <TextLine id="tr_2_tl_9" custom="readingOrder {index:8;}">
                <Coords points="402,2934 501,2981 609,2940 650,2956 686,2945 741,2970 760,2780 606,2818 587,2799 565,2813 523,2791 471,2824 413,2827"/>
                <Baseline points="423,2889 447,2889 492,2886 537,2886 582,2881 626,2875 671,2869 716,2860 761,2857"/>
                <TextEquiv>
                    <Unicode>gefragt.</Unicode>
                </TextEquiv>
            </TextLine>
            <TextLine id="tr_2_tl_10" custom="readingOrder {index:9;}">
                <Coords points="931,3039 2975,3047 3072,3014 3072,2873 931,2898"/>
                <Baseline points="946,2979 973,2976 1018,2976 1062,2979 1107,2976 1152,2979 1197,2976 1241,2976 1286,2976 1331,2973 1376,2973 1421,2970 1465,2970 1510,2967 1555,2970 1600,2970 1645,2970 1689,2967 1734,2967 1779,2967 1824,2967 1868,2967 1913,2967 1958,2967 2003,2964 2048,2967 2092,2964 2137,2967 2182,2967 2227,2964 2271,2964 2316,2964 2361,2964 2406,2964 2451,2967 2495,2964 2540,2964 2585,2964 2630,2958 2675,2958 2719,2958 2764,2958 2809,2961 2854,2961 2898,2961 2943,2961 2988,2958 3033,2955 3078,2952"/>
                <TextEquiv>
                    <Unicode>hab ich den Heinrich Hermann nie gefunden. Im</Unicode>
                </TextEquiv>
            </TextLine>
            <TextLine id="tr_2_tl_11" custom="readingOrder {index:10;}">
                <Coords points="928,3190 2683,3218 3008,3182 3011,3036 928,3055"/>
                <Baseline points="943,3134 955,3131 1000,3131 1044,3131 1089,3131 1134,3131 1179,3131 1224,3131 1268,3134 1313,3134 1358,3134 1403,3131 1447,3128 1492,3128 1537,3125 1582,3125 1627,3125 1671,3128 1716,3128 1761,3125 1806,3125 1851,3119 1895,3122 1940,3125 1985,3119 2030,3116 2074,3119 2119,3122 2164,3122 2209,3122 2254,3119 2298,3119 2343,3119 2388,3125 2433,3119 2477,3116 2522,3116 2567,3116 2612,3116 2657,3113 2701,3113 2746,3113 2791,3113 2836,3110 2881,3113 2925,3110 2970,3110 3015,3113"/>
                <TextEquiv>
                    <Unicode>Freien, in der Natur sind doch die meisten</Unicode>
                </TextEquiv>
            </TextLine>
            <TextLine id="tr_2_tl_12" custom="readingOrder {index:11;}">
                <Coords points="926,3325 1105,3383 3019,3356 3061,3188 2198,3240 928,3188"/>
                <Baseline points="940,3290 961,3287 1006,3290 1050,3290 1095,3290 1140,3290 1185,3290 1230,3290 1274,3287 1319,3287 1364,3287 1409,3281 1453,3281 1498,3281 1543,3281 1588,3284 1633,3284 1677,3281 1722,3281 1767,3281 1812,3281 1856,3281 1901,3281 1946,3281 1991,3278 2036,3275 2080,3278 2125,3275 2170,3275 2215,3275 2260,3275 2304,3278 2349,3275 2394,3275 2439,3275 2483,3275 2528,3275 2573,3275 2618,3272 2663,3275 2707,3275 2752,3275 2797,3272 2842,3272 2886,3272 2931,3269 2976,3269 3021,3269 3066,3269"/>
                <TextEquiv>
                    <Unicode>Menschen erträglicher. Was er dazu sagen wird</Unicode>
                </TextEquiv>
            </TextLine>
            <TextLine id="tr_2_tl_13" custom="readingOrder {index:12;}">
                <Coords points="311,3345 559,3309 667,3339 700,3323 752,3334 763,3132 686,3160 617,3146 562,3190 410,3130 325,3135"/>
                <Baseline points="328,3301 355,3298 400,3296 444,3290 489,3287 534,3281 579,3281 623,3278 668,3275 713,3275 758,3284"/>
                <TextEquiv>
                    <Unicode>A. ledst of</Unicode>
                </TextEquiv>
            </TextLine>
            <TextLine id="tr_2_tl_14" custom="readingOrder {index:13;}">
                <Coords points="931,3474 1317,3532 3030,3496 3053,3347 934,3380"/>
                <Baseline points="949,3451 955,3451 1000,3445 1044,3445 1089,3445 1134,3445 1179,3445 1224,3445 1268,3442 1313,3442 1358,3442 1403,3442 1447,3439 1492,3439 1537,3439 1582,3439 1627,3436 1671,3436 1716,3439 1761,3439 1806,3439 1851,3439 1895,3439 1940,3436 1985,3436 2030,3436 2074,3436 2119,3436 2164,3436 2209,3436 2254,3436 2298,3433 2343,3433 2388,3433 2433,3433 2477,3430 2522,3430 2567,3430 2612,3430 2657,3433 2701,3430 2746,3427 2791,3427 2836,3427 2881,3427 2925,3424 2970,3424 3015,3424 3060,3430"/>
                <TextEquiv>
                    <Unicode>wenn ich ihn erzähle, dass ich seine Geliebte</Unicode>
                </TextEquiv>
            </TextLine>
            <TextLine id="tr_2_tl_15" custom="readingOrder {index:14;}">
                <Coords points="939,3628 2973,3606 3091,3590 3094,3477 939,3554"/>
                <Baseline points="955,3612 994,3606 1038,3603 1083,3603 1128,3603 1173,3603 1218,3600 1262,3597 1307,3594 1352,3594 1397,3591 1442,3594 1486,3591 1531,3591 1576,3588 1621,3588 1665,3591 1710,3591 1755,3591 1800,3591 1845,3588 1889,3588 1934,3585 1979,3591 2024,3591 2068,3588 2113,3588 2158,3591 2203,3591 2248,3588 2292,3588 2337,3588 2382,3588 2427,3585 2472,3585 2516,3585 2561,3585 2606,3585 2651,3582 2695,3582 2740,3582 2785,3582 2830,3582 2875,3582 2919,3585 2964,3582 3009,3579 3054,3579 3098,3582"/>
                <TextEquiv>
                    <Unicode>gesprochen habe. I Oder soil ich ihn lieber gar</Unicode>
                </TextEquiv>
            </TextLine>
        </TextRegion>
    </Page>
</PcGts>
