3352 4040
2272 549 2860 755 Oekonomie de
2118 468 2224 753 at
1572 446 1734 694 wt e
1051 513 1525 705 entwickelt
2032 675 3077 895 für den Verkehr mit der
867 669 1999 900 eigenen Seelenlebens und
872 833 3008 1076 Umwelt ausgenützt wird. Denn dass sich ein Ge¬
867 990 2840 1224 fühl von Fremdheit in sich selbst beruhigt
861 1140 3100 1383 liegt nun einmal nicht in der menschlichen Natur
856 1293 2896 1533 Mit Notwendigkeit entwickelt es sich weiter,
870 1463 3050 1686 setzt sich um zu Bewunderung, Hass, Verachtung,
856 1631 3075 1834 Neid. Hass und Verachtung gesteht man sich auch
864 1792 3061 1996 zuweilen ein, Bewunderung xxx selten, Neid bei
878 1915 3066 2116 nahe nie. Aber die Ausdrucks formen ungebildeter
875 2071 3041 2275 oder niederer Menschen für Verachtung und Hase
886 2230 2397 2445 sind Verleumdung und Brutalität-
892 2414 3083 2584 "Da müssen Sie doch auch zugestehen," erwiderte
895 2534 2997 2748 Georg, "dass dieses Gefühl xxx der Fremdheit
889 2684 3105 2868 sich auch bei den Juden nicht in sich selbst be
886 2824 2966 3058 ruhigt, und sich in der Richtung niederer Re
903 3019 2473 3208 gungen weiter zu entwickln pflegt.
906 3136 3089 3348 "So ist es auch. Nur geht diese Entwicklung betr.
909 3312 3019 3579 gedrückten Minoritäten selbstverständlich an
