3480 4280
2804 512 3010 673 J870
964 622 3061 880 ein Schaff? Und was ein Steuemann! Es bar
736 826 3136 1041 nicht eigentlich das Schiff, auf dem Aegidius seinem
961 999 3010 1233 Schicksal entgegenfuhr und der weisse Klost
982 1143 3001 1377 ### die Marmorhalle? Wie wundervoll var der
198 1134 946 1442 a Oder eine Kirche.
973 1281 3157 1532 Sternenhimmel! So tst er nur im Traum. So blau
982 1466 3106 1688 die Luft, so silbern die Sterne. Nicht einmal
994 1622 3142 1837 in der Nacht, in der ich mit Grace von Palermo
982 1778 2975 1969 nach Neapel gefahrn bin, war der Himmel so
988 1876 3181 2170 schön. Wie sonderbar! An Grace denk ich früher,
988 2062 3142 2283 als an Anna, mit der ich doch vor viel hürze -
991 2235 3103 2463 rer Zeit ganz denselben Weg gefahren bin. Was
997 2415 3052 2624 für ein seltsamer Kerl war der Franzose, der
979 2565 3097 2780 uns die Sternbildererklärt hat, als müsste er
985 2735 3118 2921 uns mit einander bekannt machen — die Kassio.
994 2867 3043 3037 peta, der Fretherr von Wergenthin. Wie bald
371 2735 919 3028 &mert wich sehr
982 3019 3133 3181 wirst Du mich vergessen haben," immer klingät,
985 3169 3106 3343 mir im Ohr. Ach hätte sie nur Recht. „Ich will
982 3337 3106 3528 mir ja alle Milhe geben, gnädige Frau, aber es
988 3471 3037 3687 wird mir nichts helfen fürchte ich. Ich hab
994 3651 2161 3845 ein zu gutes Gedächtnis.
