3528 4280
2500 477 2672 619 von 511
1163 666 2893 843 Frau, bei der sie wohnte, glaubte er,
1814 777 2162 908 hollischen
1215 829 1586 942 Zuweil
1190 824 2966 1023 ein mitleidiges Lächeln zu ent decken.
1184 960 3006 1181 Er wohnte einer Vorstellung bei, in der
1238 1127 2880 1321 sie die Anna in der "Ehre" spielte;
1211 1281 2957 1473 er nahm es ihr übel, dass sie das ver¬
1220 1443 2905 1622 dorbene Geschöpf so glaubhaft darzu¬
1227 1590 2882 1775 stellen wusste, es kam ihm vor, als
1227 1732 2893 1945 flüsterte einer der Schauspieler in
1247 1915 2952 2076 einem Moment, da sie an der Handlung
1242 2037 3024 2234 nicht beteiligt war, vertraut mit ihr,
1258 2200 3054 2381 und er bildete sich fest ein, dass sie
1278 2345 3004 2539 dem erwählte: Heut ist er im Theater.
1423 2351 1891 2482 leise sagte.
1272 2498 2970 2699 Als er nachher mit ihr zusammen war,
1274 2690 2900 2857 zerstreute sie sein Mistrauen, war
1303 2799 2959 2995 voll Innigkeit, und eine Stunde des
1303 2986 2880 3155 Glücks blühte ihm. Aber als er am
1310 3142 3047 3332 nächsten Morgen im Coupé sass und zu-
1321 3230 3061 3478 rück fuhr, war er (doch wie erlöst..)
1534 3429 2932 3612 Die Strassenlaternen brannte.
1335 3585 3137 3765 Wald und Landschaft lag hinter den bei-
