3304 4072
1413 639 2109 834 die naturgemäss
1222 627 1377 836 für
1663 812 2192 982 sungen in Be
1232 812 1441 984 duell
2883 960 3078 1079 oder
1353 943 2416 1134 den Problemen von Tod
1237 1101 2397 1313 wenn Sie wollen vom Drang
1289 1251 2573 1422 und der Fortpflanzung.-Kurz
1232 1356 3002 1606 da liegen sehen ist der twiete Akt un
1241 1522 2885 1730 serer sogenannten ehmaligen Oper. "
1279 1658 3062 1854 "Ist es möglich!" rief Georg aus. "Ist
1244 1804 3147 1992 Ihnen denn schon ein Schluss eingefallen?
1658 1944 2201 2063 obei hi haber Eile.
1303 1951 2809 2166 "Ja, das werdich Ihnen morgen er
1251 2118 2833 2282 zählen, wenn es Sie interessiert.
1253 2249 3131 2454 Was sagen Sie übrigens zu unserm Freund
1248 2442 2849 2628 Leo?" fügte er hinzu als Georg auf
1267 2606 1558 2764 stand.
1267 2673 3157 2916 Georg erzählte (von seinem Besuch im Hause
1127 2828 3045 3052 Gil; - wie froh und gut geläumt er ihn gefun-
1267 3033 1689 3181 den habe
1301 3123 2761 3347 „Nun hören Sie“, sagte Heinrich
1289 3262 2783 3490 ging uns wahrscheinlich geradeso-
