3480 4392
2660 272 2866 412 E40.
1115 403 2026 610 receu le lit testort.
2702 637 2791 780 5
607 885 3007 1058 Seite der Schwester und hätte sie am liebsten
658 1025 2797 1216 mit sich nach Wien genommen, aber auch er
675 1172 3037 1330 war noch auf den Vater angewiesen, der an xxxx
681 1348 2947 1506 die künstlerische Berufung des Sohnes nicht
666 1485 2803 1638 glaubte und ihm die nötigen Zuschüsse zu
684 1632 2962 1772 dessen Wiener Aufenthalt selten sandte, ohne
687 1793 3037 1976 irgend eine bittere Bemerkung beizufügen. Der
699 1937 2854 2116 junge Schauspieler wurde späterberühmt, in
699 2110 2806 2277 lächerlicher Weise versuchte man das dem
681 2259 2923 2457 Mädchen zu verheimlichen,versteckte Zeitun
738 2403 2845 2579 gen, in denen sein Name und seine Erfolge
747 2576 2914 2741 erwähnt standen, aber Charlotte, nicht mehr
744 2738 3022 2893 stark genug, um die Menschen, die ihre Eltern
741 2890 2869 3049 waren, auch nur innerlich zu verurteilen,
756 3019 2962 3204 verfiel in Schwermut, die immer mehrin eine
747 3165 3049 3329 sentimentale Stimmung umschlug,sie bedauerte
795 3335 2965 3503 vor allem sich selbst, dann auch ihren Va-
756 3488 2938 3646 ter, den sie sich grämend seine Praxis ver
756 3670 2938 3826 lieren und endlich geistesschwach werden
795 3823 2926 3972 sah; sowie die Mutter, die ihr immermehr
795 3960 2926 4107 als schwergeprüfte Dulderin erschien. Von
