3512 4312
2880 536 3069 727 » 875
921 808 3155 1018 Mann. Ein freter Mann? Und mein Beruft Und mei
938 957 3014 1143 ne Gel töbte? Und mein Kind? Wie wird das al
938 1124 2950 1335 les nur werden? Wie wirr sieht es aus! Und
952 1254 3030 1474 ich lieg da und draussen das Grau wird immer
2919 1326 3150 1443 jean
957 1424 3125 1640 heller. Wenn xxx uns damals auf dem Balkon wer
966 1587 3050 1751 zusammen gesehen hätte!! Es ist nicht auszu¬
985 1748 3069 1906 denken. Aber man hath ja doch gewusst. Alles
991 1879 3072 2095 wissen die Leute..Auch Else-hats natürlich ###
996 2054 3175 2273 gleich gewusst, obwohl sie fast nie aus dem Au
993 2217 3089 2414 hof in den Ort heruntergekommen ist. Nun gar
1013 2370 3094 2570 so rätselhaft ist es nicht. James Wyner hat###
1018 2500 3144 2717 ihr wahrscheinlich gesagt: Denken Sie, liebes
1018 2645 3200 2858 Fräulein Else, gestern sah ich Ihren Freund Ge
1540 2769 2717 2908 doch nicht did hi ist."
1021 2858 3105 3036 org mit einer Dame am Ufer auf und ab gehen.
1257 2964 1948 3089 E not a
1027 2966 3130 3150 Und Nachmittagsass er mit derselben Dame im
1024 3075 3225 3338 Klavtersalon. Und abends sind sie zusammen auf
1049 3244 3225 3466 der Landungsbrücke gestanden. Ja gewiss hat es
1063 3441 3197 3632 ihr James erzählt. Ob er Else wirklich heira
1071 3624 3041 3796 ten wird? Er muss zwei Jahre Jünger sein,
1079 3863 1435 4015 ts
