3336 4168
2822 406 2968 558 887
2692 558 2819 772 das
786 563 2670 811 geben? Sie will eine Schule gründen. Und
772 743 2757 983 Kind? Bet Leuten auf den Lande wird es woh
780 851 2842 1138 nen, die ein kleines Haus haben mit einem Ge
805 1019 2994 1264 ten. Und es wird gross werden. Eines Tages holt
791 1174 2926 1400 mans ab, nimmt es zu stch ins Haus. Ins Haus?
811 1366 2884 1588 Was für ein Haus? Mein Haus? Ihr Hans? Unser
808 1476 2932 1757 Haus? Das steht vielleicht auch schon irgend
817 1639 3087 1881 wo, das Haus. Und wenn man dann drinn wohnt wird
834 1825 2870 2014 es gar nicht mehr merkwürdig sein. Oder man
836 1963 3013 2152 bekommt einen Brief. „Euer Hochwohlgeboren, be
839 2109 3070 2292 ehre mich mitzuteilen, dass das Kind schwer er
831 2250 2974 2470 krankt ist." Oder gar... nein, man darf nicht
853 2425 2923 2616 weiter denken. Auch wenn wirs gleich bei uns
856 2591 3047 2830 hätten „könnte es krank werden. Jedenfalls muss
724 2585 1076 2774 behiellet
859 2746 2920 3011 man es zu sehr verlüsslichen Menschen geben.
876 2901 2991 3140 Ich werde mich selbst umsehen. Man kann nicht
876 3033 3084 3301 alles (der alten Jüdtr überlassen. Seltsam, dass
377 2996 690 3346 ll der
879 3230 2861 3458 ich in den letzten Wochen an alles das gar
876 3354 3056 3602 nicht gedacht hab. Als wenn es überhaupt nicht
893 3529 3067 3788 wahr wäre. Und Else hat mich gar nicht gefragt
