3464 4296
1756 416 3043 679 sonderen für einjau abgenkten.
1210 556 2945 800 lich fände, und sogar die, dass Gusti
1182 712 2843 961 ihm treu war und dass er ein Mensch
489 777 1110 1100 Dr Schleibt.
1196 891 2543 1184 war, dem vieles erlaubt wäre.
1445 1028 2950 1291 Georg sah ihm nach, wie er über
1217 1182 2978 1456 den Platz vor der Votivkirche auf dem
1224 1324 3043 1603 Asphalt eiligst weiterrollte. Er freute
1247 1468 2936 1738 sich, dass er nicht achtzehn Stunden
1245 1628 2957 1884 lang reisen musste, um ein Wesen wie-
1259 1787 2915 2047 derzusehen, das er liebte. Auch war
1277 1917 3017 2187 ihm wohl, weil er wieder in der Stadt
1296 2098 3094 2336 war, denn er hatte ganz die Empfindung,
1345 2252 3089 2468 als wenn er von einer weiten Reise zu-
1533 2296 1747 2391 wäre
2052 2370 2633 2512 Hinsicht viel
1312 2387 3094 2659 rückgekehrt : und was Heinrich anbelang
2115 2559 2266 2675 as
1333 2554 3101 2794 te, se hatte er ein Gefühl, das er bei-
1328 2724 3101 2994 nah immer hatte, wennder ihn verliess:
1412 2733 2052 2882 This mempied
1345 2887 3117 3080 trotzdem Georg oe get wasste, wohin er
1354 3024 3143 3245 fuhr, es war ihm d###h, alle entschwände
1265 3182 3138 3415 er ihm in irgend ein unbekanntes Land.
1870 3273 3052 3443 nur ex erreineste sich
1377 3347 3168 3589 Aber in diesem Augenblick fiel ihm ein
2452 3448 2917 3566 empting
2801 3515 3047 3631 abt
1396 3494 2647 3750 dass er eik ähnliches Geführung
1391 3638 3115 3866 hatte, als Leo von ihm Abschied nahm,
2061 3703 3247 3950 ihn. Adei gesagt halle
