3432 4200
2907 410 3082 598 selbe
1008 582 2992 839 nichts erzählen? Auf der Tour hat er keine
2241 710 2547 801 here in
1008 743 3099 997 Silbe von ihr geredet. Ganz blass ist sie ge
1027 899 3088 1120 worden, wie sie mich plötzlich erblickt hat.
1033 1041 3200 1309 Offenbar hat sie gedacht, Hethrich ist auch in
1036 1189 3118 1445 der Nähe. Wie die Komödianten uns angestarrt
1041 1372 3211 1607 haben. Besonders der eine, der grad aus dem Büh
1036 1522 3129 1741 nentritt herausgekommen ist, mit dem Lodenhut
1052 1678 3033 1894 und dem Gemsbart drauf. Er hatt dem Guido
1052 1825 3224 2047 ähnlich gesehen. Wer weiss, vielleicht hat der
1077 1992 3274 2194 schon Rechte. Es war doch ganz richtg, dass ich
713 2115 844 2271 Ce dernier
1071 2129 3224 2369 zu ihr hingegangen bin. Sie hat es ja offenbar
1077 2284 3178 2503 erwartet. Sonst hätt sie da nicht zuerst ge -
1090 2465 3287 2667 grüsst. Anfangs hat sie sich nicht getraut nach
1082 2612 3224 2825 ihm zu fragen. Und ihre Augen sind wieder he
1104 2760 3121 2989 rumgeflogen. Die irrenden Augen. Und dann:
1131 2932 3107 3140 das macht denn Ihr Freund, Herr Hermann?
1098 3052 3233 3268 Dann hat sie mir von ihrer Mutter erzählt und
1109 3224 3222 3429 von ihrem kleinen Bruder, der so schön zeich
1112 3424 3249 3580 nen kann. Man begreift gar nicht, dass die so
1142 3533 3309 3847 ist. Es ist wirklich schwer Menschen zu kennen
