3384 4168
874 558 2807 786 Ich glaube, auch der Heinrich bidlet sich
2850 648 3013 891 10th
879 724 2824 958 nur ein, dass ers imstand ist. Abends hab
891 885 3019 1128 sie spielen gesehen. In der frechen Posse. So
891 1029 3070 1277 Istig, so degagiert. Dass die wirklich so unge¬
891 1206 2943 1460 heuer verweifelt sein soll? Man hann sichs
908 1322 2954 1595 eigentlich nicht vorstellen. Dem James und
919 1474 3098 1708 der Sissy hat ste sehr gut gefallen. Dann sind
916 1638 3047 1872 wir in dem grossen Speisesaal gesessen, James
1807 1807 2289 1925 Ma Wyne
936 1801 3129 2058 und Sissy und die Mutter und der Willy Eissler.
922 1948 3089 2207 Es war ein fideler Abend. Um am### nächsten Mor
361 2123 801 2286 An wehr
1223 2151 1542 2258 wadei
939 2117 3036 2385 gen sind wir im Viererzug hinüber an den See
262 2247 744 2444 n.i-à de
930 2300 3115 2483 mit dem alten Grafen Löwenstein, James, Sissy,
302 2373 693 2540 y sevelle.
941 2421 3058 2647 Willy, in einer Stunde. Der Graf hat stch er
231 2483 708 2698 in the très
964 2543 3174 2827 innert, dass er die Bellint meine Lieder singen
967 2740 2991 2971 gehört hat. Sehr liebenswürdig. Und wie wir
956 2903 2985 3160 angefahren kommen, treibt ein Kahn ans Ufer
1268 3075 1511 3196 a selv
972 3047 3242 3273 und ste ganz ganz allein sitzt auf der Ruderbank,
967 3208 3103 3439 mit dem grünen Shawl*, Und wie ich sie xxx vom
975 3385 3087 3560 Wagen aus grüsse, tst Stssy sofort verändert,
324 3323 629 3580 F.F.S
