3416 4184
2727 610 2985 785 ¼ 65
1237 773 3048 961 erklären werden, abgesehen davon, dass
1240 993 3073 1112 man sie wahrscheinlich einsperren wird.
1244 1119 2904 1260 Sie haben nämlich in einem solemhen
1247 1247 2904 1425 Fall angeblich das religiöse Gefühl
1258 1407 3022 1530 verletzt und es steht nun einmal fest,
1256 1532 2950 1701 dass das beleidigte religiöse Gefühl
1244 1690 3043 1818 irgend eines Dummkopfs oder das angeb-
1244 1813 2920 1992 lieh beleidigte eines Heuehlers von
1237 1978 3076 2105 staatswegen Sühne verlangt, während das
1247 2103 2939 2284 wissenschaftliche künstlerische oder
1244 2235 2913 2375 ethische Gefühl jedes einzelnen, zu
1244 2384 3036 2530 jeder Zeit und von Jedem straflos ver-
1226 2505 3094 2753 letzt werden kann. Niemand kann zweifeh
