3400 4120
2584 329 2780 614 I54
1483 593 3077 805 Sie jüdische Aerzte in Wien, Jüdi-
1477 776 3185 969 sche Architekten, jüdische Sehäuspie
1481 933 3041 1120 ler,- fragen Sie mich, fragen sie
1477 1096 3039 1284 sich selbst, ob sie die geringste
1460 1239 3141 1422 Neigung hätten, nach Palästina aus-
1475 1407 3088 1626 zuwandern. Natürlich hat jeder von
1468 1541 3075 1738 uns in Momenten der Wut über Unge-
1513 1717 3092 1900 rechtigkeiten, die an ihm oder an
1468 1844 3073 2032 Genossen seiner Rasse um ihrer Ab-
1490 1998 3107 2202 stammung willen verüht worden sind,
1481 2138 3058 2310 Lust abzufahren und sich irgendwo
1481 2301 2990 2495 anders anzusiedeln. Aber mit der
1524 2435 3077 2637 Sehnsucht nach der Heimat unserer
1475 2635 3007 2796 Ahnen hat das gar nichts zu tun,-
1492 2756 3096 2926 selbst wenn sich der Eine oder der
1488 2890 3032 3100 Andere dächte: vielleicht ist Pa-
1485 3054 3009 3256 lästina das einzige Land, wo wir
1494 3209 3100 3438 Ruhe hätten. Heimatlos, die Juden?
1519 3366 3173 3544 ... Ja, so wie Leute schlafles sind,
778 3355 1182 3596 Heim
1553 3528 3068 3719 die man nicht einschlafen lassen
1513 3719 3060 3933 will, denen man die Polster unter
