3592 4344
2937 533 3124 641 876
995 688 3124 859 als sie. Lord Antinus! Auch eine missglüchte
1000 823 3193 1066 Sache, Arme Frau Oberberger. Kann man es übri
1006 964 3055 1210 gens wissen? Ich begretfe, dass er Elee ge
1011 1124 3232 1340 fällt. Ein Antlitz wie gemiesselt, kalte, graue
1003 1274 3163 1470 Aügen, elegant,- und was für ein Tennisspieler.
1014 1428 3053 1616 Und recht klug dabei, so einfache Ansichten
1014 1583 3094 1785 über die Webt, nicht sehr tief, nich so ver
1019 1710 3122 1909 wickelt wie Heinrich zum Beispiel, aber prak
1019 1903 3111 2077 tisch und grad. Ja, ein junger Engländer.Man
2718 2030 2914 2135 Aber
1033 2069 3238 2257 könnte wohl auch sagen ein Judenbub. Dem stehts
1036 2188 3146 2387 wahrhaftig keiner an. Zu Wethnachten kommt er
1036 2392 3072 2542 wieder, oder im nächsten Jahr und holl sich
1019 2525 3204 2710 else. Sie wird ganz gern fortgehen. Vielleicht
1047 2685 3146 2865 geht auch die Mutter mit". Die Sache mit Os
1801 2821 1967 2937 beider
1036 2807 3171 3036 kar hat sie doch furchtbar hergenommen. Diese
1050 2989 3086 3210 tragtkomische Sache! Die arme Frau ist ganz
475 2972 989 3191 + mekeurie
586 3155 928 3285 behauptet
1044 3160 2995 3309 weiss geworden. Es steht ihr übrigens gut
1044 3312 3108 3478 Jetzt sieht sie der Maria Theresia ähnlich.
1050 3439 3138 3688 Und Else, nein, nie hätt ichs für möglich ge
1053 3660 3086 3903 halten. Wie sie im Park oben an dem heissen
