3416 4120
2324 173 2418 330 1
2748 545 2972 713 44 9.
1205 752 2984 909 hineingetragen, vielleicht aus politi¬
1218 932 3004 1038 schen Motiven die Sie für klug halten,
1223 1036 2411 1202 aber doch hineingetragen.
1211 1142 2877 1313 Hineingetragen, selbstverständlich,
1223 1290 3055 1488 aber nicht nur das Gefühl ist echt, das
1221 1458 2919 1608 mit uns geboren wird, wenn überhaupt
1606 1560 1731 1659 cet
1218 1594 3027 1751 solche existiren, sondern auch dasjeni
1214 1761 2875 1915 ge, das in uns erweckt wird und die
1214 1913 3064 2014 Fähigkeit besitzt sich in unserer Seele
1221 2065 2967 2192 zu erhalten und weiter zu entwickeln.
1221 2211 2926 2384 Sie kennen eben die Leute nicht, von
1218 2342 2877 2504 denen Sie reden und auf die es hier
1205 2462 2949 2603 ankommt. Ich kenne sie, ich habe sie
1202 2612 2967 2797 kennen gelernt. Reisen Sie doch heuer
1193 2744 3051 2910 im Sommer mit mir auf den zionistischen
1195 2857 2914 3060 Kongress. Ach Gott, was red' ich da.
1195 3014 3007 3228 Heuer kann ich ja nicht fort. Aber ich
1202 3164 2291 3344 will Ihnen was erzälen.
