3480 4104
1273 642 2800 855 gegengekommen sind, das ersiehts
1226 768 2983 996 doch schon daraus, dass die Untersuchung
1236 894 2961 1159 haft nicht aufgehoben wurde, trotz de
1249 1016 3042 1291 hohen Kaution, die Salomo Ehrenberg an
1259 1256 1875 1444 geboten hat.
1462 1323 2240 1516 Verfassadeurs. Eilittert.
1323 1437 3258 1717 Der Diener trat ein und brachte dem alten
1286 1687 2150 1885 Doktor eine Karte.
1343 1784 3134 2039 Der Doktor nickte-“sagen Sie dem Herrn
1321 1875 3278 2200 ich steh gleich zur Verfügung." Der Diener
1328 2059 3198 2401 entfernte sich und der alte Stquber zeig
1335 2257 3169 2468 te seinem Sohn die Karte. Dem zuckte es
1348 2349 3340 2594 erst um die Brauen, dann sagte er lächelnd:
1417 2505 3077 2745 „Sollte er zur offiziellen Verlobung
1375 2668 3018 2943 eintr feen oder gar zur Vermählung?“
1412 2822 2961 3047 Nun das werd ich bald erfahren“,
1382 2936 3141 3193 derte der Vater und verabschiedete sich
1407 3094 3275 3359 vom seinem Sohne. Dann begab er sich in
1452 3250 3295 3476 sein Sprechzimmer, öffnete die Türe zum
1553 3412 3260 3662 Clon und lud Georg von Vergenthin, den
