3560 4248
2984 389 3183 557 544
2949 535 3131 712 498
1229 646 2119 825 rigent eingeführt?“
1259 793 2971 986 „Aber ich bitt Sie, lieber Baron, das
1229 971 3087 1141 Orchester möcht ja ohne Dirigenten grad
1872 1069 2336 1168 unicht wahr!
1229 1101 3129 1301 so gut spielen. Natulich haben sie auch
1229 1259 3191 1451 heut nicht schlechter gespielt, wie früher
1237 1399 3065 1572 aber der Jubel war natürlich demonstra-
1239 1537 3151 1720 tiv. Oben in der Hofloge war die Erzherz-
1257 1695 3119 1865 ogin Agathe., die von Musik so viel ver
2141 1826 2387 1909 chineg
1254 1840 3166 1996 steht wie ich von- na ich weiss gar nicht
1252 1986 2614 2173 wo von ich so wenig versteh.
1264 2124 2991 2321 "Assyrisch", sagte Sektionschef Wilt.
1279 2284 3230 2466 Danke bestenas.. Ja so wenig wie ich von
1261 2427 3104 2609 chinesisch. Seit sieben Jahren habe ich
1264 2540 3198 2794 sie in keinem Konzert gesehen ausser beim
1252 2720 1880 2939 Abée Perosi.“
1279 2841 3198 3055 „Und hat sich Agathe am Beifall beteiligt
1303 3021 3282 3215 Durchlaucht?" fragte Eissler, der sich auf
1279 3159 3181 3329 diese Weise von dem peinlichen Gefühl be-
1276 3294 3232 3560 freien wollte, die Fürstin nicht beim Vor-
1286 3503 2545 3673 namen ansprechen zu können.
