3368 4152
2631 516 2760 754 be a
2487 577 2574 724 40
973 516 2377 792 Nur die Maria Theresia einmal:
978 741 2984 959 nichts von unserer gemeinschaftlichen Freund
992 863 3047 1137 din (aus Dresden! "Ja, ich habe neulich einen
986 1055 2517 1290 Brief gehabt. Sie studiert flass
992 1183 3052 1459 Und aus. Nürnberger hat sich sehr herzlich er
995 1342 2937 1566 kundigt. Vielleicht hat er irgend was ähn
1011 1514 3205 1738 liches erlebt, früher einmal! Es waren sehr nett
298 1530 1003 1814 & kai mais uissent
1022 1691 3110 1880 te Leute, mit denen ich ihm auf der Esplana -
1016 1784 3090 2041 de begegnet bin. Ich hab ihn eigenaden mich
1014 1948 3213 2164 am See zu besuchen. Ach nein, lieber Georg, man
1019 2090 3200 2325 würde Sie ja doch nurmstören. "Er hat natur -
1022 2254 3041 2484 lich auch schon gewusst. Einmal war er aber
1030 2437 3030 2642 doch drüben. Aber nure oben bei Ehrenbergs
1047 2579 3129 2779 Und ich hat es erst am nächsten Tag erfahren.
1038 2727 3186 2946 Nein, niemand hat mich gestört. Merkwürdig. Es
1055 2877 3060 3134 war sogar, als wenn alle Leute eine Art Res
1052 3063 3112 3304 pekt gehabt hätten, vor der Heiligkeit einer
1063 3208 3208 3432 grossen Leidenschaft. Einmal sind sie alle aus
1071 3388 3235 3645 dem Klavierzimmer verschwunden. Einer nach dem
