3400 4168
2839 511 3057 644 16l.
1294 671 2958 841 sehr vielen die heute selbst nichts
1286 799 3021 957 mehr von ihrer Abstammung wissen und
1282 935 3154 1170 die daher unter dem Antisemitsmus nich
1286 1100 2997 1252 zu leiden haben. Unzälige, deren Vor-
1286 1233 3130 1412 eltern der Notwendigkeit oder dem ihrem
2074 1359 2837 1468 und sich hatt selbst
1274 1366 3038 1560 Wunsche nachgaben erbringen damit den
1274 1509 3067 1688 Beweis, das eine Asimilation zumindest
1267 1664 3016 1810 im einzelnen möglich ist, Und dass die
1255 1795 2977 1950 Juden dem praktischen Antisemitsmus
1860 1899 2200 1986 zu in einerse
1252 1950 3045 2103 seine Arbeit beträchtlich erleichtern,
1252 2088 3101 2267 dadurch, dass sie überallihren Staat im
1226 2161 3004 2401 Staate bilden, ihre Gebrüehe und ihr
1223 2313 2985 2544 Feiertage beibehalten, das werden Sie
1223 2478 2236 2665 selbst nicht leugnen.
1204 2604 2934 2820 Ich glaube mich nicht zu irren, warf
1209 2798 3060 2980 Leo ein, wenn ich annehme, dass Sie seit
2369 2929 2585 3014 in
1209 2936 2955 3130 vorläufig aus dem Studentum noch nicht
1199 3074 3149 3253 ausgetreten sind. Confestionster erklärt habe
1172 3183 2943 3389 Nein. Ich hab' auch nicht die Absicht
1177 3345 2856 3539 es zu tun, über glauben Sie nur ja
1160 3510 3035 3726 nicht, dass ich mir auf diese Treue et-
