3432 4104
2755 366 2972 592 ?440.
1177 613 2981 749 Leo blieb auf seinem Mantel liegen und
1175 767 2942 919 fuhr in gleichmütigem Tone fort: "Und
1184 917 2894 1069 ich versichere Sie, lieber Heinrich,
1191 1034 3029 1193 alles würde mit der Zeit anders werden,
1196 1136 2907 1313 und auch Ihnen wäre viel woler, wenn
1246 1309 2981 1486 sich hier, wo es Ihnen gefällt, nicht
1207 1451 2951 1620 als ein Geduldeter Mitbürger, sondern
1198 1585 2912 1755 als ein Fremder lebten, der irgendwo
2995 1696 3110 1827 van
1212 1742 2811 1901 eine wirkliche Heimat besitzt, (der
1214 1884 2946 2043 einem Staate angehört der sich seiner
1205 2023 2923 2168 annimmt) und wenn Sie nicht unter dem
1207 2145 3050 2274 angeblichen Schutz einer heuchlerischen
1207 2308 3041 2401 Regierung stünden, für die Sie ja doch,
1209 2405 3023 2576 trotz aller sogenannter Gleichberechti-
1198 2536 3050 2732 gung ein Bürger zweiter Klasse bleiben.
1338 2721 2905 2870 Heinrich nickte, ich hab's ja ge-
1200 2880 2905 3034 wusst, dass es wieder darauf hinaus-
1200 3006 2214 3138 laufen wird, sagte er
1196 3101 2993 3271 Natürlich läuft es daraus hinaus, er-
1198 3202 1829 3354 wiederte Leo.
1193 3324 3036 3548 Georg, der interessirt zugehört hatte,
