3464 4280
2729 694 2948 838 4 95.
1169 875 2894 1071 Dass Anna jetzt Georgs geliebte war
1188 998 2930 1231 und er war ein paar Augenblicke geär-
1197 1176 2898 1338 gert, dass er sich nicht gleichfalls
292 1160 774 1427 Henrich
1188 1345 2921 1482 für den Abend mit Gesellschaft vorge-
283 1395 1014 1617 Arbe du gebieble
1190 1480 2802 1624 sehen hatte. Es wär ihm leicht mög-
1194 1605 2989 1774 lich gewesen. Denn bald nachdem er vom
267 1592 973 1768 Nach denheur
1194 1745 2928 1907 Rhein zurückgekommen war hatte er die
422 1806 637 2017 etc
1190 1925 2839 2060 Bekannschaft eines anmutigen jungen
1188 2062 2900 2222 Wesens gemacht und seither schon man-
1181 2220 3008 2357 che angenehme Stunde mit ihr verbracht.
1169 2320 2761 2492 Er hatte sie auf der Strasse ange-
1181 2485 2825 2624 sprochen. Sie hatte seine Einladung
1172 2615 2839 2775 zu einem Nachtmahl ohneweiters ange-
1160 2763 2820 2919 nommen, war nach einem Glas Wein zu
1172 2891 2857 3044 allerlei Zärtlichkeit bereit gewesen
1162 3021 2921 3200 und schon am Tag drauf in seiner klei-
1153 3170 2846 3309 nen Wohneung, in der Florianigasse,
1156 3311 2989 3476 war sie sein geworden, als wenn sich da
1149 3474 2948 3622 von selbst-verstünde, nur weil sie ein
1135 3581 2935 3745 Weib und er ein Mann war. Was er aber
