3432 4280
2666 464 2878 688 4 70.
2539 594 2617 684 2.
1153 792 2959 1132 haben gerade so gut wissen als Sie und
1167 963 2823 1264 die Kraft besitzen davon abzusehen,
1187 1137 2883 1342 wenn es sich darum handelt innerhalb
1201 1259 2890 1478 der gegebenen Zustände Erfolg zu er-
2042 1368 2578 1497 sehr in eile
1208 1358 2901 1638 zielen. Auch gar zu weit denken ist
1213 1527 2971 1774 nur eine Art sich das Leben bequem zu
1368 1603 1495 1707 sir
1215 1663 3015 1961 machen. Mit Jahtausenden rechnenen nur
1243 1799 2924 2084 Narren und Dichter. Aber zu m Ueber-
1254 1950 3061 2243 fluss, lieber Heinrich, will ich Ihnen
1277 2079 3112 2382 jetzt noch etwas sagen, was Sie vollkom
1275 2255 2971 2534 men zur Verzqweiflung bringen würde,
1296 2368 2911 2663 wenn Ihnen an den anderen Menschen
1321 2573 2458 2788 überhaupt viel dranläge.
1328 2749 2419 2961 "Nun, fragte Hei nrich,
1319 2821 3179 3086 Sollten Sie wider Erwarteb geneigt sein
1344 2968 3102 3241 Ihren bisherigen Beruf aufzugeben und
1351 3112 3017 3336 als Prophet der Religionsstörer und
1349 3204 3105 3430 Politiker aufzutreten, sollten Sie zu
1354 3343 3165 3534 noch grösserer Ueberraschung mit Ihren
1368 3467 2991 3703 Ansichten durchdringen und sollten
1386 3647 3045 3814 sämmtliche Juden an einem Tag ihren
