3416 4152
2604 375 2816 550 441.
1114 592 2915 797 artigen sieht, entspringt am Ende doch
1934 730 2192 827 Justiz
1110 774 2781 962 nur dem eingeborenen Gefühl der Be-
1135 905 2724 1105 völkerung für eine antirapologische
1119 1055 2880 1213 Tatsache. Dass dieses Gefühl sich vor
1137 1220 2970 1354 allem in Abneigung, Verachtung und Hass
1133 1333 2968 1538 umsetzt, beruht auf einer ziemlich all-
1133 1506 2984 1642 gemeinen Anlage des Menschengeschlechts
1140 1649 2979 1819 Dass dieser Hass sich in allerlei Schur¬
1142 1798 2804 1955 kerei, in Ungerechtigkeit, Verläum-
1149 1929 2855 2065 dung und Mord zu äussern vermag, das
1858 2038 2038 2134 dess
1474 2061 1649 2160 knt
1154 2091 2933 2277 beruht darauf weil wir uns in der Min-
1158 2203 2998 2397 derzal befinden. Lauter tiefe im Wesen
1160 2332 2903 2517 der menschlichen Natur begründete Ge-
1158 2487 2975 2717 setze wirken also hier- und ich versteh'
1158 2705 2871 2793 nicht wie sonst vernünftige Menschen
1163 2772 3005 2950 glauben können, dass dagegen mit christ-
1160 2910 2906 3099 lichen oder mit jüdischen Sentimenta-
1160 3118 2961 3265 litäten irgend etwas auszurichten sein
1165 3230 1750 3415 Vra Runt
1391 3369 3009 3511 Heinrich schüttelte den Kopf, fand
1165 3557 2929 3714 aber noch nicht die Ruhe zu antworten
