3400 4120
1760 646 2275 858 lesen kann.
1111 664 1724 904 und den jeder
2858 835 3149 958 dieser
2646 817 2804 981 dass
1811 827 2584 1001 doch nicht Georg,
1162 845 1772 1037 Vergessen Sie
2395 1004 2605 1119 und d
1119 970 2255 1165 Roman zwanzig Jahre alt ;
1187 1113 3036 1336 Und dass Sie seither nichts geschrieben
1111 1272 2990 1474 haben, ja schön, das ist es eben. Ab ber
1129 1412 3105 1642 das ist eben für mich das Rätselhafte. Ich
1124 1535 3052 1770 urde es ja begreifen, wenn Ihr Roman un -
2053 1568 2148 1696 G.F.P.
1144 1685 3197 1923 bekannt geblieben wäre und Sie nicht vielmeh
1134 1846 3162 2079 mit einem Schlag berühmt gemacht hätte, ich
1162 2051 3039 2206 würde es auch begreifen, wenn Sie mit Un-
1154 2160 2888 2357 recht berühm geworden wären, aber tat
1218 2283 2868 2508 sächlich hatten Sie sich weder über
1180 2411 3052 2669 Verkanntwerden zu beklagen, noch mussten
1195 2541 3156 2807 Sie zur traurigen Einsicht gelangen, dass
1198 2722 2934 2939 Sie überschätzt worden sind. Also ich
1198 2863 3042 3095 frage ich was hat Sie eigentlich veran
1216 3019 3205 3241 lasst mit der Welt zu hadern und verbittert.
1213 3139 3123 3414 zu werd n. Ich bin nämlich ganz überzeugt
1256 3279 3126 3539 es sünde anders um Sie, wenn Sie arbeitet.
