3464 4120
1149 669 2398 905 los zusammen sein, ohne sie
1117 851 2583 1048 fort zu verlieren. Nie umspannte
1134 974 2504 1208 de eine gemeinsame Atmosphräre
1119 1141 2642 1341 nicht durch lebendige unterhaltung
738 1200 859 1400 d
1114 1309 2957 1528 einander geknüpft waren. Und eigentlich
1129 1444 3112 1658 tat es ihm leid. In manchen Momenten glaub
1122 1614 3001 1823 te er zu fühlen, er hätte Heinrich wirk
1144 1737 2918 1980 lich helfen können, wenn der andre nur
1149 1906 3055 2162 ein wenig guten Willen oder etwas weniger
1154 2017 2905 2307 Misstrauen oder etwas bessee Manieren
1183 2187 3060 2411 oder ein stärkeres -nteresse für ihn ge-
1183 2283 3060 2578 habt hätte. Ja, das offenbar war es, was
1191 2477 2942 2733 Heinrich fehlte. Und darum konnte man
1208 2613 3092 2878 nicht zu ihm! Nun ja, dass Heinrich ihn
1257 2750 3087 3038 kannte, ihn rasceher erkannt hatte, als
1282 2930 3028 3183 irgen einer von denen, mit denen er bij
2945 3026 3053 3242 as
2654 3082 2780 3196 ab.
1284 3063 2536 3348 her zu verkehren gewohnt wa
1267 3255 2369 3506 be eutete das vatter am
2827 3333 2982 3506 Vigt
1326 3346 2637 3611 diesem Kennen nichts weitere.
2052 3520 2556 3717 anzen dich ein.
