3320 4040
1887 529 2153 738 ioian.
924 527 1678 831 org vorwurfsvoll.
932 725 2305 963 Felioian lächelte unwillkürlig
2354 829 2651 978 und wir
934 885 2037 1097 te er. "hoffentlich ha
2315 983 2517 1138 Aber
2039 1022 2212 1159 G1 Uo
937 1048 1964 1270 bei nächsten Mal mehr
2540 1125 2628 1234 bi
2388 1156 2499 1265 th
965 1208 1949 1399 ja fertig, also komm.
2504 1200 3017 1402 es mir wahr
986 1319 2429 1556 sag ihr, ja richts ihr aus, das
976 1469 2034 1717 haft leid tut.
1007 1556 2765 1874 Georg nichte etwas fremd und verletzt.
1020 1704 2987 2013 „Und du sollst mich nicht missverstehn, Ge
1030 1843 2819 2194 org," (sagte Felictan)("Wenn Du sie lie
2860 1972 3043 2140 und
1045 2047 2837 2339 keiner würde sich mehr freuen als ich.
1058 2212 2961 2517 ich versprech Dir, dass ich zur Hochzeit
1063 2297 3141 2597 komme — woher und wohin es immer ist.) Dass ste
1084 2512 3074 2754 Deiner würdig ist, daran hab ich nie gezwei
1105 2674 2904 2958 felt. Muss ich Dir das noch sagen! Also
1100 2788 2966 3090 komm, gehen wir gleich zusammen hinunter
1102 2992 2914 3250 muss in die Stadt. Und vergiss das Tele¬
1125 3234 1686 3410 gramm nicht.
1180 3149 3048 3534 Auf eine Stunde kommts ja nicht mher an.
1149 3376 3064 3683 Itotan, Ich will doch vorher noch mit ihr
