3448 4088
1186 583 2642 825 zu Golowskis muss ich jedenfall
1329 788 2014 995 wer krank dort
1144 815 1314 1004 Ist
1174 872 3018 1132 "Nein aber ich möchte mich wieder einmal,
2632 1007 2876 1129 Weer
1162 1024 3043 1266 nach der 1ten Frau umsehen. Steht schon
1159 1162 3078 1431 in der Zeitung wann der Prozess gegen Leo
745 1329 1059 1491 Cufacy.
1216 1386 1837 1593 stattfindet?“
1216 1428 2924 1705 „Nein“, antabrtete Berthold “gelesen
1174 1598 2974 1867 hab ich nichts, aber Therese Golowskis
1191 1800 3170 2036 sagte mir vor einigen Tagen wahrscheinlich
1186 1919 2979 2163 zu Beginn des nächsten Monats. Sie hat
1199 2051 3205 2330 Leo vor ein paar Tagen in der Untersuchungs-
1209 2216 3008 2438 haft besucht. Er soll vollkommen ruhig
1219 2380 2580 2612 sein, geradezu gut aufgelegt.
1291 2505 3023 2772 "Nun (wer weiss,) am End wird er freige
1236 2737 1692 2901 sprochen.
1291 2752 3235 3041 "Was fällt Dir ein. Man muss ja noch froh
1261 2924 3101 3203 sein, dass er nicht wegen Mord vor die
1266 3066 3175 3308 Geschworenen kommt. Der Versuch ist ja ge-
1279 3303 1902 3517 macht worden.
1306 3422 3258 3649 "Das kann man doch keinen ernsthaften Ver
