3352 4056
862 400 3001 687 ders vor sich, als bei herrschenden Majoritäten
873 601 2968 834 Bei der niedern Sorte von Juden setzt sich der
857 770 2954 1010 Hass und die Verachtung und die Bewunderung.
857 871 3070 1199 Kriecherlei und in Feigheit um. Das sind nicht
873 1046 3032 1341 Jüdische Hasseet & genschaften und Eigenschafte
890 1165 3032 1491 die gezüchtet worden sind. Aber dafür hat stoh
898 1324 3054 1621 bei den bessern Juden im Laufe der Jahrhunder
912 1527 3101 1822 te eine ande Fähigkeit zu besonderer Vollendung
934 1672 3079 1925 entwickelt: nämlich die, die Fremden, unter de
934 1852 2998 2089 nen sie leben, zu verstehen und gerade diese
940 2002 3034 2236 Fähigkeit ist es, die von den Anttsemiten mit
954 2125 3007 2400 besonderer Beflissenheit geleugnet wird. Und
965 2275 3057 2553 doch, wir verstehen Eich viel besser, als Ihr
968 2422 3212 2767 uns versteht. Und manchek von uns verstehen Euch
985 2587 2970 2881 sogar besser, als Ihr Euch selbst versteht.
985 2762 3126 3048 Und dieses Gefühls des Verstehens hebt bei uns
993 2901 3093 3162 in gewissem Sinn das Gefühl der Fremdheit wie
1007 2976 3179 3346 der auf, durchtränkt es sogar mit etwas Stolz
1026 3204 3151 3507 und manchmal mit Zärtlichkeit. Hieraus erklärt
2904 3379 3057 3529 It
1040 3354 2884 3624 sich auch, das fast übertrieben starke,
