3496 4392
2651 239 2877 466 140.
1055 422 2021 642 recembre le toutot
2629 605 2741 791 2
611 807 3057 996 Phrasen von Deutschtum und Freiheit, so ehrlich
624 978 2846 1142 empfunden sie sein mochten, immer gegen den
618 1133 2899 1279 Strich gegangen war, so dass er seinem Falle
633 1288 3023 1409 ohne eigentliches Mitgefühl, ja beinahe wie ei-
615 1384 3098 1558 nem verdienten Geschicke zusah. Auch zur Mutter
611 1567 2980 1741 war er niemals in einem sehr innigen Verhält-
615 1688 3113 1912 nis gestanden. Aus einer wohlhabenden jüdischen
615 1896 2995 2042 Fabrikantenfamilie entsprossen,hatte sie seit
630 2005 3011 2173 ihrer Hindheit zu Arnold Hermann als zu einem
686 2170 3023 2340 der zukunftsreichsten Männer der Stadt aufge
680 2306 3048 2505 schaut. So war sie beglückt gewesen,da er sie
729 2455 2933 2657 nach beendeter Wiener Universitäts-und Kon-
745 2632 3057 2803 zipientenzeit als Advokat in die Heimatstadt
732 2784 3004 3004 zurückgekehrt, zur Ehe verlangte,
745 2995 3073 3113 verharrte stets in blinder Anybatung für ihn
785 3085 3116 3327 und war im Laufe der Zeit so vollkommen sein
742 3268 3026 3479 Geschäpf geworden, dass sie mit ihm zugleich
742 3386 2868 3560 in Verdüsterung und Umnachtung zu sinken
732 3510 3067 3796 schien. Das Parlament, ja der Staat hatte für
742 3737 2955 3954 sie zu existieren aufgehört, als der Gatte
