3432 4088
2566 600 2745 768 inig
1168 648 2268 857 noch zu Hause ich stelle
1145 834 1557 1002 zusammen.
1193 914 2757 1123 Du sprichst heute Abend in der xxx
1166 1120 1518 1298 traube “
1218 1227 2779 1429 "Ja es wird kaum ohne das abgehen.
1164 1370 2847 1566 Der Alte hatte sein Notizbuch in der
1177 1527 3007 1727 Hand und las für sich einige Namen. Ja,
1193 1645 2886 1893 zu Golowskis muss ich (ja heute jeden¬
1191 1879 1577 2038 falls.“
1229 1907 2945 2163 "Ich werde heute wohl Therese sehen."
1220 2082 2988 2325 "Weiss man schon wann der Prozess gege
1229 2297 1982 2472 Leo stattfindet,
