<?xml version="1.0" encoding="UTF-8" standalone="yes"?>
<PcGts xmlns="http://schema.primaresearch.org/PAGE/gts/pagecontent/2013-07-15" xmlns:xsi="http://www.w3.org/2001/XMLSchema-instance" xsi:schemaLocation="http://schema.primaresearch.org/PAGE/gts/pagecontent/2013-07-15 http://schema.primaresearch.org/PAGE/gts/pagecontent/2013-07-15/pagecontent.xsd">
    <Metadata>
        <Creator>prov=READ-COOP:name=TrHtr:version=2.1.0:model_id=51170:date=30_07_2023_11:51</Creator>
        <Created>2023-05-10T13:59:59.068+02:00</Created>
        <LastChange>2023-07-30T11:51:50.188+02:00</LastChange>
        <TranskribusMetadata docId="1428601" pageId="55416029" pageNr="84" tsid="131502513" status="IN_PROGRESS" userId="64420" imgUrl="https://files.transkribus.eu/Get?id=ILGZHPFRHOLJZAOOUBHHEJON&amp;fileType=view" xmlUrl="https://files.transkribus.eu/Get?id=WKQLBLXIGTQBERNJHUGINMVX" imageId="44690136"/>
    </Metadata>
    <Page imageFilename="1428601_0084.jpg" imageWidth="3512" imageHeight="4296">
        <ReadingOrder>
            <OrderedGroup id="ro_1711789348224" caption="Regions reading order">
                <RegionRefIndexed index="0" regionRef="tr_2"/>
                <RegionRefIndexed index="1" regionRef="tr_1"/>
                <RegionRefIndexed index="2" regionRef="tr_3"/>
            </OrderedGroup>
        </ReadingOrder>
        <TextRegion id="tr_2" custom="readingOrder {index:0;}">
            <Coords points="200,347 3134,347 3134,1687 200,1687"/>
            <TextLine id="tr_2_tl_1" custom="readingOrder {index:0;}">
                <Coords points="1201,482 1319,525 1514,469 1771,560 1860,504 2626,461 2750,442 2760,249 1643,289 1386,413 1203,418"/>
                <Baseline points="1215,468 1238,474 1283,477 1328,468 1373,468 1418,468 1462,465 1507,462 1552,453 1597,453 1641,453 1686,453 1731,447 1776,441 1788,441 1818,435 1862,432 1907,429 1952,429 1997,432 2042,432 2086,429 2131,432 2176,429 2221,429 2265,435 2310,432 2355,429 2400,423 2445,414 2489,411 2534,411 2579,409 2624,403 2668,397 2713,400 2758,397"/>
                <TextEquiv>
                    <Unicode>gedacht nachgezogen seyn. Man</Unicode>
                </TextEquiv>
            </TextLine>
            <TextLine id="tr_2_tl_2" custom="readingOrder {index:1;}">
                <Coords points="925,603 2640,614 2642,458 2533,507 2423,448 2098,525 1873,501 1771,557 1474,501 1356,560 1270,507 927,549"/>
                <Baseline points="940,594 943,594 988,594 1032,597 1077,597 1122,597 1167,597 1212,600 1256,600 1301,600 1346,600 1391,597 1435,600 1480,603 1525,603 1570,600 1615,594 1659,591 1704,591 1749,585 1794,585 1839,582 1883,582 1928,579 1973,576 2018,573 2062,573 2107,570 2152,573 2197,570 2242,567 2286,570 2331,567 2376,564 2421,561 2465,561 2510,558 2555,555 2600,552 2645,555"/>
                <TextEquiv>
                    <Unicode>manchmal, gerüst, manche eben d</Unicode>
                </TextEquiv>
            </TextLine>
            <TextLine id="tr_2_tl_3" custom="readingOrder {index:2;}">
                <Coords points="1316,697 1418,686 1576,734 1678,686 2088,694 2179,665 2182,622 2109,600 2058,624 2007,571 1892,619 1828,595 1750,651 1667,616 1570,643 1533,606 1319,611"/>
                <Baseline points="1331,674 1352,674 1397,674 1441,680 1486,683 1531,683 1576,686 1621,683 1665,683 1710,680 1755,680 1800,677 1844,674 1889,671 1934,662 1961,656 2006,662 2050,662 2095,659 2140,656 2185,659"/>
                <TextEquiv>
                    <Unicode>Aussi um die Herrn</Unicode>
                </TextEquiv>
            </TextLine>
            <TextLine id="tr_2_tl_4" custom="readingOrder {index:3;}">
                <Coords points="946,775 2779,753 2889,721 2892,646 2530,592 2005,729 1892,678 1530,737 1227,651 949,694"/>
                <Baseline points="961,770 970,770 1015,770 1059,770 1104,770 1149,770 1194,767 1238,767 1283,767 1328,764 1373,764 1418,761 1462,758 1507,758 1552,758 1597,755 1641,752 1686,752 1731,752 1776,752 1821,749 1865,749 1910,746 1955,746 2000,749 2045,746 2089,746 2134,743 2179,743 2224,743 2268,740 2313,737 2358,734 2403,734 2448,731 2492,728 2537,728 2582,728 2627,725 2671,725 2716,722 2761,722 2806,719 2851,716 2895,719"/>
                <TextEquiv>
                    <Unicode>Geliebte ins sinnlose gejagt hatte,so ge-</Unicode>
                </TextEquiv>
            </TextLine>
            <TextLine id="tr_2_tl_5" custom="readingOrder {index:4;}">
                <Coords points="316,812 362,817 413,850 461,815 547,799 622,801 651,823 675,804 718,804 724,734 691,734 654,699 616,702 587,686 517,740 480,710 456,726 383,697 324,713"/>
                <Baseline points="331,809 370,812 414,812 459,806 504,800 549,797 594,791 638,791 683,785 728,779"/>
                <TextEquiv>
                    <Unicode>Soph-Alpe</Unicode>
                </TextEquiv>
            </TextLine>
            <TextLine id="tr_2_tl_6" custom="readingOrder {index:5;}">
                <Coords points="949,919 2932,895 3026,817 2527,772 949,879"/>
                <Baseline points="964,916 970,919 1015,919 1059,919 1104,919 1149,916 1194,916 1238,913 1283,913 1328,916 1373,913 1418,910 1462,907 1507,907 1552,904 1597,904 1641,904 1686,901 1731,901 1776,898 1821,898 1865,895 1910,895 1955,892 2000,892 2045,892 2089,889 2134,889 2179,886 2224,886 2268,886 2313,883 2358,883 2403,880 2448,877 2492,877 2537,877 2582,874 2627,874 2671,871 2716,871 2761,871 2806,868 2851,865 2895,862 2940,862 2985,859 3030,859"/>
                <TextEquiv>
                    <Unicode>schah es, ihm auch in diesem Augenblick, dass</Unicode>
                </TextEquiv>
            </TextLine>
            <TextLine id="tr_2_tl_7" custom="readingOrder {index:6;}">
                <Coords points="182,1053 230,1059 263,1037 284,1059 346,1064 442,1034 547,1029 611,997 678,992 686,919 641,879 539,959 442,973 415,959 359,970 308,906 252,900 198,922"/>
                <Baseline points="200,1038 238,1035 283,1041 328,1041 373,1035 417,1029 462,1023 507,1018 552,1009 597,1000 641,991 686,982"/>
                <TextEquiv>
                    <Unicode>Heinrich</Unicode>
                </TextEquiv>
            </TextLine>
            <TextLine id="tr_2_tl_8" custom="readingOrder {index:7;}">
                <Coords points="951,1067 2675,1048 2980,1021 3023,949 2184,917 1871,1018 951,1024"/>
                <Baseline points="967,1062 967,1059 1012,1068 1056,1065 1101,1065 1146,1065 1191,1065 1235,1062 1280,1062 1325,1059 1370,1059 1415,1059 1459,1056 1504,1053 1549,1053 1594,1050 1638,1050 1683,1050 1728,1047 1773,1047 1818,1044 1862,1041 1907,1044 1952,1041 1997,1038 2042,1038 2086,1035 2131,1035 2176,1035 2221,1032 2265,1029 2310,1029 2355,1026 2400,1026 2445,1023 2489,1023 2534,1021 2579,1021 2624,1021 2668,1018 2713,1018 2758,1015 2803,1018 2848,1015 2892,1012 2937,1006 2982,1000 3027,1003"/>
                <TextEquiv>
                    <Unicode>er mit einemmal aus einem bösen Traum zu er¬</Unicode>
                </TextEquiv>
            </TextLine>
            <TextLine id="tr_2_tl_9" custom="readingOrder {index:8;}">
                <Coords points="273,1147 386,1158 531,1123 598,1134 611,1120 697,1112 699,1091 611,1021 560,1059 474,1085 431,1045 373,1048 276,1110"/>
                <Baseline points="289,1149 301,1146 346,1143 391,1143 435,1137 480,1131 525,1125 570,1122 614,1113 659,1110 704,1110"/>
                <TextEquiv>
                    <Unicode>über die</Unicode>
                </TextEquiv>
            </TextLine>
            <TextLine id="tr_2_tl_10" custom="readingOrder {index:9;}">
                <Coords points="954,1211 2927,1195 2972,1112 2310,1075 1873,1166 957,1155"/>
                <Baseline points="970,1212 1009,1212 1053,1212 1098,1212 1143,1212 1188,1209 1232,1209 1277,1209 1322,1209 1367,1206 1412,1203 1456,1203 1501,1200 1546,1200 1591,1200 1636,1200 1680,1200 1725,1197 1770,1197 1815,1194 1859,1191 1904,1191 1949,1188 1994,1188 2039,1185 2083,1182 2128,1182 2173,1182 2218,1182 2262,1179 2307,1179 2352,1179 2397,1176 2442,1176 2486,1176 2531,1173 2576,1173 2621,1173 2665,1170 2710,1167 2755,1167 2800,1164 2845,1161 2889,1158 2934,1152 2979,1155"/>
                <TextEquiv>
                    <Unicode>wachen glaubte.Alle seine Befürchtungen er-</Unicode>
                </TextEquiv>
            </TextLine>
            <TextLine id="tr_2_tl_11" custom="readingOrder {index:10;}">
                <Coords points="239,1276 314,1337 399,1262 549,1257 579,1235 635,1230 641,1166 600,1144 568,1163 549,1152 477,1209 421,1160 362,1206 308,1160 247,1177"/>
                <Baseline points="256,1250 286,1253 331,1259 376,1253 420,1253 465,1247 510,1244 555,1238 600,1229 644,1221"/>
                <TextEquiv>
                    <Unicode>Gelieth</Unicode>
                </TextEquiv>
            </TextLine>
            <TextLine id="tr_2_tl_12" custom="readingOrder {index:11;}">
                <Coords points="965,1375 2139,1399 2329,1329 3004,1343 3034,1268 2257,1222 1729,1329 1581,1262 1372,1337 1319,1289 967,1332"/>
                <Baseline points="979,1370 1023,1367 1068,1367 1113,1370 1158,1367 1203,1367 1247,1364 1292,1364 1337,1361 1382,1361 1427,1361 1471,1358 1516,1358 1561,1355 1606,1352 1650,1352 1695,1352 1740,1349 1785,1349 1830,1346 1874,1346 1919,1343 1964,1343 2009,1340 2053,1340 2098,1337 2143,1337 2188,1334 2233,1334 2277,1331 2322,1331 2367,1328 2412,1328 2456,1328 2501,1325 2546,1325 2591,1322 2636,1322 2680,1319 2725,1319 2770,1316 2815,1316 2860,1313 2904,1310 2949,1310 2994,1307 3039,1307"/>
                <TextEquiv>
                    <Unicode>schienen ihm (mit einemmal) wie Wahnbilder ein-</Unicode>
                </TextEquiv>
            </TextLine>
            <TextLine id="tr_2_tl_13" custom="readingOrder {index:12;}">
                <Coords points="209,1407 316,1415 370,1391 448,1396 477,1380 592,1391 670,1367 675,1297 614,1337 576,1327 547,1340 464,1270 356,1359 330,1327 308,1337 287,1316 239,1348 214,1345"/>
                <Baseline points="223,1406 229,1406 274,1400 319,1397 364,1391 409,1388 453,1385 498,1379 543,1376 588,1373 632,1367 677,1367"/>
                <TextEquiv>
                    <Unicode>denten,</Unicode>
                </TextEquiv>
            </TextLine>
            <TextLine id="tr_2_tl_14" custom="readingOrder {index:13;}">
                <Coords points="970,1528 1664,1512 1747,1584 1916,1493 3069,1474 3071,1404 2214,1383 1914,1455 1814,1386 1729,1466 973,1474"/>
                <Baseline points="985,1525 1015,1522 1059,1522 1104,1519 1149,1519 1194,1516 1238,1516 1283,1513 1328,1510 1373,1510 1418,1510 1462,1507 1507,1507 1552,1507 1597,1504 1641,1504 1686,1501 1731,1501 1776,1501 1821,1501 1865,1498 1910,1495 1955,1492 2000,1492 2045,1492 2089,1489 2134,1489 2179,1486 2224,1486 2268,1483 2313,1483 2358,1480 2403,1480 2448,1477 2492,1474 2537,1474 2582,1471 2627,1471 2671,1471 2716,1471 2761,1471 2806,1465 2851,1465 2895,1462 2940,1462 2985,1459 3030,1456 3074,1456"/>
                <TextEquiv>
                    <Unicode>es kranken Hinrs. Die Geistesunnachtung seines</Unicode>
                </TextEquiv>
            </TextLine>
            <TextLine id="tr_2_tl_15" custom="readingOrder {index:14;}">
                <Coords points="973,1715 2943,1603 3004,1654 3128,1549 3026,1485 2900,1560 978,1611"/>
                <Baseline points="991,1674 1029,1677 1074,1677 1119,1677 1164,1674 1209,1674 1253,1668 1298,1668 1343,1668 1388,1665 1432,1662 1477,1662 1522,1659 1567,1659 1612,1656 1656,1656 1701,1656 1746,1656 1791,1656 1836,1653 1880,1650 1925,1647 1970,1647 2015,1644 2059,1641 2104,1641 2149,1638 2194,1638 2239,1636 2283,1636 2328,1636 2373,1636 2418,1633 2462,1630 2507,1627 2552,1627 2597,1624 2642,1621 2686,1621 2731,1621 2776,1618 2821,1615 2865,1612 2910,1606 2955,1600 3000,1597 3045,1591 3089,1585 3134,1579"/>
                <TextEquiv>
                    <Unicode>Vaters empfand er, wie eine Erklärung dafür</Unicode>
                </TextEquiv>
            </TextLine>
        </TextRegion>
        <TextRegion id="tr_1" custom="readingOrder {index:1;}">
            <Coords points="988,1636 3233,1636 3233,2622 988,2622"/>
            <TextLine id="tr_1_tl_1" custom="readingOrder {index:0;}">
                <Coords points="2554,1704 2916,1713 3130,1691 3211,1729 3227,1603 3152,1608 3066,1659 2929,1632 2833,1664 2793,1627 2734,1670 2554,1659"/>
                <Baseline points="2570,1701 2615,1701 2659,1701 2704,1701 2749,1698 2794,1695 2839,1695 2883,1695 2928,1692 2973,1692 3018,1689 3063,1689 3107,1686 3152,1695 3197,1701 3233,1704"/>
                <TextEquiv>
                    <Unicode>[illegible]</Unicode>
                </TextEquiv>
            </TextLine>
            <TextLine id="tr_1_tl_2" custom="readingOrder {index:1;}">
                <Coords points="973,1833 2326,1785 2490,1847 2613,1774 2771,1844 3039,1707 976,1785"/>
                <Baseline points="988,1833 1029,1830 1074,1830 1119,1827 1164,1824 1209,1824 1253,1821 1298,1821 1343,1818 1388,1815 1432,1815 1477,1809 1522,1809 1567,1809 1612,1806 1656,1806 1701,1803 1746,1800 1791,1800 1836,1800 1880,1800 1925,1797 1970,1794 2015,1794 2059,1791 2104,1788 2149,1785 2194,1788 2239,1785 2283,1785 2328,1782 2373,1779 2418,1779 2462,1779 2507,1776 2552,1776 2597,1776 2642,1776 2686,1776 2731,1773 2776,1770 2821,1767 2865,1764 2910,1764 2955,1758 3000,1758 3045,1752"/>
                <TextEquiv>
                    <Unicode>und daher als eine Art von Trost. Er war über</Unicode>
                </TextEquiv>
            </TextLine>
            <TextLine id="tr_1_tl_3" custom="readingOrder {index:2;}">
                <Coords points="978,1983 2739,1948 2956,1916 2959,1838 981,1943"/>
                <Baseline points="994,1982 1038,1979 1083,1979 1128,1976 1173,1976 1218,1976 1262,1973 1307,1970 1352,1967 1397,1967 1441,1964 1486,1961 1531,1958 1576,1958 1621,1955 1665,1955 1710,1952 1755,1952 1800,1952 1844,1949 1889,1946 1934,1946 1979,1946 2024,1943 2068,1940 2113,1940 2158,1940 2203,1937 2248,1937 2292,1934 2337,1931 2382,1931 2427,1928 2471,1928 2516,1925 2561,1925 2606,1925 2651,1925 2695,1922 2740,1922 2785,1919 2830,1916 2874,1913 2919,1913 2964,1910"/>
                <TextEquiv>
                    <Unicode>zeugt, dass nur sein belastetes Gemüt,alle</Unicode>
                </TextEquiv>
            </TextLine>
            <TextLine id="tr_1_tl_4" custom="readingOrder {index:3;}">
                <Coords points="978,2131 2932,2080 2999,2007 981,2069"/>
                <Baseline points="994,2128 1032,2128 1077,2128 1122,2125 1167,2122 1212,2122 1256,2119 1301,2119 1346,2116 1391,2116 1435,2113 1480,2113 1525,2113 1570,2110 1615,2107 1659,2107 1704,2104 1749,2104 1794,2101 1839,2101 1883,2098 1928,2095 1973,2095 2018,2095 2062,2092 2107,2092 2152,2089 2197,2089 2242,2086 2286,2086 2331,2083 2376,2083 2421,2080 2465,2077 2510,2077 2555,2077 2600,2074 2645,2074 2689,2071 2734,2068 2779,2065 2824,2062 2868,2062 2913,2056 2958,2050 3003,2053"/>
                <TextEquiv>
                    <Unicode>Zweifel und alles Misstrauen in ihm hervor-</Unicode>
                </TextEquiv>
            </TextLine>
            <TextLine id="tr_1_tl_5" custom="readingOrder {index:4;}">
                <Coords points="994,2294 2728,2230 2747,2144 2463,2200 997,2224"/>
                <Baseline points="1009,2280 1050,2277 1095,2274 1140,2274 1185,2271 1229,2268 1274,2268 1319,2265 1364,2265 1409,2262 1453,2262 1498,2259 1543,2256 1588,2253 1633,2253 1677,2253 1722,2250 1767,2250 1812,2250 1856,2248 1901,2245 1946,2242 1991,2242 2036,2239 2080,2239 2125,2239 2170,2239 2215,2236 2259,2233 2304,2230 2349,2230 2394,2227 2439,2227 2483,2224 2528,2224 2573,2221 2618,2218 2662,2218 2707,2215 2752,2215"/>
                <TextEquiv>
                    <Unicode>getrieben. Und wie gereinigt von allem</Unicode>
                </TextEquiv>
            </TextLine>
            <TextLine id="tr_1_tl_6" custom="readingOrder {index:5;}">
                <Coords points="994,2420 2905,2372 2967,2294 997,2361"/>
                <Baseline points="1009,2418 1047,2418 1092,2418 1137,2415 1182,2415 1227,2415 1271,2412 1316,2412 1361,2412 1406,2409 1450,2406 1495,2403 1540,2403 1585,2400 1630,2397 1674,2397 1719,2397 1764,2397 1809,2397 1853,2394 1898,2391 1943,2388 1988,2388 2033,2382 2077,2382 2122,2382 2167,2382 2212,2379 2256,2376 2301,2376 2346,2373 2391,2370 2436,2370 2480,2370 2525,2367 2570,2367 2615,2367 2659,2364 2704,2361 2749,2361 2794,2358 2839,2358 2883,2355 2928,2352 2973,2352"/>
                <TextEquiv>
                    <Unicode>Verdacht,süss und rührend schwebte ihm das</Unicode>
                </TextEquiv>
            </TextLine>
            <TextLine id="tr_1_tl_7" custom="readingOrder {index:6;}">
                <Coords points="1000,2570 2889,2519 2919,2452 1002,2508"/>
                <Baseline points="1015,2564 1038,2570 1083,2567 1128,2567 1173,2567 1218,2564 1262,2561 1307,2561 1352,2558 1397,2555 1441,2555 1486,2552 1531,2552 1576,2549 1621,2549 1665,2549 1710,2546 1755,2546 1800,2543 1844,2543 1889,2543 1934,2540 1979,2540 2024,2537 2068,2534 2113,2531 2158,2528 2203,2528 2248,2525 2292,2522 2337,2522 2382,2519 2427,2516 2471,2516 2516,2516 2561,2516 2606,2513 2651,2510 2695,2507 2740,2507 2785,2504 2830,2504 2874,2501 2919,2507"/>
                <TextEquiv>
                    <Unicode>Bild des fernen, des geliebten Wesens vor</Unicode>
                </TextEquiv>
            </TextLine>
            <TextLine id="tr_1_tl_8" custom="readingOrder {index:7;}">
                <Coords points="2391,2629 2407,2629 2431,2610 2458,2624 2468,2616 2500,2624 2527,2610 2546,2618 2584,2608 2602,2613 2602,2573 2573,2565 2557,2575 2530,2554 2506,2575 2436,2578 2391,2565"/>
                <Baseline points="2406,2612 2433,2609 2477,2609 2483,2609 2519,2609 2564,2609 2609,2606"/>
                <TextEquiv>
                    <Unicode>min</Unicode>
                </TextEquiv>
            </TextLine>
        </TextRegion>
        <TextRegion id="tr_3" custom="readingOrder {index:2;}">
            <Coords points="355,2592 3179,2592 3179,3729 355,3729"/>
            <TextLine id="tr_3_tl_1" custom="readingOrder {index:0;}">
                <Coords points="1002,2718 2042,2675 2238,2723 2353,2664 2943,2659 2967,2589 2774,2506 2597,2618 1002,2680"/>
                <Baseline points="1018,2716 1044,2713 1089,2710 1134,2707 1179,2704 1224,2704 1268,2701 1313,2698 1358,2698 1403,2695 1447,2692 1492,2692 1537,2692 1582,2689 1627,2686 1671,2686 1716,2686 1761,2683 1806,2680 1850,2680 1895,2677 1940,2677 1985,2674 2030,2674 2074,2671 2119,2671 2164,2668 2209,2665 2253,2665 2298,2665 2343,2665 2388,2665 2433,2662 2477,2659 2522,2659 2567,2659 2612,2657 2657,2654 2701,2654 2746,2651 2791,2645 2836,2645 2880,2642 2925,2642 2970,2645"/>
                <TextEquiv>
                    <Unicode>der sehsüchtigen Seele.Und, er gedachte der</Unicode>
                </TextEquiv>
            </TextLine>
            <TextLine id="tr_3_tl_2" custom="readingOrder {index:1;}">
                <Coords points="1013,2862 2905,2814 3026,2742 1016,2790"/>
                <Baseline points="1029,2857 1062,2854 1107,2854 1152,2851 1197,2851 1241,2848 1286,2845 1331,2842 1376,2839 1421,2839 1465,2839 1510,2839 1555,2836 1600,2833 1644,2833 1689,2833 1734,2830 1779,2830 1824,2827 1868,2827 1913,2827 1958,2824 2003,2821 2047,2821 2092,2818 2137,2815 2182,2815 2227,2812 2271,2812 2316,2812 2361,2809 2406,2809 2451,2806 2495,2806 2540,2803 2585,2800 2630,2800 2674,2797 2719,2794 2764,2794 2809,2794 2854,2794 2898,2791 2943,2785 2988,2779 3033,2776"/>
                <TextEquiv>
                    <Unicode>letzten Stunden, die er mit ihr in Wien ge-</Unicode>
                </TextEquiv>
            </TextLine>
            <TextLine id="tr_3_tl_3" custom="readingOrder {index:2;}">
                <Coords points="343,2927 373,2924 402,2959 442,2940 579,2940 614,2972 716,2916 906,2913 911,2833 882,2811 686,2827 584,2892 512,2892 485,2860 450,2870 431,2852 346,2870"/>
                <Baseline points="355,2937 373,2937 417,2937 462,2934 507,2934 552,2934 597,2931 641,2928 686,2922 731,2916 776,2913 820,2907 865,2901 910,2898"/>
                <TextEquiv>
                    <Unicode>Möglichkeit</Unicode>
                </TextEquiv>
            </TextLine>
            <TextLine id="tr_3_tl_4" custom="readingOrder {index:3;}">
                <Coords points="1013,3002 2857,2959 2945,2943 2948,2876 2372,2908 2141,2843 2053,2919 1016,2943"/>
                <Baseline points="1029,3000 1074,2994 1119,2991 1164,2988 1209,2988 1253,2982 1298,2979 1343,2979 1388,2979 1432,2976 1477,2976 1522,2976 1567,2973 1612,2973 1656,2970 1701,2970 1746,2970 1791,2967 1836,2964 1880,2964 1925,2964 1970,2961 2015,2958 2059,2958 2104,2958 2149,2952 2194,2952 2239,2952 2283,2952 2328,2949 2373,2946 2418,2946 2462,2943 2507,2940 2552,2937 2597,2937 2642,2937 2686,2934 2731,2934 2776,2934 2821,2934 2865,2931 2910,2931 2955,2928"/>
                <TextEquiv>
                    <Unicode>meinsam verbracht hatte. Weit offen stand</Unicode>
                </TextEquiv>
            </TextLine>
            <TextLine id="tr_3_tl_5" custom="readingOrder {index:4;}">
                <Coords points="359,3044 630,3042 815,3004 855,3053 917,3015 927,2913 788,2940 756,2969 568,2988 544,3010 512,2988 364,2994"/>
                <Baseline points="376,3039 388,3039 432,3039 477,3036 522,3033 567,3033 612,3030 656,3024 701,3021 746,3012 791,3006 835,3006 880,3000 925,2997"/>
                <TextEquiv>
                    <Unicode>war or mit ihr</Unicode>
                </TextEquiv>
            </TextLine>
            <TextLine id="tr_3_tl_6" custom="readingOrder {index:5;}">
                <Coords points="1024,3144 3002,3128 3173,3079 3176,3007 1026,3079"/>
                <Baseline points="1041,3137 1074,3134 1119,3131 1164,3131 1209,3128 1253,3125 1298,3122 1343,3122 1388,3119 1432,3119 1477,3116 1522,3116 1567,3116 1612,3113 1656,3113 1701,3110 1746,3107 1791,3107 1836,3104 1880,3104 1925,3101 1970,3101 2015,3098 2059,3098 2104,3095 2149,3092 2194,3092 2239,3095 2283,3092 2328,3092 2373,3092 2418,3086 2462,3086 2507,3083 2552,3083 2597,3080 2642,3077 2686,3077 2731,3077 2776,3074 2821,3074 2865,3074 2910,3074 2955,3071 3000,3071 3045,3068 3089,3066 3134,3066 3179,3068"/>
                <TextEquiv>
                    <Unicode>das Fenster seines Zimmers., die Jalousien aber</Unicode>
                </TextEquiv>
            </TextLine>
            <TextLine id="tr_3_tl_7" custom="readingOrder {index:6;}">
                <Coords points="356,3181 383,3195 456,3138 533,3133 582,3176 651,3122 716,3122 742,3101 815,3109 900,3079 909,3028 855,3053 817,3010 691,3093 675,3077 630,3085 606,3053 549,3093 410,3106 370,3071"/>
                <Baseline points="373,3149 373,3146 417,3140 462,3137 507,3137 552,3134 597,3128 641,3119 686,3116 731,3107 776,3098 820,3092 865,3080 910,3068"/>
                <TextEquiv>
                    <Unicode>gewesen, das</Unicode>
                </TextEquiv>
            </TextLine>
            <TextLine id="tr_3_tl_8" custom="readingOrder {index:7;}">
                <Coords points="370,3288 397,3294 453,3251 517,3280 598,3245 624,3264 667,3232 833,3197 884,3243 962,3197 967,3149 911,3117 863,3154 833,3117 737,3173 689,3170 667,3138 627,3165 606,3154 544,3203 482,3211 386,3181"/>
                <Baseline points="391,3251 432,3248 477,3248 522,3245 567,3242 612,3236 656,3227 701,3218 746,3209 791,3203 835,3197 880,3194 925,3191 970,3185"/>
                <TextEquiv>
                    <Unicode>Zur schnell ihm</Unicode>
                </TextEquiv>
            </TextLine>
            <TextLine id="tr_3_tl_9" custom="readingOrder {index:8;}">
                <Coords points="1026,3278 2841,3264 2902,3259 2905,3165 1026,3219"/>
                <Baseline points="1041,3274 1077,3274 1122,3272 1167,3272 1212,3269 1256,3269 1301,3269 1346,3269 1391,3266 1435,3266 1480,3263 1525,3263 1570,3260 1615,3260 1659,3257 1704,3254 1749,3254 1794,3251 1839,3251 1883,3251 1928,3251 1973,3248 2018,3248 2062,3245 2107,3242 2152,3242 2197,3239 2242,3239 2286,3239 2331,3236 2376,3236 2421,3233 2465,3233 2510,3233 2555,3233 2600,3230 2645,3230 2689,3230 2734,3224 2779,3224 2824,3221 2868,3221 2913,3218"/>
                <TextEquiv>
                    <Unicode>waren herabgelassen,so dass es trotz des</Unicode>
                </TextEquiv>
            </TextLine>
            <TextLine id="tr_3_tl_10" custom="readingOrder {index:9;}">
                <Coords points="340,3363 381,3382 718,3312 775,3331 812,3302 844,3318 852,3262 796,3235 742,3275 721,3262 691,3280 649,3243 555,3302 512,3278 431,3339 381,3302 348,3312"/>
                <Baseline points="355,3364 361,3364 406,3361 450,3355 495,3346 540,3340 585,3331 629,3325 674,3319 719,3310 764,3307 809,3301 853,3301"/>
                <TextEquiv>
                    <Unicode>in dem Bericht,</Unicode>
                </TextEquiv>
            </TextLine>
            <TextLine id="tr_3_tl_11" custom="readingOrder {index:10;}">
                <Coords points="1026,3422 2870,3393 2870,3315 2771,3296 1453,3369 1029,3337"/>
                <Baseline points="1041,3421 1086,3418 1131,3418 1176,3415 1221,3412 1265,3412 1310,3409 1355,3409 1400,3406 1444,3406 1489,3406 1534,3406 1579,3403 1624,3403 1668,3400 1713,3400 1758,3397 1803,3397 1847,3394 1892,3391 1937,3394 1982,3391 2027,3388 2071,3388 2116,3388 2161,3385 2206,3385 2250,3385 2295,3382 2340,3382 2385,3379 2430,3379 2474,3379 2519,3379 2564,3379 2609,3379 2654,3376 2698,3373 2743,3370 2788,3370 2833,3367 2877,3367"/>
                <TextEquiv>
                    <Unicode>heissens Augustmorgens draussen, in dem</Unicode>
                </TextEquiv>
            </TextLine>
            <TextLine id="tr_3_tl_12" custom="readingOrder {index:11;}">
                <Coords points="359,3460 389,3471 413,3455 450,3473 541,3430 820,3414 895,3390 900,3350 745,3331 673,3379 584,3388 568,3369 515,3398 498,3382 440,3409 367,3401"/>
                <Baseline points="373,3460 409,3451 453,3448 498,3439 543,3430 588,3427 632,3421 677,3415 722,3409 767,3403 812,3397 856,3391 901,3385"/>
                <TextEquiv>
                    <Unicode>dass er dem</Unicode>
                </TextEquiv>
            </TextLine>
            <TextLine id="tr_3_tl_13" custom="readingOrder {index:12;}">
                <Coords points="421,3548 464,3554 490,3538 563,3527 579,3554 598,3559 649,3522 708,3508 713,3487 691,3479 657,3436 643,3444 619,3438 606,3449 598,3438 555,3471 515,3479 496,3463 456,3492 431,3481"/>
                <Baseline points="435,3549 444,3546 489,3531 534,3525 579,3519 623,3513 668,3507 713,3501"/>
                <TextEquiv>
                    <Unicode>Mr</Unicode>
                </TextEquiv>
            </TextLine>
            <TextLine id="tr_3_tl_14" custom="readingOrder {index:13;}">
                <Coords points="1032,3572 2937,3575 2940,3433 1032,3522"/>
                <Baseline points="1047,3561 1065,3561 1110,3561 1155,3561 1200,3558 1244,3555 1289,3552 1334,3552 1379,3552 1424,3549 1468,3552 1513,3552 1558,3549 1603,3549 1647,3546 1692,3543 1737,3540 1782,3540 1827,3540 1871,3540 1916,3540 1961,3537 2006,3537 2050,3534 2095,3534 2140,3531 2185,3528 2230,3528 2274,3528 2319,3528 2364,3525 2409,3522 2454,3522 2498,3522 2543,3519 2588,3519 2633,3519 2677,3516 2722,3516 2767,3513 2812,3513 2857,3516 2901,3519 2946,3522"/>
                <TextEquiv>
                    <Unicode>stillen Raum, der von ihrem Leibe duftete,</Unicode>
                </TextEquiv>
            </TextLine>
            <TextLine id="tr_3_tl_15" custom="readingOrder {index:14;}">
                <Coords points="1021,3723 1972,3696 2190,3771 2913,3725 2932,3564 2318,3567 1983,3658 1024,3650"/>
                <Baseline points="1035,3719 1056,3719 1101,3716 1146,3716 1191,3716 1235,3716 1280,3713 1325,3710 1370,3710 1415,3707 1459,3707 1504,3704 1549,3704 1594,3704 1638,3704 1683,3701 1728,3701 1773,3701 1818,3698 1862,3698 1907,3698 1952,3698 1997,3695 2042,3695 2086,3695 2131,3695 2176,3695 2221,3692 2265,3692 2310,3692 2355,3689 2400,3689 2445,3689 2489,3683 2534,3683 2579,3683 2624,3683 2668,3683 2713,3683 2758,3683 2803,3683 2848,3683 2892,3678 2937,3675"/>
                <TextEquiv>
                    <Unicode>kühl und dämmrig war.Wielglücklich war er</Unicode>
                </TextEquiv>
            </TextLine>
        </TextRegion>
    </Page>
</PcGts>
