3416 4136
2727 580 2960 775 466..
1223 768 3057 922 zweifelt daß jenes Unbegreifliche Gött-
1226 891 2934 1054 liche das über uns, das in uns, kurz
1219 1052 3062 1263 das nun einmal ist, sich in Göthe nicht
1221 1179 2846 1353 weniger ausgesprochen habe, als in
1219 1377 2927 1525 Christus, in Moses nicht weniger als
1205 1460 3073 1688 in Kopernikus, und dass eine Offenbarung
1209 1623 2890 1829 die heiliger wäre als das was diese
1205 1743 3008 1943 Menschen geleistet und gedacht niemals
1214 1887 2920 2050 gegeben. Wodurch unterscheidet sich
1202 2019 3066 2194 denn eigentlich die Gruppe von Tatsacha
1191 2170 3004 2389 Legenden, Irrtümern und Lügen, die An-
1191 2321 2934 2463 ter dem Gesichtspunkte einer einheit-
1198 2442 3039 2639 liehen Weltanschauung und in Ansehauung
1182 2567 2811 2799 Anerkennung eines unerforschlichen
1184 2751 2936 2918 letzten Grundes aller Dinge zusammen-
1177 2911 2837 3085 gefasst, (christliche oder jüdische
1163 3059 2929 3215 Releigionslehre genannt wird. Modurch
1170 3201 3008 3350 unterscheidet sich die von irgend einer
1154 3324 2909 3498 anderen einheitlichen Gruppe von Ir-
1151 3426 3011 3658 kenntnissen, Wie Naturwissenschaft oder
1140 3607 2929 3800 Musik, das wir sie von vornherein als
