<?xml version="1.0" encoding="UTF-8" standalone="yes"?>
<PcGts xmlns="http://schema.primaresearch.org/PAGE/gts/pagecontent/2013-07-15" xmlns:xsi="http://www.w3.org/2001/XMLSchema-instance" xsi:schemaLocation="http://schema.primaresearch.org/PAGE/gts/pagecontent/2013-07-15 http://schema.primaresearch.org/PAGE/gts/pagecontent/2013-07-15/pagecontent.xsd">
    <Metadata>
        <Creator>prov=READ-COOP:name=TrHtr:version=2.1.0:model_id=51170:date=30_07_2023_11:51</Creator>
        <Created>2023-05-10T13:59:59.349+02:00</Created>
        <LastChange>2023-07-30T11:51:50.782+02:00</LastChange>
        <TranskribusMetadata docId="1428601" pageId="55416043" pageNr="86" tsid="131502515" status="IN_PROGRESS" userId="64420" imgUrl="https://files.transkribus.eu/Get?id=PTDWGMPVUIKMVWLSYEYBETYN&amp;fileType=view" xmlUrl="https://files.transkribus.eu/Get?id=XDNUXQROHBIKJZYZQCSGTHQZ" imageId="44690150"/>
    </Metadata>
    <Page imageFilename="1428601_0086.jpg" imageWidth="3528" imageHeight="4264">
        <ReadingOrder>
            <OrderedGroup id="ro_1711789350003" caption="Regions reading order">
                <RegionRefIndexed index="0" regionRef="tr_1"/>
                <RegionRefIndexed index="1" regionRef="tr_2"/>
            </OrderedGroup>
        </ReadingOrder>
        <TextRegion id="tr_1" custom="readingOrder {index:0;}">
            <Coords points="934,484 3129,484 3129,1843 934,1843"/>
            <TextLine id="tr_1_tl_1" custom="readingOrder {index:0;}">
                <Coords points="2948,607 2972,602 2999,618 3062,578 3086,597 3118,591 3128,437 3107,435 3091,419 3083,427 3062,416 3036,419 3009,392 2985,395 2980,384 2964,384"/>
                <Baseline points="2965,546 2994,543 3039,540 3084,534 3129,537"/>
                <TextEquiv>
                    <Unicode>166</Unicode>
                </TextEquiv>
            </TextLine>
            <TextLine id="tr_1_tl_2" custom="readingOrder {index:1;}">
                <Coords points="920,809 2975,732 2985,573 931,642"/>
                <Baseline points="934,806 967,800 1012,797 1057,794 1101,791 1146,788 1191,785 1236,782 1280,779 1325,776 1370,773 1415,773 1460,770 1504,767 1549,764 1594,761 1639,758 1684,758 1728,755 1773,749 1818,749 1863,749 1908,749 1952,743 1997,740 2042,737 2087,734 2132,731 2176,728 2221,728 2266,725 2311,722 2355,719 2400,716 2445,713 2490,710 2535,710 2579,707 2624,704 2669,701 2714,701 2759,698 2803,692 2848,689 2893,686 2938,683 2983,683"/>
                <TextEquiv>
                    <Unicode>Plattform wandte sie sich nach ihm um, läch-</Unicode>
                </TextEquiv>
            </TextLine>
            <TextLine id="tr_1_tl_3" custom="readingOrder {index:2;}">
                <Coords points="941,941 2834,870 3033,835 3038,742 946,827"/>
                <Baseline points="955,943 979,937 1024,937 1068,934 1113,931 1158,931 1203,928 1248,922 1292,922 1337,919 1382,916 1427,913 1472,913 1516,910 1561,907 1606,901 1651,898 1696,898 1740,892 1785,892 1830,892 1875,889 1919,886 1964,883 2009,880 2054,877 2099,874 2143,871 2188,871 2233,868 2278,865 2323,865 2367,865 2412,859 2457,856 2502,856 2547,851 2591,848 2636,848 2681,845 2726,842 2771,842 2815,836 2860,833 2905,830 2950,827 2994,821 3039,824"/>
                <TextEquiv>
                    <Unicode>elte ihm zu und er blieb stehn, solange bis er</Unicode>
                </TextEquiv>
            </TextLine>
            <TextLine id="tr_1_tl_4" custom="readingOrder {index:3;}">
                <Coords points="931,1106 2946,1021 2953,886 1691,909 1296,984 941,941"/>
                <Baseline points="949,1089 985,1089 1030,1086 1074,1083 1119,1080 1164,1077 1209,1077 1254,1071 1298,1071 1343,1068 1388,1066 1433,1063 1478,1066 1522,1060 1567,1057 1612,1054 1657,1051 1702,1048 1746,1045 1791,1042 1836,1042 1881,1039 1925,1036 1970,1033 2015,1030 2060,1030 2105,1024 2149,1021 2194,1021 2239,1018 2284,1015 2329,1012 2373,1012 2418,1009 2463,1006 2508,1003 2553,1000 2597,1000 2642,997 2687,997 2732,994 2776,988 2821,988 2866,982 2911,979 2956,982"/>
                <TextEquiv>
                    <Unicode>ihr Lächeln, bis er ihr Gesicht nicht mehr</Unicode>
                </TextEquiv>
            </TextLine>
            <TextLine id="tr_1_tl_5" custom="readingOrder {index:4;}">
                <Coords points="954,1246 2704,1185 2847,1159 2855,1007 2004,1087 1763,1050 1482,1164 957,1156"/>
                <Baseline points="970,1239 976,1239 1021,1233 1066,1233 1110,1230 1155,1227 1200,1224 1245,1221 1289,1218 1334,1215 1379,1215 1424,1212 1469,1209 1513,1209 1558,1206 1603,1203 1648,1203 1693,1200 1737,1197 1782,1194 1827,1194 1872,1191 1917,1188 1961,1188 2006,1182 2051,1179 2096,1176 2140,1173 2185,1170 2230,1167 2275,1164 2320,1164 2364,1164 2409,1158 2454,1158 2499,1158 2544,1155 2588,1152 2633,1152 2678,1149 2723,1143 2768,1140 2812,1137 2857,1137"/>
                <TextEquiv>
                    <Unicode>sehen konnte.Solange, bis der Wagen, jen-</Unicode>
                </TextEquiv>
            </TextLine>
            <TextLine id="tr_1_tl_6" custom="readingOrder {index:5;}">
                <Coords points="960,1410 2763,1334 2943,1296 2946,1241 965,1331"/>
                <Baseline points="976,1388 1021,1382 1066,1382 1110,1382 1155,1379 1200,1376 1245,1373 1289,1370 1334,1370 1379,1367 1424,1364 1469,1361 1513,1358 1558,1358 1603,1355 1648,1352 1693,1352 1737,1349 1782,1346 1827,1343 1872,1340 1917,1334 1961,1334 2006,1331 2051,1328 2096,1322 2140,1322 2185,1319 2230,1316 2275,1313 2320,1310 2364,1307 2409,1304 2454,1301 2499,1301 2544,1298 2588,1295 2633,1298 2678,1295 2723,1292 2768,1289 2812,1286 2857,1283 2902,1280 2947,1280"/>
                <TextEquiv>
                    <Unicode>seits der Donau in die Praterstrasse einge-</Unicode>
                </TextEquiv>
            </TextLine>
            <TextLine id="tr_1_tl_7" custom="readingOrder {index:6;}">
                <Coords points="965,1548 2744,1477 2964,1448 2969,1349 970,1458"/>
                <Baseline points="982,1528 1003,1528 1048,1528 1092,1528 1137,1525 1182,1522 1227,1519 1272,1519 1316,1516 1361,1513 1406,1513 1451,1510 1495,1507 1540,1501 1585,1501 1630,1498 1675,1498 1719,1495 1764,1492 1809,1490 1854,1490 1899,1487 1943,1484 1988,1478 2033,1478 2078,1475 2123,1472 2167,1469 2212,1466 2257,1466 2302,1463 2346,1457 2391,1457 2436,1454 2481,1451 2526,1451 2570,1448 2615,1445 2660,1445 2705,1442 2750,1439 2794,1436 2839,1433 2884,1430 2929,1430 2974,1430"/>
                <TextEquiv>
                    <Unicode>bogen war. Dann ging er seines Weges.Es war</Unicode>
                </TextEquiv>
            </TextLine>
            <TextLine id="tr_1_tl_8" custom="readingOrder {index:7;}">
                <Coords points="978,1686 2983,1599 3017,1509 981,1625"/>
                <Baseline points="994,1684 1000,1681 1045,1681 1089,1678 1134,1675 1179,1672 1224,1672 1269,1666 1313,1663 1358,1660 1403,1660 1448,1657 1492,1657 1537,1654 1582,1651 1627,1648 1672,1645 1716,1642 1761,1639 1806,1636 1851,1636 1896,1633 1940,1633 1985,1633 2030,1627 2075,1627 2120,1624 2164,1621 2209,1618 2254,1618 2299,1612 2344,1612 2388,1609 2433,1606 2478,1603 2523,1600 2567,1597 2612,1594 2657,1594 2702,1591 2747,1588 2791,1588 2836,1588 2881,1582 2926,1579 2971,1579 3015,1585"/>
                <TextEquiv>
                    <Unicode>eine jener seltenen Stunden,in denen er bei</Unicode>
                </TextEquiv>
            </TextLine>
            <TextLine id="tr_1_tl_9" custom="readingOrder {index:8;}">
                <Coords points="976,1848 1487,1821 1673,1877 1821,1795 2818,1787 2959,1750 2964,1657 978,1784"/>
                <Baseline points="991,1833 994,1833 1039,1830 1083,1827 1128,1824 1173,1821 1218,1821 1263,1818 1307,1815 1352,1812 1397,1812 1442,1806 1487,1806 1531,1803 1576,1800 1621,1800 1666,1800 1710,1797 1755,1791 1800,1791 1845,1788 1890,1785 1934,1785 1979,1782 2024,1779 2069,1776 2114,1773 2158,1770 2203,1767 2248,1767 2293,1764 2338,1764 2382,1758 2427,1758 2472,1752 2517,1752 2561,1749 2606,1746 2651,1746 2696,1743 2741,1740 2785,1737 2830,1737 2875,1734 2920,1731 2965,1728"/>
                <TextEquiv>
                    <Unicode>nahe ruhig war. Ihrer Liebe und Treue sich</Unicode>
                </TextEquiv>
            </TextLine>
        </TextRegion>
        <TextRegion id="tr_2" custom="readingOrder {index:1;}">
            <Coords points="997,1831 3180,1831 3180,3766 997,3766"/>
            <TextLine id="tr_2_tl_1" custom="readingOrder {index:0;}">
                <Coords points="978,2065 2977,1898 3009,1829 986,1938"/>
                <Baseline points="997,1988 1042,1985 1086,1979 1131,1976 1176,1976 1221,1973 1266,1970 1310,1967 1355,1964 1400,1961 1445,1961 1490,1958 1534,1955 1579,1955 1624,1952 1669,1949 1713,1946 1758,1943 1803,1940 1848,1937 1893,1937 1937,1937 1982,1934 2027,1931 2072,1928 2117,1928 2161,1925 2206,1922 2251,1919 2296,1917 2341,1914 2385,1911 2430,1908 2475,1908 2520,1905 2564,1902 2609,1899 2654,1899 2699,1896 2744,1896 2788,1890 2833,1890 2878,1887 2923,1884 2968,1881 3012,1884"/>
                <TextEquiv>
                    <Unicode>im Innersten Bewusst. Und nur tief unten in</Unicode>
                </TextEquiv>
            </TextLine>
            <TextLine id="tr_2_tl_2" custom="readingOrder {index:1;}">
                <Coords points="994,2161 2267,2071 2431,2140 2837,2121 2961,2089 2967,1970 1000,2060"/>
                <Baseline points="1009,2134 1045,2132 1089,2129 1134,2129 1179,2123 1224,2123 1269,2120 1313,2117 1358,2117 1403,2111 1448,2111 1492,2108 1537,2105 1582,2105 1627,2102 1672,2096 1716,2096 1761,2096 1806,2093 1851,2090 1896,2087 1940,2084 1985,2084 2030,2081 2075,2078 2120,2078 2164,2072 2209,2072 2254,2069 2299,2066 2344,2063 2388,2060 2433,2060 2478,2057 2523,2054 2567,2051 2612,2048 2657,2048 2702,2045 2747,2042 2791,2039 2836,2039 2881,2039 2926,2039 2971,2045"/>
                <TextEquiv>
                    <Unicode>seiner Seele rauschten die Fragen, die nie.</Unicode>
                </TextEquiv>
            </TextLine>
            <TextLine id="tr_2_tl_3" custom="readingOrder {index:2;}">
                <Coords points="994,2304 2898,2227 2975,2113 1000,2206"/>
                <Baseline points="1012,2284 1054,2281 1098,2278 1143,2275 1188,2272 1233,2272 1278,2266 1322,2263 1367,2263 1412,2260 1457,2260 1501,2257 1546,2254 1591,2251 1636,2248 1681,2245 1725,2242 1770,2242 1815,2239 1860,2236 1905,2236 1949,2230 1994,2230 2039,2227 2084,2224 2129,2224 2173,2221 2218,2218 2263,2218 2308,2215 2352,2212 2397,2209 2442,2206 2487,2206 2532,2203 2576,2200 2621,2197 2666,2194 2711,2191 2756,2188 2800,2188 2845,2185 2890,2185 2935,2182 2980,2182"/>
                <TextEquiv>
                    <Unicode>mals völlig verstummten: Und heut über ein</Unicode>
                </TextEquiv>
            </TextLine>
            <TextLine id="tr_2_tl_4" custom="readingOrder {index:3;}">
                <Coords points="1013,2450 2185,2373 2322,2415 2450,2357 2885,2394 2890,2275 1018,2341"/>
                <Baseline points="1030,2427 1054,2424 1098,2424 1143,2421 1188,2421 1233,2418 1278,2415 1322,2412 1367,2409 1412,2409 1457,2406 1501,2406 1546,2403 1591,2400 1636,2397 1681,2397 1725,2394 1770,2391 1815,2388 1860,2385 1905,2382 1949,2382 1994,2379 2039,2376 2084,2373 2129,2370 2173,2370 2218,2370 2263,2367 2308,2367 2352,2361 2397,2358 2442,2355 2487,2352 2532,2352 2576,2349 2621,2346 2666,2346 2711,2344 2756,2341 2800,2338 2845,2338 2890,2338"/>
                <TextEquiv>
                    <Unicode>Jahr, und heut über zehn Hahr. Aber übr</Unicode>
                </TextEquiv>
            </TextLine>
            <TextLine id="tr_2_tl_5" custom="readingOrder {index:4;}">
                <Coords points="1018,2580 2773,2545 2834,2463 2418,2426 2211,2484 1787,2439 1686,2495 1023,2492"/>
                <Baseline points="1033,2579 1048,2576 1092,2573 1137,2570 1182,2570 1227,2567 1272,2564 1316,2564 1361,2561 1406,2558 1451,2556 1495,2553 1540,2553 1585,2550 1630,2547 1675,2547 1719,2544 1764,2544 1809,2541 1854,2535 1899,2535 1943,2529 1988,2529 2033,2529 2078,2523 2123,2523 2167,2520 2212,2520 2257,2517 2302,2517 2346,2514 2391,2511 2436,2508 2481,2505 2526,2505 2570,2505 2615,2502 2660,2499 2705,2499 2750,2499 2794,2499 2839,2493"/>
                <TextEquiv>
                    <Unicode>das Morgen wenigstens war er beruhigt,</Unicode>
                </TextEquiv>
            </TextLine>
            <TextLine id="tr_2_tl_6" custom="readingOrder {index:5;}">
                <Coords points="1021,2731 3049,2672 3118,2577 1026,2646"/>
                <Baseline points="1036,2723 1063,2720 1107,2717 1152,2714 1197,2711 1242,2708 1286,2708 1331,2705 1376,2705 1421,2702 1466,2702 1510,2699 1555,2696 1600,2693 1645,2693 1690,2693 1734,2690 1779,2690 1824,2687 1869,2684 1914,2681 1958,2678 2003,2675 2048,2672 2093,2672 2137,2672 2182,2669 2227,2669 2272,2666 2317,2663 2361,2663 2406,2660 2451,2657 2496,2657 2541,2654 2585,2651 2630,2648 2675,2645 2720,2645 2765,2642 2809,2639 2854,2636 2899,2636 2944,2633 2988,2630 3033,2630 3078,2627 3123,2633"/>
                <TextEquiv>
                    <Unicode>Und so konnte er nach langer zeit wieder ein-</Unicode>
                </TextEquiv>
            </TextLine>
            <TextLine id="tr_2_tl_7" custom="readingOrder {index:6;}">
                <Coords points="1023,2874 2993,2824 3152,2800 3155,2720 1026,2810"/>
                <Baseline points="1039,2872 1054,2869 1098,2866 1143,2863 1188,2860 1233,2857 1278,2857 1322,2854 1367,2854 1412,2851 1457,2851 1501,2845 1546,2842 1591,2839 1636,2839 1681,2836 1725,2836 1770,2833 1815,2830 1860,2830 1905,2827 1949,2824 1994,2824 2039,2821 2084,2821 2129,2818 2173,2818 2218,2815 2263,2815 2308,2812 2352,2809 2397,2809 2442,2806 2487,2803 2532,2803 2576,2800 2621,2797 2666,2794 2711,2791 2756,2788 2800,2785 2845,2785 2890,2785 2935,2782 2980,2782 3024,2779 3069,2779 3114,2776 3159,2779"/>
                <TextEquiv>
                    <Unicode>mal,den ganzen Nachmittag ungequält in seinem</Unicode>
                </TextEquiv>
            </TextLine>
            <TextLine id="tr_2_tl_8" custom="readingOrder {index:7;}">
                <Coords points="1021,3030 3036,2967 3057,2866 2285,2911 2007,2845 1023,2940"/>
                <Baseline points="1036,3009 1045,3009 1089,3006 1134,3006 1179,3003 1224,3003 1269,3000 1313,3000 1358,2994 1403,2994 1448,2994 1492,2991 1537,2988 1582,2985 1627,2985 1672,2983 1716,2983 1761,2980 1806,2980 1851,2977 1896,2977 1940,2974 1985,2971 2030,2971 2075,2971 2120,2968 2164,2965 2209,2962 2254,2959 2299,2956 2344,2956 2388,2953 2433,2953 2478,2953 2523,2950 2567,2947 2612,2947 2657,2944 2702,2941 2747,2941 2791,2938 2836,2938 2881,2935 2926,2935 2971,2932 3015,2929 3060,2935"/>
                <TextEquiv>
                    <Unicode>kühlen Zimmer arbeiten,das von ihrem Körper</Unicode>
                </TextEquiv>
            </TextLine>
            <TextLine id="tr_2_tl_9" custom="readingOrder {index:8;}">
                <Coords points="1042,3166 2903,3136 3105,3115 3107,3020 2381,3054 2243,2969 1649,3091 1045,3067"/>
                <Baseline points="1057,3159 1098,3156 1143,3153 1188,3150 1233,3147 1278,3147 1322,3144 1367,3144 1412,3141 1457,3141 1501,3138 1546,3135 1591,3135 1636,3132 1681,3132 1725,3129 1770,3126 1815,3126 1860,3123 1905,3120 1949,3120 1994,3117 2039,3114 2084,3114 2129,3114 2173,3111 2218,3111 2263,3108 2308,3108 2352,3105 2397,3102 2442,3102 2487,3099 2532,3096 2576,3096 2621,3093 2666,3090 2711,3090 2756,3090 2800,3090 2845,3087 2890,3084 2935,3084 2980,3081 3024,3078 3069,3075 3114,3078"/>
                <TextEquiv>
                    <Unicode>duftete.) Und am nächsten Morgen erst kam der</Unicode>
                </TextEquiv>
            </TextLine>
            <TextLine id="tr_2_tl_10" custom="readingOrder {index:9;}">
                <Coords points="1042,3314 2802,3298 3155,3256 3158,3187 2908,3131 2259,3211 1967,3150 1365,3264 1045,3219"/>
                <Baseline points="1057,3302 1101,3299 1146,3296 1191,3296 1236,3293 1280,3293 1325,3293 1370,3290 1415,3287 1460,3284 1504,3284 1549,3284 1594,3281 1639,3278 1684,3275 1728,3275 1773,3275 1818,3272 1863,3272 1908,3269 1952,3266 1997,3263 2042,3263 2087,3263 2132,3260 2176,3260 2221,3260 2266,3260 2311,3257 2355,3257 2400,3254 2445,3251 2490,3248 2535,3248 2579,3245 2624,3245 2669,3245 2714,3242 2759,3245 2803,3242 2848,3239 2893,3236 2938,3236 2983,3233 3027,3233 3072,3233 3117,3236 3162,3239"/>
                <TextEquiv>
                    <Unicode>Brief, der furchtbare Brief, der ihm gestand,</Unicode>
                </TextEquiv>
            </TextLine>
            <TextLine id="tr_2_tl_11" custom="readingOrder {index:10;}">
                <Coords points="1042,3444 1832,3476 2548,3396 2680,3447 2946,3415 2988,3303 1045,3338"/>
                <Baseline points="1057,3442 1066,3442 1110,3442 1155,3439 1200,3436 1245,3433 1289,3433 1334,3430 1379,3433 1424,3430 1469,3430 1513,3427 1558,3424 1603,3424 1648,3424 1693,3421 1737,3421 1782,3418 1827,3415 1872,3412 1917,3412 1961,3412 2006,3410 2051,3407 2096,3407 2140,3407 2185,3407 2230,3404 2275,3407 2320,3407 2364,3404 2409,3401 2454,3401 2499,3398 2544,3395 2588,3395 2633,3392 2678,3389 2723,3389 2768,3386 2812,3386 2857,3386 2902,3383 2947,3383 2991,3386"/>
                <TextEquiv>
                    <Unicode>dass sie längst den Vertrag für die ferne</Unicode>
                </TextEquiv>
            </TextLine>
            <TextLine id="tr_2_tl_12" custom="readingOrder {index:11;}">
                <Coords points="1053,3600 2991,3579 3174,3550 3176,3460 1055,3529"/>
                <Baseline points="1066,3595 1074,3592 1119,3589 1164,3592 1209,3592 1254,3592 1298,3589 1343,3589 1388,3586 1433,3583 1478,3580 1522,3580 1567,3577 1612,3577 1657,3574 1702,3574 1746,3574 1791,3571 1836,3571 1881,3568 1925,3568 1970,3565 2015,3565 2060,3565 2105,3562 2149,3559 2194,3556 2239,3556 2284,3556 2329,3553 2373,3553 2418,3553 2463,3550 2508,3547 2553,3547 2597,3544 2642,3544 2687,3541 2732,3541 2776,3541 2821,3541 2866,3538 2911,3538 2956,3535 3000,3532 3045,3532 3090,3529 3135,3529 3180,3529"/>
                <TextEquiv>
                    <Unicode>Stadt unterschrieben, dass sie ihm den Schmerz</Unicode>
                </TextEquiv>
            </TextLine>
            <TextLine id="tr_2_tl_13" custom="readingOrder {index:12;}">
                <Coords points="1053,3757 1259,3810 1697,3736 3105,3754 3144,3574 2227,3571 1941,3677 1055,3693"/>
                <Baseline points="1068,3756 1086,3756 1131,3750 1176,3750 1221,3750 1266,3747 1310,3747 1355,3744 1400,3744 1445,3744 1490,3744 1534,3741 1579,3738 1624,3738 1669,3735 1713,3735 1758,3732 1803,3732 1848,3729 1893,3726 1937,3726 1982,3723 2027,3723 2072,3720 2117,3720 2161,3720 2206,3717 2251,3717 2296,3714 2341,3711 2385,3708 2430,3708 2475,3705 2520,3705 2564,3705 2609,3702 2654,3702 2699,3702 2744,3702 2788,3699 2833,3696 2878,3696 2923,3693 2968,3690 3012,3687 3057,3684 3102,3684 3147,3687"/>
                <TextEquiv>
                    <Unicode>des Abschieds hatte ersparen wollen, und dass</Unicode>
                </TextEquiv>
            </TextLine>
        </TextRegion>
    </Page>
</PcGts>
