3560 4280
2946 430 3122 582 uees
1007 545 3041 767 mit ihr gewesen. Das Herz schwoll ihm, wenn
2804 693 3059 788 ging in
1017 769 3046 941 er daran dachter um die Mittagsstunde waren
453 872 975 1086 Zusammen
1020 870 2956 1099 sie fortgegangen). Im müden und zärtlichen
1022 1046 2996 1233 Schweigen.Er begleitete sie über den Ring
1017 1154 2959 1346 auf den die Sonne herunterglühte,über den
1030 1362 2980 1505 ernsten, schattigen Burgplatz, durch enge
1028 1518 2954 1650 sonntagsstille Gassen,wo zwischen Häusern
1014 1623 3043 1816 und Palästen eine steinerne Kühle lag,durch
1022 1763 3107 1950 alte menschenleere Höfe.Nicht einmal die Bet-
1028 1916 2962 2095 tler und Krüppel waren an ihren gewohnten
1030 2079 2996 2274 Plätzen, Nur in einem Durchhaus, sass ein
1022 2263 2906 2422 alter Blinder auf einem Rohrseliä, eine
1014 2411 3072 2535 kleine Spieluhr auf dem Schoss, die ihre un-
1033 2572 3014 2682 ermüdlich verhauchende Weise sang. Sie ver-
1028 2711 2996 2862 abredeten das nächste Stelldichein. Morgen
1017 2814 2951 3025 Abend wollte er sie vom Hause abholen und
1012 3012 3083 3162 mit ihr zusammen in den Prater gehen, in das
1014 3175 2991 3304 kleine Wirtshaus, das sie neulich entdeckt
1017 3296 2864 3452 hatten, wo man nie einen Menschen traf.
1017 3428 2914 3618 An der Ferdinandsbrücke stieg sie in den
1022 3560 3141 3789 Omnibuss ein, um nach Hause zu fahren.Auf der
