3416 4152
2687 533 2914 695 - 459.
1214 732 2963 913 erwecken an deren Erfüllung ich nicht
1214 916 2965 1090 glaube, sondern ich würde meine ganze
1197 1083 2965 1194 Kraft, statt zu einem Verzögerungsmo-
356 1189 1066 1388 + seiner Bedeutung
1216 1211 2948 1328 tiv, was mir der Zionismus bei
264 1330 1054 1502 als Wohlfahrte der
1221 1330 3014 1492 aller Anerkennung im politischen Sinn
1245 1451 1909 1565 vorzustellen schonte,
252 1458 1105 1613 und at ucomalisches
1221 1458 3011 1645 bedeutet, ich würde meine Kraft lieber
264 1611 608 1788 Privat
1214 1623 2873 1778 gleich zu einem Zweck aufwenden der
1209 1761 2897 1921 meiner Ueberzeugung nach auf der ge-
2280 1882 2674 1982 Mentshed
1398 1914 1613 2023 gropo
1216 1928 2885 2066 schichtlichen Linie der, Entwicklung
1221 2059 3166 2241 1108t, an der die Bücher mit zu arbeiten berufen sind
1216 2204 1718 2372 Das wäre?
1206 2335 2975 2500 Nun auf die Gefahr hin, dass Sie mich
1226 2478 2975 2616 wieder als einen politischen Dilletan
1206 2628 2960 2764 ten erklären, ich würde die Juden der
1214 2752 3055 2922 ganzen Welt zu einem Austritt aus ihren
1202 2917 2495 3077 Kultusgemeinden auffordern.
1206 3033 2815 3207 Es ist Ihnen doch nicht unbekannt,
1214 3169 2849 3401 sagte Leo, mit überraschender Ruhe,
1206 3394 3016 3537 dass Sie nicht der Erste sind, der von
1245 3476 2999 3670 einem allgemeinen oder von einem Mas-
1197 3607 3001 3777 senübertritt der Juden zum Katholizis-
