3400 4088
1319 325 2432 539 so worug hat alle zy
1421 463 2517 616 die in Deutschland
737 459 1317 669 Nichtenden
1319 588 3011 796 leben und in Oesterreich und in den
1370 769 2986 909 übrigen europäischen Ländern, sich
1357 915 2907 1087 nach irgend einer Heimat sehnen,
1370 1081 3028 1234 in der ihre Urahnen vor zweitausend
1380 1225 3016 1385 oder ihre Grosseltern noch vor hun-
1372 1363 2954 1548 dert Jahren gelebt haben. Man hat
2408 1474 2931 1580 car de thiller.
1359 1557 2958 1716 nicht dort seine Heimat, nicht wo
1372 1678 3075 1833 die Eltern, nicht einmal dort, wo um
1393 1816 3082 1992 selbst geboren ist, sondern dort, wo
1423 1960 2988 2136 man lebt, wo man sich wehl fühlt,
1391 2136 2971 2319 und innerhalb der Kultur, der man
1576 2287 1780 2359 ein
1404 2270 3009 2451 seine Entwicklung verdankt. Es ist
1385 2410 3090 2636 kein Zufall, dass der Zionismus dort
1457 2604 2933 2752 seine begeisterten Anhänger hat
1448 2723 3001 2899 wo die Juden in orthedexem Eigen-
1417 2878 3024 3045 sinn oder auch aus äussern Gründen
1408 3026 3045 3194 gezwungen, sich in ihre uralte Kul-
1427 3181 3028 3373 tur eingeschlossen haben, ohne von
1465 3319 2994 3534 der rings um sie zu profitieren.
1414 3474 3003 3678 Und fragen Sie doch einmal Juden,
1434 3634 2992 3920 die in Kultursentrem leben, frage
