3496 4280
1029 394 2657 695 In ein Umbst. uni meist
2840 384 2997 661 we
1298 601 1837 752 ri un
1042 590 3067 878 die schwesterliche Freundin enteilt, hinter
1040 784 2981 1027 deren ruhiger Stin. alle vilden Wänsche
1045 967 2970 1178 unweckbar zu schlummern/schienen, und die
1042 1113 3070 1304 leidenschaftliche Frau /drängte sich an sei-
1048 1306 2814 1453 ne Brust. Keines dieser beiden Wesen
1061 1450 2798 1604 die in Anna vereint schienen war ihm
1063 1573 2874 1750 rätselvoll. Nur dass beide eines waren
1071 1729 3002 1899 schwebte wie ein beunruhigendes Geheimnis
1069 1871 2918 2046 um manche Stunde stillerer Unterhaltung
1074 1993 2876 2223 und auch um die Stunden der wonne)(Die
1074 2163 2968 2341 Lampe war ausgelöscht) und mild 1 Quehtend
1087 2304 3114 2495 schwebte der Schneevorhang vor den Fenstern
2179 2411 2333 2513 with
1071 2466 2780 2646 nieder. Kein Laut kam von draussen.
1865 2576 2074 2667 verh
1084 2537 3049 2764 Auch die Orgel war verklungen.... So that
1197 2709 2396 2814 une a voir vie mil il pense.
883 2756 2981 2983 ÜndSpäter, während sie beide im Dunkel lagen
1102 2908 3015 3085 erzählte er ihr von Heinrichs Opernstoff.
585 2918 985 3093 sorgt sie ihn
355 3051 927 3182 receit de Opaost.
1095 3067 2793 3226 Die Strafe für den Züngling, den der
428 3148 857 3268 it.
1102 3185 2855 3357 First aus der höchsten Helligkeit ins
379 3250 870 3438 I don’t
1095 3354 3067 3529 ungeheuerste Dunkel stürzen wollte war ge-
413 3344 841 3532 full but
316 3467 930 3660 mit zustellen.
1095 3501 2983 3699 funden. Eines abends mit verbundenen Au-
319 3616 815 3752 Jüngst wollen
1102 3650 2976 3866 gen und in Ketten wird er auf ein Schiff
308 3712 807 3851 at of the mers
316 3806 815 3906 ... xxx
