3384 4056
2610 283 2794 515 245
1591 310 2389 559 rathmeldf
1124 501 2941 746 irgend eine rätselhaft. Weise zusammen-
1087 692 2971 872 gestellt hat. Dazu muss er natürlich die
1101 794 2947 1053 seltsamsten Korrespondenzen führen,) und
1097 978 2893 1172 im letzten April hat er ein X### Terto
1148 1114 3046 1322 gemacht - und zwar in Lissabon. Nun kann
1152 1240 3012 1458 er wieder eine Weile weiterwandern. Wie
1152 1428 2607 1636 weit, das wird sich ja zeigen.'
1363 1574 3053 1809 "Das muss jetzt wol schon acht Jahre
1107 1741 2920 1939 sein“, sagte Frau Ehrenberg, “dass Ihr
1169 1878 2988 2130 Bruder an dieser merkwürdigen Hypochon
1135 2092 1741 2276 drie leidet?"
1383 2215 2978 2389 "Es sind schon vierzehn Jahre. Vor
1196 2372 3036 2562 vierzehn Jahren hat er seine Stelle im-
215 2522 2958 2818 die Akademie at xxx niedergelegt. Aber
1193 2695 3094 2859 warum nennen wir es Hypochondrie?... Die
1199 2798 3026 3057 Andern tun ja auch nichts Anderes, als
1203 2971 3152 3210 immerfort vor dem Tode fliehen - (der Eine
1223 3138 2866 3370 jagt aurch seine Arbeit, der Andere
368 3131 855 3452 sich mit
1179 3319 3091 3513 durch seine Vergnügungen, Andere durch al
392 3312 1022 3551 Herrn Woche
1176 3418 3036 3697 lerhand Philosophie;) und sich Langeweil
