3688 4376
2634 603 2824 736 874
923 744 3097 1011 Sekundant gewesen, selbstverständlich. Und der
934 909 2940 1187 andre? James vielleicht... oder Guidol Dem
934 1055 2967 1314 hätt ich erst telegraphieren müssen. Ach es
956 1190 3017 1479 ist schon besser so. Nichtwahr es ist bessers
953 1369 3014 1650 so, Anna? Nichtwahr Anna? Es ist Dir lieber
961 1551 3000 1747 dass ich lebel Trotsdem,... trotzdem.... In
967 1703 3028 1923 drei Stunden bin ich bei ihr. Sehn ich micht
961 1835 2995 2072 Freu ich mich? Nein, nein. Ich hab noch das
967 2006 2970 2240 Gift im Blut. (Ja das Gift im blut.) Und ich
973 2146 3058 2331 steh für nichts. Wenn sie mirs auch verboten
975 2331 3019 2540 hat... wenn ich  ihrs auch geschwo
978 2471 3064 2659 ren habe... ich fahr einfach hin zu ihr. Was
984 2590 3130 2807 kann sie tun? Pfötzlich stehe ich bei ihr im
986 2719 3075 2962 Zimmer... ein Bekannter vom Sommer her. Oder
1000 2901 3212 3157 fahr einfach nach München und schreib ihr, dass
1006 3069 3132 3306 ich da bin. Oder warte vor ihrem Haustor. Und
1003 3229 3149 3455 seh ste wieder. Und hab sie weder.. In drei
997 3378 3201 3626 Wochen ist hoffentlich alles gut vorüber draus
1014 3532 3102 3824 sen in der Villa, und dann bin ich einfreter
