3480 4232
2614 528 2811 711 H 62.
1085 756 2902 983 was zu gute tue. Ich hänge so wenig am
1129 913 2823 1115 Glauben meiner Väter als hunderttau-
1094 1027 2911 1279 send andere, die sich nur deshalb trot
1101 1228 2911 1432 zig als Juden bekennen, weil sie nicht
1112 1346 2911 1574 mit denjenigen verweehselt werden wol-
1119 1506 2978 1729 len, die aus praktischen Gründen, aus
1131 1666 2969 1861 Suobismus, Kriecherei oder Feigheit zur
1133 1791 2913 2000 Staatsreligion übergetreten sind. Die-
1131 1924 3001 2176 ses Redenken fiele aber selbstverständ-
1154 2095 2985 2318 lich fort, Venn endlich Alle aufhörten.
1328 2278 1703 2375 äusserlich
1161 2216 2957 2459 sich zu einer Religion zu bekennen die
1284 2433 1736 2531 einmalich
1163 2410 2334 2626 ihnen nichts hadeutet.
1156 2491 2971 2788 Alle Darf ich fragen wie Sie sich das
1182 2723 2841 2911 vorstellen? denn Sie haben hoffent-
1189 2841 2892 3006 lich nicht wieder vergessen, dass es
1177 2955 2855 3136 noch eine grössere Anzal von Juden
1180 3087 2853 3228 giebt, denen der Glaube ihrer Väter
3024 3119 3177 3238 gh
1184 3194 3048 3414 sehr viel bedeutet) Sie wissen xxx
2644 3316 2725 3409 r
1200 3370 3048 3518 dass es im Lauf der Jahrhunderte einige
1189 3511 3045 3680 Tausend Juden gegeben hat, die sich für
1194 3664 2932 3822 diesen Glauben haben foltern und ver-
