3448 4200
1815 487 2299 700 482
1137 672 2894 841 segar - vielleicht gerade wegen ihres
1178 780 2757 1006 Ausserhalbstehens - die Seele der
1197 942 2849 1153 Völker, unter denen sie leben, bes-
1165 1121 2929 1312 ser verstehen, als dieses Volk selbst,
1149 1245 2958 1468 ändert nichts an meiner Ueberzeugung.
1127 1379 2872 1662 Nicht einmal der Umstand, dass vier¬
888 1449 1063 1656 2re
1149 1586 2945 1815 leicht mit der Zeit die grösste Anzahl
1168 1706 2926 1964 der Verständigen unter den Nichtjuden
1175 1910 2875 2111 all das geradese einsehen werden wie
1178 2025 2948 2229 ich, wird mich jemals dazu veranlassen
1181 2206 2862 2394 mich als hierhergnörig, als hier zu
2735 2270 2919 2385 hier
1181 2350 2951 2502 Hause zu empfinden. Nein, ich bin ein
1191 2442 3066 2697 Fremder hier, ein vernehmer Fremder,
516 2595 3076 2786 Sie wolte ich und unzulhe vor niemandten anders anzahl ihnen
1633 2671 2955 2837 sich hier unter Umständen
1248 2732 1566 2865 einer,
2550 2808 2827 2990 in
1213 2818 2416 3028 auch sehl fühlen konnte, —
1232 2916 2875 3187 Freuder. Und ich kie mir, wenn ich
1223 3126 2926 3337 mich aus den Matrikeln der Kultusge-
2302 3187 2974 3333 erschien ich mich
1219 3260 2799 3489 meinde streichen liesse, nicht ein
1280 3407 2993 3661 wir wie einer, der eine Feigheit oder
1264 3566 2722 3763 eine Untreue, sondern wie einer
1274 3671 2869 3897 der etwas vollkommen Unlegisehes
2767 3811 2849 3897 8.
1977 3798 2719 3999 umüher, auf
