3432 4248
2873 403 3059 607 601
793 539 3090 796 auflehtn, dass ich für die Fehler anderer mitzu
793 746 3127 935 leiden und zu büssen habe. Dann bedenken Sie, (doch),
796 907 2960 1077 dass wir alle, auch wir Juden, die in moderner
780 1050 3022 1214 Kultur aufgewachsen sind, von Kindheit auf aller
790 1220 3109 1430 lei als spezifisch jüdtsch bezeichnete Eigenschaf
799 1384 3071 1536 ten aufmerksam gemacht und darauf gehetzt werden,
793 1545 3003 1697 sie als besonders lächerlich und widerwärtig zu
786 1669 3127 1845 empfinden, was hinsichtlichder ebenso lächerlichen
2443 1799 2811 1895 anden
790 1830 3093 2034 und widerwärtigen Eigenheiten der (sogenannten Ein
793 2006 2945 2143 geborenen durchaus nicht der Fall ist. Und dann
793 2130 3146 2294 kommt noch etwas dazu., was aber wohl nur bei Went,
2390 2245 3059 2353 in December 1st.
793 2279 3028 2437 gen und auch da gewissermassen im
2226 2403 2434 2502 Schay
591 2440 3084 2604 nichtsam sein dürfte. Es tst ein Gefühl, das mich
1161 2548 1533 2669 befallt
774 2592 2991 2762 öfter überkommt, wenn ich einen Juden oder eine
2462 2709 2706 2802 heiten.
755 2759 3047 2892 Jüdln irgendwelche unangenehme EtgensBaaßaa ent-
774 2889 3025 3053 hüllen seh und dass in der Tiefe dem Schamgefühl
811 3044 2979 3211 verwandt sein mag, das einen Bruder überkommt,
755 3192 2867 3400 wenn seine Schwester sich vor ihm entkleidet.
731 3369 3068 3536 Das hängt natürlich wieder irgendwie zusammen mit
759 3508 3019 3719 der durch die historischen und sozialen Umstände
