<?xml version="1.0" encoding="UTF-8" standalone="yes"?>
<PcGts xmlns="http://schema.primaresearch.org/PAGE/gts/pagecontent/2013-07-15" xmlns:xsi="http://www.w3.org/2001/XMLSchema-instance" xsi:schemaLocation="http://schema.primaresearch.org/PAGE/gts/pagecontent/2013-07-15 http://schema.primaresearch.org/PAGE/gts/pagecontent/2013-07-15/pagecontent.xsd">
    <Metadata>
        <Creator>prov=READ-COOP:name=TrHtr:version=2.1.0:model_id=51170:date=30_07_2023_11:52</Creator>
        <Created>2023-05-10T14:00:18.310+02:00</Created>
        <LastChange>2023-07-30T11:52:26.634+02:00</LastChange>
        <TranskribusMetadata docId="1428601" pageId="55416798" pageNr="209" tsid="131502669" status="IN_PROGRESS" userId="64420" imgUrl="https://files.transkribus.eu/Get?id=ZFELRITDGKYMUKGNWOJFPVWH&amp;fileType=view" xmlUrl="https://files.transkribus.eu/Get?id=IIBMSRAINSGMWOIXAWMCFGFP" imageId="44690902"/>
    </Metadata>
    <Page imageFilename="1428601_0209.jpg" imageWidth="3352" imageHeight="4104">
        <ReadingOrder>
            <OrderedGroup id="ro_1711789473182" caption="Regions reading order">
                <RegionRefIndexed index="0" regionRef="tr_1"/>
                <RegionRefIndexed index="1" regionRef="tr_2"/>
            </OrderedGroup>
        </ReadingOrder>
        <TextRegion id="tr_1" custom="readingOrder {index:0;}">
            <Coords points="1229,484 3136,484 3136,1938 1229,1938"/>
            <TextLine id="tr_1_tl_1" custom="readingOrder {index:0;}">
                <Coords points="2704,576 2739,583 2781,557 2792,566 2811,559 2823,571 2860,566 2874,429 2846,432 2811,402 2781,418 2755,406 2723,413"/>
                <Baseline points="2719,546 2734,549 2778,543 2823,537 2868,534"/>
                <TextEquiv>
                    <Unicode>274</Unicode>
                </TextEquiv>
            </TextLine>
            <TextLine id="tr_1_tl_2" custom="readingOrder {index:1;}">
                <Coords points="1247,803 1500,854 1655,787 2291,785 2437,715 2602,764 2974,701 2978,615 1256,664"/>
                <Baseline points="1262,776 1277,776 1322,776 1367,776 1411,776 1456,773 1501,770 1546,767 1590,764 1635,761 1680,761 1725,758 1769,755 1814,752 1859,749 1904,746 1949,743 1993,740 2038,737 2083,734 2128,734 2172,728 2217,725 2262,725 2307,719 2351,716 2396,713 2441,710 2486,710 2531,707 2575,701 2620,698 2665,695 2710,695 2754,692 2799,689 2844,683 2889,680 2933,674 2978,671"/>
                <TextEquiv>
                    <Unicode>Sein Verstand ist gewissermaasen eine</Unicode>
                </TextEquiv>
            </TextLine>
            <TextLine id="tr_1_tl_3" custom="readingOrder {index:2;}">
                <Coords points="1267,947 2867,908 3018,854 3027,706 1762,854 1274,822"/>
                <Baseline points="1283,916 1325,913 1369,913 1414,913 1459,916 1504,916 1549,913 1593,907 1638,904 1683,901 1728,901 1772,895 1817,892 1862,889 1907,889 1952,883 1996,880 2041,880 2086,877 2131,874 2175,871 2220,871 2265,868 2310,862 2354,859 2399,853 2444,853 2489,850 2534,847 2578,844 2623,841 2668,835 2713,832 2757,829 2802,829 2847,823 2892,820 2936,814 2981,811 3026,808"/>
                <TextEquiv>
                    <Unicode>Sonne, die unermüdlich mittäglich über</Unicode>
                </TextEquiv>
            </TextLine>
            <TextLine id="tr_1_tl_4" custom="readingOrder {index:3;}">
                <Coords points="1263,1128 1400,1154 1625,1075 2444,1098 2732,991 2999,1049 3124,1019 3131,898 1274,959"/>
                <Baseline points="1280,1065 1301,1062 1346,1062 1390,1062 1435,1062 1480,1059 1525,1056 1569,1053 1614,1047 1659,1047 1704,1044 1749,1038 1793,1035 1838,1032 1883,1032 1928,1029 1972,1026 2017,1023 2062,1023 2107,1020 2151,1014 2196,1011 2241,1008 2286,1005 2331,1002 2375,999 2420,996 2465,996 2510,993 2554,990 2599,984 2644,984 2689,981 2734,978 2778,976 2823,973 2868,970 2913,967 2957,961 3002,958 3047,955 3092,952 3136,949"/>
                <TextEquiv>
                    <Unicode>der Welt steht und dadurch alle Schatten</Unicode>
                </TextEquiv>
            </TextLine>
            <TextLine id="tr_1_tl_5" custom="readingOrder {index:4;}">
                <Coords points="1212,1305 2249,1207 2637,1237 2816,1184 2823,1054 2630,1033 2498,1096 2249,1068 2126,1117 2017,1075 1393,1158 1223,1110"/>
                <Baseline points="1229,1220 1256,1214 1301,1211 1346,1211 1390,1211 1435,1208 1480,1202 1525,1202 1569,1196 1614,1193 1659,1190 1704,1187 1749,1184 1793,1181 1838,1178 1883,1175 1928,1175 1972,1172 2017,1172 2062,1167 2107,1167 2151,1167 2196,1164 2241,1161 2286,1155 2331,1152 2375,1149 2420,1152 2465,1143 2510,1140 2554,1137 2599,1137 2644,1134 2689,1128 2734,1125 2778,1122 2823,1113"/>
                <TextEquiv>
                    <Unicode>einfach auffrisst. Aber auch die</Unicode>
                </TextEquiv>
            </TextLine>
            <TextLine id="tr_1_tl_6" custom="readingOrder {index:5;}">
                <Coords points="1272,1407 1692,1441 1941,1372 2317,1402 2556,1351 2795,1407 2841,1223 2252,1205 1994,1277 1279,1298"/>
                <Baseline points="1289,1352 1322,1355 1367,1355 1411,1352 1456,1352 1501,1349 1546,1349 1590,1346 1635,1343 1680,1340 1725,1334 1769,1334 1814,1331 1859,1331 1904,1325 1949,1322 1993,1322 2038,1319 2083,1316 2128,1316 2172,1313 2217,1307 2262,1304 2307,1304 2351,1301 2396,1301 2441,1298 2486,1295 2531,1292 2575,1289 2620,1283 2665,1280 2710,1277 2754,1274 2799,1274 2844,1268"/>
                <TextEquiv>
                    <Unicode>Mitta schonne macht Menschen zu Ge</Unicode>
                </TextEquiv>
            </TextLine>
            <TextLine id="tr_1_tl_7" custom="readingOrder {index:6;}">
                <Coords points="1295,1560 1588,1595 2031,1518 2159,1560 2600,1513 2637,1367 1302,1444"/>
                <Baseline points="1310,1507 1340,1507 1384,1510 1429,1507 1474,1504 1519,1501 1563,1498 1608,1495 1653,1492 1698,1489 1743,1489 1787,1486 1832,1483 1877,1480 1922,1477 1966,1474 2011,1474 2056,1468 2101,1468 2146,1465 2190,1462 2235,1462 2280,1462 2325,1459 2369,1456 2414,1456 2459,1453 2504,1444 2548,1441 2593,1432 2638,1423"/>
                <TextEquiv>
                    <Unicode>spenstern. Erst recht sogar.</Unicode>
                </TextEquiv>
            </TextLine>
            <TextLine id="tr_1_tl_8" custom="readingOrder {index:7;}">
                <Coords points="1302,1653 2795,1695 3073,1657 3080,1513 2052,1527 1588,1604 1307,1565"/>
                <Baseline points="1316,1647 1337,1644 1381,1644 1426,1644 1471,1647 1516,1647 1561,1644 1605,1638 1650,1635 1695,1632 1740,1629 1784,1626 1829,1626 1874,1623 1919,1620 1963,1617 2008,1617 2053,1614 2098,1608 2143,1605 2187,1605 2232,1602 2277,1602 2322,1599 2366,1596 2411,1596 2456,1593 2501,1593 2545,1590 2590,1590 2635,1587 2680,1581 2725,1578 2769,1578 2814,1578 2859,1578 2904,1575 2948,1569 2993,1566 3038,1558 3083,1552"/>
                <TextEquiv>
                    <Unicode>Georg schüttelte den Kopf. "Nein, das</Unicode>
                </TextEquiv>
            </TextLine>
            <TextLine id="tr_1_tl_9" custom="readingOrder {index:8;}">
                <Coords points="1307,1822 1421,1787 1488,1815 1697,1776 2231,1769 2331,1753 2333,1676 2177,1653 1836,1720 1309,1736"/>
                <Baseline points="1319,1787 1349,1790 1393,1787 1438,1787 1483,1790 1528,1787 1572,1784 1617,1781 1662,1775 1707,1772 1752,1772 1796,1769 1841,1766 1886,1763 1931,1763 1975,1760 2020,1758 2065,1755 2110,1752 2154,1749 2199,1746 2244,1743 2289,1746 2334,1743"/>
                <TextEquiv>
                    <Unicode>komponier ich nicht. "</Unicode>
                </TextEquiv>
            </TextLine>
            <TextLine id="tr_1_tl_10" custom="readingOrder {index:9;}">
                <Coords points="1383,1920 1811,1952 2317,1896 2402,1954 2688,1943 2946,1903 2953,1780 2402,1848 2233,1811 1653,1878 1386,1850"/>
                <Baseline points="1396,1919 1432,1925 1477,1928 1522,1928 1566,1928 1611,1928 1656,1925 1701,1922 1746,1919 1790,1916 1835,1916 1880,1916 1925,1913 1969,1910 2014,1907 2059,1907 2104,1904 2149,1901 2193,1898 2238,1895 2283,1892 2328,1892 2372,1889 2417,1886 2462,1880 2507,1880 2551,1877 2596,1874 2641,1874 2686,1874 2731,1871 2775,1865 2820,1862 2865,1856 2910,1853 2954,1856"/>
                <TextEquiv>
                    <Unicode>"Warumnicht, wenn Sie es von einer</Unicode>
                </TextEquiv>
            </TextLine>
        </TextRegion>
        <TextRegion id="tr_2" custom="readingOrder {index:1;}">
            <Coords points="1331,1946 3178,1946 3178,3555 1331,3555"/>
            <TextLine id="tr_2_tl_1" custom="readingOrder {index:0;}">
                <Coords points="1318,2094 1553,2080 1843,2163 2247,2040 2718,2110 3055,2061 3062,1936 2242,1943 2096,2003 2026,1964 1321,2036"/>
                <Baseline points="1331,2083 1364,2080 1408,2080 1453,2077 1498,2074 1543,2074 1587,2071 1632,2068 1677,2068 1722,2071 1766,2065 1811,2062 1856,2059 1901,2059 1946,2056 1990,2053 2035,2047 2080,2047 2125,2044 2169,2041 2214,2041 2259,2038 2304,2035 2348,2035 2393,2029 2438,2029 2483,2026 2528,2023 2572,2023 2617,2020 2662,2020 2707,2017 2751,2017 2796,2014 2841,2011 2886,2008 2931,2005 2975,1999 3020,1996 3065,2002"/>
                <TextEquiv>
                    <Unicode>schönen Frau mit schöner Musik singen</Unicode>
                </TextEquiv>
            </TextLine>
            <TextLine id="tr_2_tl_2" custom="readingOrder {index:1;}">
                <Coords points="1321,2268 1892,2293 2783,2163 3041,2217 3078,2078 2904,2052 2342,2147 2219,2071 1841,2161 1325,2145"/>
                <Baseline points="1337,2223 1378,2226 1423,2226 1468,2223 1513,2220 1558,2217 1602,2214 1647,2214 1692,2211 1737,2211 1781,2208 1826,2205 1871,2202 1916,2199 1960,2196 2005,2193 2050,2190 2095,2190 2140,2190 2184,2184 2229,2184 2274,2184 2319,2181 2363,2178 2408,2178 2453,2175 2498,2172 2542,2169 2587,2169 2632,2166 2677,2163 2722,2160 2766,2157 2811,2154 2856,2154 2901,2154 2945,2149 2990,2146 3035,2143 3080,2143"/>
                <TextEquiv>
                    <Unicode>lassen, so werden Sie schon Leute fin</Unicode>
                </TextEquiv>
            </TextLine>
            <TextLine id="tr_2_tl_3" custom="readingOrder {index:2;}">
                <Coords points="1335,2440 1971,2437 2300,2351 3013,2393 3022,2228 1339,2303"/>
                <Baseline points="1349,2369 1367,2369 1411,2369 1456,2366 1501,2366 1546,2363 1590,2363 1635,2360 1680,2360 1725,2357 1769,2354 1814,2348 1859,2348 1904,2345 1949,2343 1993,2340 2038,2340 2083,2340 2128,2334 2172,2331 2217,2331 2262,2328 2307,2331 2351,2328 2396,2325 2441,2325 2486,2322 2531,2319 2575,2316 2620,2313 2665,2310 2710,2310 2754,2307 2799,2307 2844,2301 2889,2301 2933,2298 2978,2292 3023,2292"/>
                <TextEquiv>
                    <Unicode>den, die es für Tiefsinn halten, wür</Unicode>
                </TextEquiv>
            </TextLine>
            <TextLine id="tr_2_tl_4" custom="readingOrder {index:3;}">
                <Coords points="1395,2537 1602,2514 1690,2572 1760,2572 1999,2526 2191,2565 2349,2528 2354,2409 2010,2442 1855,2409 1713,2454 1400,2454"/>
                <Baseline points="1411,2516 1417,2513 1462,2513 1507,2513 1552,2513 1596,2510 1641,2507 1686,2504 1731,2501 1775,2501 1820,2498 1865,2495 1910,2492 1954,2492 1999,2489 2044,2489 2089,2486 2134,2483 2178,2483 2223,2483 2268,2480 2313,2477 2357,2480"/>
                <TextEquiv>
                    <Unicode>den Nürnberger sagen</Unicode>
                </TextEquiv>
            </TextLine>
            <TextLine id="tr_2_tl_5" custom="readingOrder {index:4;}">
                <Coords points="1390,2683 1695,2744 1855,2697 2177,2730 2755,2611 3143,2707 3169,2484 2235,2584 1641,2535 1395,2611"/>
                <Baseline points="1405,2659 1423,2659 1468,2656 1513,2656 1558,2656 1602,2656 1647,2653 1692,2650 1737,2647 1781,2647 1826,2644 1871,2644 1916,2641 1960,2641 2005,2638 2050,2635 2095,2635 2140,2632 2184,2632 2229,2629 2274,2629 2319,2626 2363,2623 2408,2620 2453,2620 2498,2617 2542,2614 2587,2611 2632,2605 2677,2605 2722,2602 2766,2602 2811,2599 2856,2596 2901,2596 2945,2590 2990,2590 3035,2587 3080,2584 3125,2581 3169,2578"/>
                <TextEquiv>
                    <Unicode>Sie Æschten beide, Dann verabschiedete</Unicode>
                </TextEquiv>
            </TextLine>
            <TextLine id="tr_2_tl_6" custom="readingOrder {index:5;}">
                <Coords points="1353,2848 1432,2878 1497,2857 1616,2899 1720,2850 1857,2846 1876,2841 1880,2721 1815,2716 1722,2748 1599,2725 1451,2741 1416,2762 1358,2755"/>
                <Baseline points="1369,2811 1390,2808 1435,2808 1480,2808 1525,2805 1569,2802 1614,2799 1659,2799 1704,2796 1749,2796 1793,2793 1838,2796 1883,2793"/>
                <TextEquiv>
                    <Unicode>sich Georg.</Unicode>
                </TextEquiv>
            </TextLine>
            <TextLine id="tr_2_tl_7" custom="readingOrder {index:6;}">
                <Coords points="1421,3018 1736,3029 2124,2929 2194,2976 3134,2960 3175,2825 2470,2806 2314,2871 2166,2832 1425,2895"/>
                <Baseline points="1435,2936 1477,2942 1522,2942 1566,2945 1611,2945 1656,2945 1701,2945 1746,2945 1790,2942 1835,2939 1880,2939 1925,2939 1969,2936 2014,2931 2059,2928 2104,2928 2149,2925 2193,2922 2238,2919 2283,2919 2328,2922 2372,2919 2417,2916 2462,2913 2507,2907 2551,2907 2596,2901 2641,2898 2686,2898 2731,2898 2775,2898 2820,2892 2865,2889 2910,2889 2954,2886 2999,2883 3044,2877 3089,2874 3133,2871 3178,2874"/>
                <TextEquiv>
                    <Unicode>"Nun sagte Heinrich "grüssen Sie schön</Unicode>
                </TextEquiv>
            </TextLine>
            <TextLine id="tr_2_tl_8" custom="readingOrder {index:7;}">
                <Coords points="1416,3148 1588,3187 1722,3134 1971,3159 2147,3094 2437,3124 2444,2971 2068,3018 1943,3020 1878,2983 1578,3048 1423,3013"/>
                <Baseline points="1432,3098 1462,3095 1507,3095 1552,3095 1596,3092 1641,3089 1686,3086 1731,3086 1775,3086 1820,3083 1865,3083 1910,3080 1954,3077 1999,3074 2044,3071 2089,3068 2134,3068 2178,3065 2223,3062 2268,3059 2313,3056 2357,3056 2402,3056 2447,3056"/>
                <TextEquiv>
                    <Unicode>wa immer sie hingehen.</Unicode>
                </TextEquiv>
            </TextLine>
            <TextLine id="tr_2_tl_9" custom="readingOrder {index:8;}">
                <Coords points="1444,3301 2818,3194 3099,3245 3131,3083 2621,3099 2400,3169 1451,3162"/>
                <Baseline points="1459,3235 1477,3235 1522,3235 1566,3235 1611,3235 1656,3232 1701,3232 1746,3229 1790,3229 1835,3232 1880,3226 1925,3226 1969,3223 2014,3223 2059,3220 2104,3217 2149,3217 2193,3211 2238,3211 2283,3208 2328,3208 2372,3211 2417,3208 2462,3205 2507,3199 2551,3199 2596,3196 2641,3190 2686,3190 2731,3187 2775,3184 2820,3181 2865,3181 2910,3181 2954,3181 2999,3178 3044,3175 3089,3169 3133,3166"/>
                <TextEquiv>
                    <Unicode>„Zu Rosners geh ich“, sagte Gedrg ein</Unicode>
                </TextEquiv>
            </TextLine>
            <TextLine id="tr_2_tl_10" custom="readingOrder {index:9;}">
                <Coords points="1386,3484 1430,3487 1476,3473 1511,3480 1553,3463 1569,3477 1592,3463 1618,3487 1641,3487 1641,3303 1620,3303 1606,3289 1581,3301 1569,3292 1537,3301 1518,3289 1451,3312 1386,3303"/>
                <Baseline points="1399,3378 1444,3381 1489,3381 1534,3381 1578,3381 1623,3378 1647,3378"/>
                <TextEquiv>
                    <Unicode>fach.</Unicode>
                </TextEquiv>
            </TextLine>
            <TextLine id="tr_2_tl_11" custom="readingOrder {index:10;}">
                <Coords points="1606,3633 1945,3663 2163,3612 2358,3679 2744,3607 2823,3656 3004,3605 3013,3384 2449,3419 2259,3477 1804,3419 1616,3449"/>
                <Baseline points="1623,3545 1626,3545 1671,3545 1716,3539 1760,3539 1805,3536 1850,3536 1895,3533 1940,3527 1984,3527 2029,3530 2074,3527 2119,3521 2163,3521 2208,3524 2253,3521 2298,3516 2343,3513 2387,3510 2432,3510 2477,3510 2522,3507 2566,3504 2611,3501 2656,3498 2701,3498 2745,3495 2790,3495 2835,3495 2880,3492 2925,3489 2969,3486 3014,3492"/>
                <TextEquiv>
                    <Unicode>geht ihr gut, wenigstens sagte.</Unicode>
                </TextEquiv>
            </TextLine>
        </TextRegion>
    </Page>
</PcGts>
