3512 4088
2617 394 2858 587 1143
759 557 2978 741 Bett gekrochen; unsere Erinnerungen wären ver -
774 711 3120 936 fault, Stück für Stüch... bei lebendigem Leib wäre
786 855 3087 1051 unsere Liebe verwest. Ein Verbrechen wäre es ge-
774 1015 3074 1238 wesen, das Dasein dieses Totkranken Verhältnisses
771 1201 3096 1391 weiter zu fristen, wie es ein Verbrechen ist, und
771 1346 2891 1512 vielleicht in der Zukunft allgemein so gelten
765 1509 3032 1671 wird, das Leben eines Menschen hinzufristen, des
2144 1590 2514 1695 essui cuit.
759 1644 2975 1843 zu qualvollem Tod bestimmt ist... Nein, es durfte
768 1734 3005 1990 nichts sein. Ich kann mir keinen Vorwurf machen.
756 1957 2897 2144 Selbst wenn ich gewusst hätte, dass sie daran
777 2105 2990 2295 sterben muss — ich wäre verpflichtet gewesen zu
771 2243 3029 2430 handeln, wie ich gehandelt habe. Sonst hätte ich
759 2421 3180 2575 mich selbst aufgegeben. Und die einzigen Verbrechen,
765 2551 2888 2731 für die es keine Sühne gibt, und die einzigen
753 2701 2888 2891 Pflichten, durch deren Erfüllung man manchmal
765 2882 3020 3053 auch den andern zu nützen imstande ist, sind die
1132 2978 1500 3084 not self.
771 3038 3020 3204 gegen die eigene Natur. Und alle Verirrung kommt
756 3171 3035 3382 daher, dass nur wenige die Kenntnis, und von die
774 3342 2972 3553 sen wieder die wenigsten den Mut ihrer eigenen
750 3499 2930 3713 Natur haben. Ich übrigens auch nicht. Ich habe
