3448 4232
2665 562 2888 706 469.
1180 743 2936 949 wieder ein Andere kommen wird bis auf
1189 900 2945 1081 weiteres. Aber was hilft es uns denn
1187 1041 2948 1217 beim gegenwärtigen Zustand der Mensch
1168 1208 2848 1377 heit von solehen jahrtausend fernen
1180 1312 2936 1495 Möglichkeiten zu reden. Was hilft es
1175 1446 2925 1657 mir oder Ihnene, lieber Heinrich, der
1171 1617 2878 1795 Sie doch gar nicht der Mann sind mit
1171 1770 2969 1904 Ihren Reformid een vor die Menschheit
1166 1927 2888 2094 hinzutreten und gewiss nicht Lust ha-
1178 2036 2818 2217 ben alle Unannehmichkeiten und Ver-
1166 2161 2832 2360 folgungen auf sich zu nehmen, denen
1217 2288 3010 2494 Sie im Ernstfall nicht entgehen würden
1168 2476 2864 2594 Sondern der Sie viel lieber in Ihrer
1166 2580 2959 2735 stillen Stube in der Florianigasse No-
1166 2702 2855 2915 vollen und Stücke schreiben, was Sie
1150 2851 2804 3059 auch viel besser können. So bleibt
1150 2996 2945 3214 doch alles nur Geschwätz, wie auch das
375 3040 882 3265 Wis  n'a été
495 3179 877 3357 orge cive
1127 3082 2855 3302 kliigste Wort, wenn es nicht zu Taten
1134 3269 2994 3496 führt. Um wie viel wertvoller sind doch
588 3316 770 3487 to
1113 3447 2927 3605 die Menschen, entschuldigen Sie lieber
1120 3561 2929 3785 Heinrich, die alles das was Sie gesagt
