<?xml version="1.0" encoding="UTF-8" standalone="yes"?>
<PcGts xmlns="http://schema.primaresearch.org/PAGE/gts/pagecontent/2013-07-15" xmlns:xsi="http://www.w3.org/2001/XMLSchema-instance" xsi:schemaLocation="http://schema.primaresearch.org/PAGE/gts/pagecontent/2013-07-15 http://schema.primaresearch.org/PAGE/gts/pagecontent/2013-07-15/pagecontent.xsd">
    <Metadata>
        <Creator>prov=READ-COOP:name=TrHtr:version=2.1.0:model_id=51170:date=30_07_2023_11:52</Creator>
        <Created>2023-05-10T14:00:05.908+02:00</Created>
        <LastChange>2023-07-30T11:52:02.180+02:00</LastChange>
        <TranskribusMetadata docId="1428601" pageId="55416279" pageNr="125" tsid="131502562" status="IN_PROGRESS" userId="64420" imgUrl="https://files.transkribus.eu/Get?id=VDJUXHHBUVDTLUNDCCCXZSAZ&amp;fileType=view" xmlUrl="https://files.transkribus.eu/Get?id=JJGGSBZJXSFKYTNKJYQILCAB" imageId="44690384"/>
    </Metadata>
    <Page imageFilename="1428601_0125.jpg" imageWidth="3384" imageHeight="4200">
        <ReadingOrder>
            <OrderedGroup id="ro_1711789388220" caption="Regions reading order">
                <RegionRefIndexed index="0" regionRef="tr_1"/>
                <RegionRefIndexed index="1" regionRef="tr_2"/>
            </OrderedGroup>
        </ReadingOrder>
        <TextRegion id="tr_1" custom="readingOrder {index:0;}">
            <Coords points="1023,511 3253,511 3253,1986 1023,1986"/>
            <TextLine id="tr_1_tl_1" custom="readingOrder {index:0;}">
                <Coords points="2825,579 2869,582 2902,607 2935,579 2990,579 2999,480 2968,475 2935,502 2924,502 2908,486 2891,486 2850,510 2830,508"/>
                <Baseline points="2841,573 2862,570 2907,567 2952,564 2997,561"/>
                <TextEquiv>
                    <Unicode>869</Unicode>
                </TextEquiv>
            </TextLine>
            <TextLine id="tr_1_tl_2" custom="readingOrder {index:1;}">
                <Coords points="1007,767 2913,795 3131,778 3137,615 1010,648"/>
                <Baseline points="1023,740 1035,737 1080,737 1125,737 1170,737 1214,737 1259,734 1304,737 1349,734 1394,734 1438,731 1483,731 1528,728 1573,728 1617,728 1662,725 1707,725 1752,722 1797,725 1841,722 1886,722 1931,725 1976,722 2020,722 2065,719 2110,719 2155,716 2200,713 2244,713 2289,710 2334,710 2379,707 2423,704 2468,707 2513,707 2558,701 2602,701 2647,701 2692,698 2737,698 2782,695 2826,692 2871,695 2916,695 2961,695 3005,692 3050,689 3095,689 3140,689"/>
                <TextEquiv>
                    <Unicode>könnte noch schlafen. Ich muss mich aber auf</Unicode>
                </TextEquiv>
            </TextLine>
            <TextLine id="tr_1_tl_3" custom="readingOrder {index:2;}">
                <Coords points="1032,927 1832,979 2061,877 3029,880 3104,866 3106,770 1035,833"/>
                <Baseline points="1047,898 1050,895 1095,895 1140,895 1185,895 1229,895 1274,895 1319,892 1364,892 1408,889 1453,889 1498,889 1543,889 1588,886 1632,886 1677,883 1722,883 1767,883 1811,883 1856,880 1901,877 1946,877 1991,877 2035,877 2080,877 2125,874 2170,874 2214,868 2259,871 2304,868 2349,865 2394,865 2438,862 2483,862 2528,862 2573,859 2617,859 2662,856 2707,856 2752,853 2797,853 2841,850 2886,847 2931,844 2976,844 3020,844 3065,844 3110,841"/>
                <TextEquiv>
                    <Unicode>die rechte Seite legen. Es war wohle ein Alp</Unicode>
                </TextEquiv>
            </TextLine>
            <TextLine id="tr_1_tl_4" custom="readingOrder {index:3;}">
                <Coords points="1018,1101 2047,1134 2276,1021 2974,1032 3013,866 2621,966 1021,982"/>
                <Baseline points="1035,1053 1044,1053 1089,1053 1134,1053 1179,1053 1223,1050 1268,1050 1313,1050 1358,1047 1402,1047 1447,1044 1492,1044 1537,1044 1582,1041 1626,1041 1671,1038 1716,1038 1761,1038 1805,1035 1850,1035 1895,1035 1940,1032 1985,1032 2029,1029 2074,1026 2119,1026 2164,1023 2208,1023 2253,1020 2298,1020 2343,1020 2388,1020 2432,1020 2477,1017 2522,1017 2567,1014 2611,1014 2656,1014 2701,1011 2746,1008 2791,1008 2835,1005 2880,1005 2925,1005 2970,1002 3014,1002"/>
                <TextEquiv>
                    <Unicode>druck. Natürlich. Venn man von einem Toten</Unicode>
                </TextEquiv>
            </TextLine>
            <TextLine id="tr_1_tl_5" custom="readingOrder {index:4;}">
                <Coords points="2715,1098 2731,1095 2742,1104 2762,1104 2775,1112 2786,1112 2808,1098 2836,1098 2836,1015 2819,1015 2811,1007 2786,1018 2762,1018 2748,1007 2715,1010"/>
                <Baseline points="2731,1089 2776,1089 2820,1089 2841,1089"/>
                <TextEquiv>
                    <Unicode>G.C.F.P.</Unicode>
                </TextEquiv>
            </TextLine>
            <TextLine id="tr_1_tl_6" custom="readingOrder {index:5;}">
                <Coords points="1035,1261 2251,1264 2395,1184 3010,1172 3010,1112 2886,1092 1664,1153 1037,1104"/>
                <Baseline points="1050,1214 1092,1211 1137,1208 1182,1208 1226,1205 1271,1205 1316,1202 1361,1202 1405,1202 1450,1202 1495,1202 1540,1202 1585,1200 1629,1200 1674,1197 1719,1197 1764,1194 1808,1194 1853,1191 1898,1191 1943,1188 1988,1188 2032,1188 2077,1185 2122,1185 2167,1185 2211,1182 2256,1182 2301,1182 2346,1179 2391,1179 2435,1176 2480,1176 2525,1176 2570,1176 2614,1173 2659,1173 2704,1170 2749,1167 2794,1170 2838,1167 2883,1164 2928,1164 2973,1161 3017,1164"/>
                <TextEquiv>
                    <Unicode>träumt. Aber gerade Labinski war nicht das</Unicode>
                </TextEquiv>
            </TextLine>
            <TextLine id="tr_1_tl_7" custom="readingOrder {index:6;}">
                <Coords points="1012,1390 1967,1374 2235,1443 3013,1338 2982,1247 1790,1247 1652,1321 1484,1250 1015,1250"/>
                <Baseline points="1029,1367 1047,1367 1092,1364 1137,1364 1182,1361 1226,1358 1271,1355 1316,1355 1361,1355 1405,1355 1450,1352 1495,1352 1540,1349 1585,1349 1629,1352 1674,1349 1719,1349 1764,1346 1808,1346 1853,1343 1898,1343 1943,1340 1988,1340 2032,1337 2077,1337 2122,1337 2167,1334 2211,1334 2256,1334 2301,1331 2346,1331 2391,1331 2435,1328 2480,1328 2525,1328 2570,1328 2614,1328 2659,1328 2704,1325 2749,1325 2794,1322 2838,1319 2883,1316 2928,1316 2973,1316 3017,1313"/>
                <TextEquiv>
                    <Unicode>Schauerliche. Viel schauerlicher waren die</Unicode>
                </TextEquiv>
            </TextLine>
            <TextLine id="tr_1_tl_8" custom="readingOrder {index:7;}">
                <Coords points="1021,1539 2698,1575 2819,1479 3233,1526 3236,1393 2273,1465 1023,1410"/>
                <Baseline points="1035,1519 1047,1516 1092,1519 1137,1516 1182,1516 1226,1516 1271,1513 1316,1510 1361,1510 1405,1510 1450,1510 1495,1507 1540,1504 1585,1504 1629,1504 1674,1504 1719,1504 1764,1501 1808,1498 1853,1498 1898,1498 1943,1498 1988,1495 2032,1495 2077,1492 2122,1492 2167,1492 2211,1492 2256,1492 2301,1489 2346,1486 2391,1486 2435,1483 2480,1480 2525,1480 2570,1477 2614,1477 2659,1477 2704,1477 2749,1477 2794,1477 2838,1477 2883,1474 2928,1474 2973,1471 3017,1471 3062,1471 3107,1468 3152,1465 3197,1462 3241,1456"/>
                <TextEquiv>
                    <Unicode>Spielgel längs der Stiege, in denen ich so gelt</Unicode>
                </TextEquiv>
            </TextLine>
            <TextLine id="tr_1_tl_9" custom="readingOrder {index:8;}">
                <Coords points="1029,1768 1241,1680 1818,1738 2174,1641 3059,1650 3203,1628 3206,1548 1032,1589"/>
                <Baseline points="1047,1668 1062,1668 1107,1665 1152,1665 1197,1665 1241,1662 1286,1662 1331,1659 1376,1659 1420,1659 1465,1656 1510,1656 1555,1656 1600,1656 1644,1653 1689,1653 1734,1650 1779,1647 1823,1647 1868,1644 1913,1644 1958,1644 2002,1644 2047,1644 2092,1641 2137,1641 2182,1638 2226,1635 2271,1635 2316,1632 2361,1632 2405,1632 2450,1629 2495,1629 2540,1629 2585,1626 2629,1626 2674,1626 2719,1626 2764,1623 2808,1623 2853,1620 2898,1623 2943,1620 2988,1620 3032,1620 3077,1617 3122,1614 3167,1611 3211,1611"/>
                <TextEquiv>
                    <Unicode>aussah. Was für eine kühle durch den Luftspalt</Unicode>
                </TextEquiv>
            </TextLine>
            <TextLine id="tr_1_tl_10" custom="readingOrder {index:9;}">
                <Coords points="1043,1857 2739,1887 2875,1785 3225,1799 3250,1697 1043,1768"/>
                <Baseline points="1059,1820 1104,1820 1149,1820 1194,1820 1238,1820 1283,1817 1328,1817 1373,1814 1417,1811 1462,1811 1507,1811 1552,1808 1597,1808 1641,1808 1686,1805 1731,1805 1776,1805 1820,1808 1865,1805 1910,1805 1955,1805 2000,1802 2044,1800 2089,1800 2134,1797 2179,1797 2223,1794 2268,1791 2313,1791 2358,1791 2402,1788 2447,1788 2492,1788 2537,1785 2582,1785 2626,1785 2671,1785 2716,1782 2761,1782 2805,1779 2850,1779 2895,1779 2940,1776 2985,1773 3029,1776 3074,1773 3119,1773 3164,1770 3208,1767 3253,1764"/>
                <TextEquiv>
                    <Unicode>oben hereindringt....Und der Abend gestern ist</Unicode>
                </TextEquiv>
            </TextLine>
            <TextLine id="tr_1_tl_11" custom="readingOrder {index:10;}">
                <Coords points="1043,2014 1887,2053 2174,1950 2993,1923 3181,1981 3208,1865 1046,1909"/>
                <Baseline points="1059,1976 1065,1976 1110,1973 1155,1973 1200,1973 1244,1970 1289,1970 1334,1970 1379,1970 1423,1967 1468,1967 1513,1964 1558,1964 1602,1964 1647,1961 1692,1958 1737,1958 1782,1955 1826,1955 1871,1955 1916,1952 1961,1952 2005,1949 2050,1949 2095,1946 2140,1946 2185,1946 2229,1943 2274,1943 2319,1943 2364,1940 2408,1940 2453,1940 2498,1937 2543,1937 2588,1934 2632,1934 2677,1934 2722,1931 2767,1931 2811,1931 2856,1928 2901,1928 2946,1925 2991,1922 3035,1925 3080,1922 3125,1922 3170,1919 3214,1925"/>
                <TextEquiv>
                    <Unicode>so schwill gewesen. Nun sollt ich doch das Fens</Unicode>
                </TextEquiv>
            </TextLine>
        </TextRegion>
        <TextRegion id="tr_2" custom="readingOrder {index:1;}">
            <Coords points="462,2033 3274,2033 3274,3681 462,3681"/>
            <TextLine id="tr_2_tl_1" custom="readingOrder {index:0;}">
                <Coords points="1057,2155 2422,2201 2615,2102 3195,2102 3197,1978 2891,1937 2706,2044 1473,2080 1059,2011"/>
                <Baseline points="1071,2131 1101,2128 1146,2128 1191,2131 1235,2128 1280,2128 1325,2125 1370,2122 1414,2122 1459,2122 1504,2122 1549,2119 1594,2119 1638,2116 1683,2113 1728,2113 1773,2110 1817,2110 1862,2110 1907,2110 1952,2110 1997,2107 2041,2107 2086,2107 2131,2107 2176,2104 2220,2104 2265,2104 2310,2101 2355,2104 2400,2101 2444,2101 2489,2098 2534,2098 2579,2098 2623,2095 2668,2095 2713,2095 2758,2095 2802,2092 2847,2092 2892,2089 2937,2089 2982,2086 3026,2086 3071,2083 3116,2083 3161,2083 3205,2086"/>
                <TextEquiv>
                    <Unicode>ter ganz schliessen. Ach nein, liegen bleiben.</Unicode>
                </TextEquiv>
            </TextLine>
            <TextLine id="tr_2_tl_2" custom="readingOrder {index:1;}">
                <Coords points="1043,2301 1928,2367 2458,2248 3062,2284 3203,2254 3206,2155 1046,2196"/>
                <Baseline points="1059,2283 1062,2280 1107,2280 1152,2283 1197,2286 1241,2283 1286,2280 1331,2280 1376,2277 1420,2277 1465,2274 1510,2274 1555,2274 1600,2271 1644,2271 1689,2271 1734,2268 1779,2265 1823,2265 1868,2265 1913,2262 1958,2262 2002,2262 2047,2262 2092,2262 2137,2259 2182,2259 2226,2259 2271,2253 2316,2253 2361,2253 2405,2253 2450,2250 2495,2250 2540,2250 2585,2250 2629,2250 2674,2247 2719,2247 2764,2247 2808,2244 2853,2241 2898,2241 2943,2241 2988,2241 3032,2241 3077,2241 3122,2238 3167,2235 3211,2238"/>
                <TextEquiv>
                    <Unicode>Es ist nicht mehr schwarz vor den Fendern, eh</Unicode>
                </TextEquiv>
            </TextLine>
            <TextLine id="tr_2_tl_3" custom="readingOrder {index:2;}">
                <Coords points="1065,2439 2039,2502 2232,2419 2957,2436 3002,2273 2201,2375 1068,2361"/>
                <Baseline points="1080,2438 1125,2438 1170,2438 1214,2435 1259,2435 1304,2435 1349,2432 1394,2432 1438,2432 1483,2429 1528,2429 1573,2429 1617,2429 1662,2426 1707,2426 1752,2423 1797,2423 1841,2420 1886,2420 1931,2420 1976,2417 2020,2417 2065,2417 2110,2417 2155,2414 2200,2414 2244,2411 2289,2408 2334,2408 2379,2408 2423,2408 2468,2405 2513,2405 2558,2405 2602,2402 2647,2402 2692,2400 2737,2400 2782,2397 2826,2394 2871,2394 2916,2391 2961,2394 3005,2394"/>
                <TextEquiv>
                    <Unicode>er dunkelgrau. Schon das Morgengrauen? In</Unicode>
                </TextEquiv>
            </TextLine>
            <TextLine id="tr_2_tl_4" custom="readingOrder {index:3;}">
                <Coords points="1057,2651 2254,2654 2659,2560 3087,2613 3093,2477 2899,2408 2668,2513 1059,2521"/>
                <Baseline points="1071,2591 1083,2588 1128,2591 1173,2588 1217,2588 1262,2588 1307,2588 1352,2585 1397,2585 1441,2585 1486,2585 1531,2585 1576,2582 1620,2582 1665,2582 1710,2579 1755,2579 1800,2579 1844,2576 1889,2576 1934,2573 1979,2573 2023,2573 2068,2570 2113,2570 2158,2567 2202,2567 2247,2564 2292,2564 2337,2564 2382,2564 2426,2564 2471,2564 2516,2561 2561,2561 2605,2558 2650,2558 2695,2558 2740,2555 2785,2552 2829,2552 2874,2552 2919,2552 2964,2546 3008,2546 3053,2543 3098,2546"/>
                <TextEquiv>
                    <Unicode>dreimStunden bin ich in Wien. Dann fahr ich</Unicode>
                </TextEquiv>
            </TextLine>
            <TextLine id="tr_2_tl_5" custom="readingOrder {index:4;}">
                <Coords points="1046,2775 2000,2819 2116,2728 3203,2720 3225,2626 2993,2582 2839,2662 1782,2635 1048,2709"/>
                <Baseline points="1062,2749 1083,2749 1128,2746 1173,2746 1217,2743 1262,2743 1307,2740 1352,2740 1397,2740 1441,2737 1486,2734 1531,2734 1576,2734 1620,2731 1665,2731 1710,2731 1755,2731 1800,2731 1844,2731 1889,2731 1934,2728 1979,2728 2023,2725 2068,2722 2113,2722 2158,2719 2202,2719 2247,2716 2292,2716 2337,2716 2382,2716 2426,2716 2471,2713 2516,2713 2561,2710 2605,2713 2650,2710 2695,2710 2740,2710 2785,2707 2829,2707 2874,2707 2919,2704 2964,2704 3008,2704 3053,2704 3098,2704 3143,2704 3188,2701 3232,2698"/>
                <TextEquiv>
                    <Unicode>nach Hause und nehm ein Bad. Und dann fahr ich</Unicode>
                </TextEquiv>
            </TextLine>
            <TextLine id="tr_2_tl_6" custom="readingOrder {index:5;}">
                <Coords points="1051,2938 3117,2877 3123,2715 2171,2817 1545,2762 1266,2839 1054,2778"/>
                <Baseline points="1065,2898 1110,2895 1155,2898 1200,2898 1244,2898 1289,2895 1334,2895 1379,2892 1423,2889 1468,2886 1513,2889 1558,2892 1602,2889 1647,2889 1692,2883 1737,2883 1782,2880 1826,2880 1871,2877 1916,2877 1961,2874 2005,2874 2050,2874 2095,2874 2140,2871 2185,2871 2229,2871 2274,2871 2319,2871 2364,2868 2408,2865 2453,2865 2498,2865 2543,2862 2588,2859 2632,2859 2677,2859 2722,2859 2767,2865 2811,2868 2856,2862 2901,2856 2946,2853 2991,2853 3035,2853 3080,2853 3125,2859"/>
                <TextEquiv>
                    <Unicode>aufs Land. ("Wie gehts auf dem Land?" fragte</Unicode>
                </TextEquiv>
            </TextLine>
            <TextLine id="tr_2_tl_7" custom="readingOrder {index:6;}">
                <Coords points="1054,3126 1545,3076 1832,3162 2066,3029 3054,3024 3104,2927 2315,2872 2182,2988 1057,2982"/>
                <Baseline points="1068,3050 1092,3050 1137,3047 1182,3047 1226,3047 1271,3047 1316,3044 1361,3044 1405,3041 1450,3041 1495,3044 1540,3047 1585,3038 1629,3035 1674,3035 1719,3032 1764,3032 1808,3035 1853,3032 1898,3032 1943,3032 1988,3029 2032,3026 2077,3026 2122,3023 2167,3026 2211,3020 2256,3020 2301,3017 2346,3017 2391,3014 2435,3014 2480,3014 2525,3014 2570,3014 2614,3011 2659,3011 2704,3011 2749,3008 2794,3008 2838,3008 2883,3005 2928,3005 2973,3002 3017,3002 3062,3002 3107,3002"/>
                <TextEquiv>
                    <Unicode>Heinrich.) Wie lang war ich den fort? Heute</Unicode>
                </TextEquiv>
            </TextLine>
            <TextLine id="tr_2_tl_8" custom="readingOrder {index:7;}">
                <Coords points="1065,3222 1782,3280 2008,3181 3054,3162 3145,3228 3264,3219 3266,3098 2858,3035 2541,3123 1068,3134"/>
                <Baseline points="1080,3202 1125,3200 1170,3200 1214,3197 1259,3197 1304,3197 1349,3197 1394,3197 1438,3197 1483,3197 1528,3197 1573,3197 1617,3194 1662,3194 1707,3191 1752,3194 1797,3191 1841,3191 1886,3191 1931,3185 1976,3185 2020,3182 2065,3179 2110,3179 2155,3179 2200,3179 2244,3176 2289,3173 2334,3173 2379,3170 2423,3170 2468,3170 2513,3170 2558,3167 2602,3167 2647,3167 2692,3164 2737,3164 2782,3164 2826,3161 2871,3161 2916,3161 2961,3161 3005,3161 3050,3161 3095,3158 3140,3161 3185,3161 3229,3164 3274,3170"/>
                <TextEquiv>
                    <Unicode>sind es... nein, gestern waren es vierzehn Tage</Unicode>
                </TextEquiv>
            </TextLine>
            <TextLine id="tr_2_tl_9" custom="readingOrder {index:8;}">
                <Coords points="444,3346 563,3371 756,3316 786,3338 833,3305 921,3322 930,3253 899,3255 734,3123 659,3109 568,3137 535,3117 469,3117"/>
                <Baseline points="462,3340 486,3343 531,3337 576,3334 620,3328 665,3322 710,3316 755,3313 800,3307 844,3304 889,3298 934,3295"/>
                <TextEquiv>
                    <Unicode>in [illegible]</Unicode>
                </TextEquiv>
            </TextLine>
            <TextLine id="tr_2_tl_10" custom="readingOrder {index:9;}">
                <Coords points="1068,3393 1785,3429 2061,3333 2902,3352 3148,3333 3150,3247 1070,3244"/>
                <Baseline points="1083,3346 1095,3349 1140,3355 1185,3355 1229,3355 1274,3352 1319,3349 1364,3349 1408,3349 1453,3349 1498,3349 1543,3346 1588,3346 1632,3346 1677,3343 1722,3343 1767,3340 1811,3337 1856,3340 1901,3337 1946,3337 1991,3337 2035,3334 2080,3331 2125,3331 2170,3331 2214,3331 2259,3328 2304,3328 2349,3325 2394,3325 2438,3325 2483,3325 2528,3322 2573,3322 2617,3319 2662,3319 2707,3319 2752,3316 2797,3316 2841,3316 2886,3316 2931,3313 2976,3313 3020,3313 3065,3310 3110,3310 3155,3310"/>
                <TextEquiv>
                    <Unicode>Unfassbar.. "Wie bald wirst Du mich vergessen</Unicode>
                </TextEquiv>
            </TextLine>
            <TextLine id="tr_2_tl_11" custom="readingOrder {index:10;}">
                <Coords points="516,3473 552,3468 596,3495 621,3495 659,3487 690,3459 770,3479 819,3454 861,3451 869,3352 781,3333 759,3341 742,3324 723,3335 692,3327 618,3363 588,3352 524,3357"/>
                <Baseline points="534,3450 558,3447 602,3441 647,3435 692,3432 737,3429 782,3426 826,3426 871,3423"/>
                <TextEquiv>
                    <Unicode>de Kopf.</Unicode>
                </TextEquiv>
            </TextLine>
            <TextLine id="tr_2_tl_12" custom="readingOrder {index:11;}">
                <Coords points="1065,3556 1978,3597 2246,3482 2935,3468 3206,3551 3264,3393 2795,3341 2557,3437 1628,3399 1479,3471 1068,3407"/>
                <Baseline points="1080,3516 1119,3513 1164,3513 1208,3513 1253,3510 1298,3510 1343,3510 1388,3510 1432,3510 1477,3507 1522,3501 1567,3501 1611,3501 1656,3501 1701,3501 1746,3498 1791,3495 1835,3495 1880,3492 1925,3492 1970,3489 2014,3486 2059,3483 2104,3483 2149,3483 2194,3483 2238,3480 2283,3480 2328,3480 2373,3477 2417,3477 2462,3477 2507,3474 2552,3474 2597,3471 2641,3471 2686,3468 2731,3468 2776,3468 2820,3465 2865,3465 2910,3462 2955,3462 3000,3462 3044,3462 3089,3462 3134,3462 3179,3459 3223,3456 3268,3462"/>
                <TextEquiv>
                    <Unicode>habene“, sagte sie. Nein, nein, nicht dran den-</Unicode>
                </TextEquiv>
            </TextLine>
            <TextLine id="tr_2_tl_13" custom="readingOrder {index:12;}">
                <Coords points="1070,3744 2055,3766 2350,3650 3128,3672 3195,3661 3197,3545 2737,3473 2397,3581 1076,3578"/>
                <Baseline points="1089,3671 1098,3668 1143,3668 1188,3671 1232,3671 1277,3671 1322,3671 1367,3668 1411,3665 1456,3662 1501,3662 1546,3659 1591,3659 1635,3656 1680,3653 1725,3650 1770,3647 1814,3647 1859,3647 1904,3644 1949,3644 1994,3641 2038,3641 2083,3638 2128,3638 2173,3638 2217,3638 2262,3635 2307,3635 2352,3635 2397,3635 2441,3635 2486,3632 2531,3635 2576,3635 2620,3629 2665,3629 2710,3626 2755,3626 2800,3626 2844,3623 2889,3623 2934,3623 2979,3626 3023,3626 3068,3620 3113,3620 3158,3620 3202,3626"/>
                <TextEquiv>
                    <Unicode>ken. Was bedeuten wohl weisse Möven? Und was</Unicode>
                </TextEquiv>
            </TextLine>
        </TextRegion>
    </Page>
</PcGts>
