3576 4296
2747 416 2882 626 505:
1943 569 2699 725 twess fift
1193 671 2945 874 Kapiante eie und xxx wie ein ungezogen
1188 833 2950 1068 nes Kina Manehmal auch machte sie im
1251 992 2812 1163 Gespräch Anspielungen, die nur er
1260 1152 2864 1294 verstehen konnte, oder sie. sah ihn
2487 1211 2670 1319 her
1217 1276 3011 1509 auch plötzlich mit einem ihren innigen
1274 1441 2939 1583 Blicke an, in denen ihre Augen, die
1254 1518 3038 1764 ewig irrenden, ### irren aufhörten und
1963 1543 2044 1669 P.
1254 1642 3076 1906 sich mit Ruhe in seine Seele versenk
1242 1812 2923 2076 ten. Und das waren heiligere
696 1927 1163 2101 schienen
1260 1979 2952 2227 Momente, als sie ihm die wilden, in-
1281 2116 2905 2381 brünstigen Stunden gaben, in denen
1297 2302 2889 2521 sie mit ihm in seiner Wohnung oder
1301 2487 2914 2677 auch ganz weit draussen am Land in
1358 2548 3092 2814 stillen Wäldern allein beisammen war.
1328 2753 3090 2975 Denn diese Stunden der xxx Selig-
1656 2857 2837 3049 Ja wäre zugleich voll Rück
1346 2932 3056 3144 keit entbehrten der letzten Reinheit
1389 3079 3099 3291 für ihn, xxxn er wusste ja, dass sie
1854 3076 2010 3180 w
1990 3142 3160 3318 to than you and in our Ex-
1367 3235 2982 3454 die gleiche Seligkeit schon erlebt
1373 3320 3092 3587 hatte und dass es nichts sein konnte
1391 3521 2957 3752 als die oftgehörte Lüge, wenn sie
1452 3600 3115 3896 schwer, all das völlig vergessen zu
