<?xml version="1.0" encoding="UTF-8" standalone="yes"?>
<PcGts xmlns="http://schema.primaresearch.org/PAGE/gts/pagecontent/2013-07-15" xmlns:xsi="http://www.w3.org/2001/XMLSchema-instance" xsi:schemaLocation="http://schema.primaresearch.org/PAGE/gts/pagecontent/2013-07-15 http://schema.primaresearch.org/PAGE/gts/pagecontent/2013-07-15/pagecontent.xsd">
    <Metadata>
        <Creator>prov=READ-COOP:name=TrHtr:version=2.1.0:model_id=51170:date=30_07_2023_11:52</Creator>
        <Created>2023-05-10T14:00:05.595+02:00</Created>
        <LastChange>2023-07-30T11:52:01.673+02:00</LastChange>
        <TranskribusMetadata docId="1428601" pageId="55416265" pageNr="123" tsid="131502559" status="IN_PROGRESS" userId="64420" imgUrl="https://files.transkribus.eu/Get?id=RLKFGBVWMUXNECPDXITGLLAG&amp;fileType=view" xmlUrl="https://files.transkribus.eu/Get?id=UVCINXQQRJTPAEPREGTBDOWR" imageId="44690371"/>
    </Metadata>
    <Page imageFilename="1428601_0123.jpg" imageWidth="3464" imageHeight="4248">
        <ReadingOrder>
            <OrderedGroup id="ro_1711789386259" caption="Regions reading order">
                <RegionRefIndexed index="0" regionRef="tr_1"/>
                <RegionRefIndexed index="1" regionRef="tr_2"/>
            </OrderedGroup>
        </ReadingOrder>
        <TextRegion id="tr_1" custom="readingOrder {index:0;}">
            <Coords points="650,547 3221,547 3221,2442 650,2442"/>
            <TextLine id="tr_1_tl_1" custom="readingOrder {index:0;}">
                <Coords points="2679,702 2724,702 2758,675 2782,684 2806,663 2899,684 2905,533 2863,530 2854,539 2833,527 2752,530 2743,518 2709,536 2688,527"/>
                <Baseline points="2701,611 2731,608 2776,606 2821,606 2865,603 2910,597"/>
                <TextEquiv>
                    <Unicode>1144</Unicode>
                </TextEquiv>
            </TextLine>
            <TextLine id="tr_1_tl_2" custom="readingOrder {index:1;}">
                <Coords points="787,925 1224,946 1419,865 1564,928 1998,859 2465,883 2474,726 1709,726 1474,796 1154,750 793,823"/>
                <Baseline points="806,877 823,877 868,874 913,871 958,868 1003,865 1047,865 1092,862 1137,859 1182,856 1226,853 1271,853 1316,853 1361,850 1406,847 1450,847 1495,844 1540,841 1585,841 1629,835 1674,832 1719,829 1764,826 1809,823 1853,820 1898,817 1943,814 1988,811 2032,809 2077,809 2122,806 2167,806 2212,800 2256,797 2301,794 2346,791 2391,791 2435,788 2480,788"/>
                <TextEquiv>
                    <Unicode>diesmal sozusagen nur Glückn gehabt.</Unicode>
                </TextEquiv>
            </TextLine>
            <TextLine id="tr_1_tl_3" custom="readingOrder {index:2;}">
                <Coords points="633,1049 2369,1052 2610,943 2963,961 2966,874 919,976 639,910"/>
                <Baseline points="650,1044 686,1044 731,1041 776,1041 820,1041 865,1038 910,1035 955,1035 1000,1035 1044,1032 1089,1032 1134,1026 1179,1023 1223,1023 1268,1020 1313,1014 1358,1011 1403,1009 1447,1009 1492,1006 1537,1003 1582,1000 1626,1000 1671,994 1716,991 1761,988 1806,988 1850,988 1895,985 1940,982 1985,979 2029,976 2074,973 2119,973 2164,970 2209,964 2253,961 2298,958 2343,955 2388,952 2432,949 2477,949 2522,946 2567,943 2612,940 2656,940 2701,937 2746,931 2791,931 2835,928 2880,922 2925,919 2970,919"/>
                <TextEquiv>
                    <Unicode>5.— Wenn ich gewusst hätte, dass sie daran sterben</Unicode>
                </TextEquiv>
            </TextLine>
            <TextLine id="tr_1_tl_4" custom="readingOrder {index:3;}">
                <Coords points="1245,1061 1281,1064 1302,1079 1320,1070 1386,1073 1404,1091 1438,1082 1471,1103 1492,1091 1513,1094 1516,1010 1480,1019 1462,1010 1438,1025 1416,1013 1350,1028 1341,1019 1248,1025"/>
                <Baseline points="1265,1047 1295,1047 1340,1047 1385,1050 1429,1044 1474,1041 1519,1038"/>
                <TextEquiv>
                    <Unicode>amme</Unicode>
                </TextEquiv>
            </TextLine>
            <TextLine id="tr_1_tl_5" custom="readingOrder {index:4;}">
                <Coords points="793,1227 2372,1215 3216,1043 3071,964 799,1124"/>
                <Baseline points="811,1200 847,1194 892,1194 937,1191 982,1188 1026,1188 1071,1182 1116,1182 1161,1179 1206,1179 1250,1176 1295,1173 1340,1170 1385,1170 1429,1167 1474,1164 1519,1161 1564,1155 1609,1152 1653,1152 1698,1152 1743,1149 1788,1143 1832,1143 1877,1140 1922,1137 1967,1134 2012,1131 2056,1128 2101,1128 2146,1125 2191,1122 2235,1119 2280,1113 2325,1110 2370,1107 2415,1104 2459,1101 2504,1101 2549,1101 2594,1095 2638,1095 2683,1092 2728,1089 2773,1089 2818,1083 2862,1083 2907,1080 2952,1077 2997,1074 3041,1071 3086,1068 3131,1065 3176,1065 3221,1062"/>
                <TextEquiv>
                    <Unicode>muss, hätte ich den Mut meiner Natur nicht gehabt.</Unicode>
                </TextEquiv>
            </TextLine>
            <TextLine id="tr_1_tl_6" custom="readingOrder {index:5;}">
                <Coords points="802,1380 2206,1365 2743,1239 3053,1266 3059,1184 811,1230"/>
                <Baseline points="820,1343 823,1343 868,1343 913,1343 958,1343 1003,1340 1047,1340 1092,1334 1137,1331 1182,1328 1226,1328 1271,1322 1316,1322 1361,1319 1406,1316 1450,1313 1495,1310 1540,1310 1585,1304 1629,1301 1674,1298 1719,1298 1764,1295 1809,1292 1853,1289 1898,1289 1943,1286 1988,1280 2032,1277 2077,1274 2122,1274 2167,1271 2212,1271 2256,1265 2301,1262 2346,1259 2391,1256 2435,1253 2480,1250 2525,1250 2570,1247 2615,1244 2659,1244 2704,1241 2749,1235 2794,1235 2838,1235 2883,1229 2928,1226 2973,1226 3018,1226 3062,1226"/>
                <TextEquiv>
                    <Unicode>Und darum hatte ich wohl auch das Recht nicht...</Unicode>
                </TextEquiv>
            </TextLine>
            <TextLine id="tr_1_tl_7" custom="readingOrder {index:6;}">
                <Coords points="826,1525 2076,1531 2345,1426 3110,1383 3119,1257 2848,1359 835,1380"/>
                <Baseline points="844,1501 880,1501 925,1501 970,1501 1014,1498 1059,1495 1104,1492 1149,1492 1194,1489 1238,1486 1283,1483 1328,1480 1373,1474 1417,1474 1462,1471 1507,1468 1552,1465 1597,1465 1641,1462 1686,1459 1731,1456 1776,1453 1820,1450 1865,1447 1910,1444 1955,1444 2000,1441 2044,1435 2089,1432 2134,1429 2179,1429 2224,1426 2268,1423 2313,1420 2358,1420 2403,1417 2447,1417 2492,1412 2537,1406 2582,1403 2627,1403 2671,1400 2716,1397 2761,1397 2806,1394 2850,1394 2895,1391 2940,1388 2985,1385 3030,1379 3074,1373 3119,1376"/>
                <TextEquiv>
                    <Unicode>Und fühle mich doch nicht schuldig-? Nein... ha</Unicode>
                </TextEquiv>
            </TextLine>
            <TextLine id="tr_1_tl_8" custom="readingOrder {index:7;}">
                <Coords points="829,1697 2544,1661 2755,1561 3113,1570 3116,1480 838,1540"/>
                <Baseline points="847,1665 880,1662 925,1659 970,1659 1014,1659 1059,1656 1104,1653 1149,1650 1194,1647 1238,1644 1283,1641 1328,1635 1373,1635 1417,1632 1462,1629 1507,1626 1552,1623 1597,1623 1641,1620 1686,1615 1731,1615 1776,1612 1820,1609 1865,1609 1910,1606 1955,1603 2000,1603 2044,1600 2089,1597 2134,1591 2179,1591 2224,1585 2268,1582 2313,1579 2358,1576 2403,1576 2447,1573 2492,1570 2537,1567 2582,1564 2627,1561 2671,1561 2716,1558 2761,1558 2806,1555 2850,1552 2895,1552 2940,1546 2985,1543 3030,1537 3074,1534 3119,1531"/>
                <TextEquiv>
                    <Unicode>be sogar ein seltsames Gefühl der Befretung, tau</Unicode>
                </TextEquiv>
            </TextLine>
            <TextLine id="tr_1_tl_9" custom="readingOrder {index:8;}">
                <Coords points="841,1853 1718,1793 2245,1859 2547,1787 2938,1844 3113,1799 3125,1582 2095,1712 1911,1652 1754,1721 847,1718"/>
                <Baseline points="856,1820 892,1818 937,1815 982,1809 1026,1809 1071,1809 1116,1803 1161,1803 1206,1800 1250,1797 1295,1794 1340,1794 1385,1794 1429,1791 1474,1788 1519,1782 1564,1782 1609,1779 1653,1776 1698,1773 1743,1767 1788,1764 1832,1761 1877,1761 1922,1755 1967,1755 2012,1755 2056,1752 2101,1752 2146,1749 2191,1746 2235,1743 2280,1737 2325,1734 2370,1731 2415,1728 2459,1728 2504,1725 2549,1722 2594,1722 2638,1719 2683,1716 2728,1713 2773,1707 2818,1704 2862,1701 2907,1698 2952,1695 2997,1689 3041,1686 3086,1680 3131,1674"/>
                <TextEquiv>
                    <Unicode>che so tief in Einsamkeit, dass es eine Art Wol -</Unicode>
                </TextEquiv>
            </TextLine>
            <TextLine id="tr_1_tl_10" custom="readingOrder {index:9;}">
                <Coords points="844,2001 922,2043 1025,2007 1160,2019 1260,1965 1435,1971 1486,2004 1564,1977 1670,2016 1715,2001 1724,1869 1585,1841 1474,1869 1395,1838 1341,1872 1133,1844 931,1881 850,1862"/>
                <Baseline points="859,1976 877,1973 922,1970 967,1970 1011,1967 1056,1964 1101,1961 1146,1955 1191,1955 1235,1952 1280,1952 1325,1952 1370,1949 1415,1946 1459,1946 1504,1937 1549,1931 1594,1928 1638,1931 1683,1931 1728,1931"/>
                <TextEquiv>
                    <Unicode>lust wird... "</Unicode>
                </TextEquiv>
            </TextLine>
            <TextLine id="tr_1_tl_11" custom="readingOrder {index:10;}">
                <Coords points="856,2134 2947,2107 3071,2070 3083,1832 2697,1847 2312,2010 865,2025"/>
                <Baseline points="877,2128 889,2128 934,2128 979,2125 1023,2122 1068,2122 1113,2122 1158,2119 1203,2116 1247,2113 1292,2110 1337,2107 1382,2104 1426,2098 1471,2095 1516,2092 1561,2089 1606,2086 1650,2086 1695,2083 1740,2083 1785,2080 1829,2077 1874,2074 1919,2071 1964,2071 2009,2068 2053,2065 2098,2062 2143,2059 2188,2059 2232,2056 2277,2053 2322,2050 2367,2047 2412,2044 2456,2041 2501,2038 2546,2035 2591,2032 2635,2029 2680,2026 2725,2023 2770,2023 2815,2021 2859,2018 2904,2015 2949,2012 2994,2009 3038,2003 3083,2006"/>
                <TextEquiv>
                    <Unicode>Georg empfand ein leies grauen. Wenn der Mensch</Unicode>
                </TextEquiv>
            </TextLine>
            <TextLine id="tr_1_tl_12" custom="readingOrder {index:11;}">
                <Coords points="853,2324 2917,2260 2978,2101 2477,2092 2318,2167 865,2137"/>
                <Baseline points="871,2283 874,2283 919,2280 964,2280 1009,2277 1053,2274 1098,2271 1143,2268 1188,2265 1232,2262 1277,2259 1322,2256 1367,2253 1412,2250 1456,2250 1501,2244 1546,2244 1591,2241 1635,2238 1680,2235 1725,2232 1770,2232 1815,2229 1859,2226 1904,2224 1949,2221 1994,2221 2038,2215 2083,2215 2128,2212 2173,2209 2218,2206 2262,2206 2307,2203 2352,2203 2397,2197 2441,2191 2486,2191 2531,2188 2576,2185 2621,2185 2665,2182 2710,2179 2755,2179 2800,2173 2844,2170 2889,2164 2934,2161 2979,2155"/>
                <TextEquiv>
                    <Unicode>nicht demnächst verrückt würde.. Nein, es war</Unicode>
                </TextEquiv>
            </TextLine>
            <TextLine id="tr_1_tl_13" custom="readingOrder {index:12;}">
                <Coords points="871,2453 3020,2411 3029,2263 877,2351"/>
                <Baseline points="892,2432 931,2429 976,2427 1020,2424 1065,2424 1110,2424 1155,2421 1200,2418 1244,2412 1289,2412 1334,2406 1379,2403 1423,2400 1468,2397 1513,2394 1558,2394 1603,2391 1647,2388 1692,2385 1737,2385 1782,2382 1826,2379 1871,2382 1916,2376 1961,2370 2006,2367 2050,2364 2095,2361 2140,2361 2185,2355 2229,2352 2274,2352 2319,2349 2364,2346 2409,2343 2453,2340 2498,2337 2543,2334 2588,2331 2632,2331 2677,2325 2722,2325 2767,2322 2812,2319 2856,2316 2901,2310 2946,2307 2991,2304 3035,2298"/>
                <TextEquiv>
                    <Unicode>ihm nicht zu helfen. "Ich muss Sie leider ver¬</Unicode>
                </TextEquiv>
            </TextLine>
        </TextRegion>
        <TextRegion id="tr_2" custom="readingOrder {index:1;}">
            <Coords points="892,2403 3230,2403 3230,3684 892,3684"/>
            <TextLine id="tr_2_tl_1" custom="readingOrder {index:0;}">
                <Coords points="874,2592 2474,2598 2758,2492 3176,2483 3183,2411 880,2480"/>
                <Baseline points="892,2588 904,2585 949,2585 994,2582 1038,2579 1083,2576 1128,2573 1173,2573 1217,2570 1262,2567 1307,2564 1352,2564 1397,2558 1441,2552 1486,2552 1531,2549 1576,2546 1620,2543 1665,2543 1710,2543 1755,2543 1800,2537 1844,2534 1889,2528 1934,2525 1979,2522 2023,2522 2068,2519 2113,2516 2158,2513 2203,2513 2247,2513 2292,2510 2337,2501 2382,2495 2427,2492 2471,2492 2516,2489 2561,2486 2606,2483 2650,2480 2695,2480 2740,2477 2785,2474 2830,2471 2874,2471 2919,2468 2964,2465 3009,2462 3053,2459 3098,2456 3143,2453 3188,2453"/>
                <TextEquiv>
                    <Unicode>lassen, Heinrich," sagte er. "Verzeihen Sie, dass</Unicode>
                </TextEquiv>
            </TextLine>
            <TextLine id="tr_2_tl_2" custom="readingOrder {index:1;}">
                <Coords points="892,2755 2806,2706 3071,2767 3186,2733 3195,2547 898,2625"/>
                <Baseline points="910,2749 955,2737 1000,2737 1044,2734 1089,2731 1134,2728 1179,2725 1223,2719 1268,2719 1313,2716 1358,2710 1403,2707 1447,2704 1492,2704 1537,2701 1582,2698 1626,2695 1671,2692 1716,2689 1761,2686 1806,2683 1850,2680 1895,2680 1940,2677 1985,2674 2029,2671 2074,2668 2119,2668 2164,2662 2209,2662 2253,2659 2298,2656 2343,2653 2388,2650 2432,2650 2477,2647 2522,2644 2567,2641 2612,2638 2656,2635 2701,2635 2746,2632 2791,2629 2835,2627 2880,2627 2925,2624 2970,2621 3015,2615 3059,2612 3104,2612 3149,2609 3199,2597"/>
                <TextEquiv>
                    <Unicode>ich nicht länger bei Ihnen bleiben kann. Ich war</Unicode>
                </TextEquiv>
            </TextLine>
            <TextLine id="tr_2_tl_3" custom="readingOrder {index:2;}">
                <Coords points="898,2902 2830,2887 2839,2724 904,2797"/>
                <Baseline points="916,2895 919,2895 964,2895 1009,2898 1053,2892 1098,2892 1143,2889 1188,2886 1232,2883 1277,2877 1322,2874 1367,2871 1412,2868 1456,2868 1501,2862 1546,2859 1591,2859 1635,2856 1680,2853 1725,2853 1770,2850 1815,2847 1859,2847 1904,2847 1949,2844 1994,2838 2038,2835 2083,2832 2128,2827 2173,2827 2218,2824 2262,2821 2307,2818 2352,2815 2397,2815 2441,2809 2486,2806 2531,2803 2576,2803 2621,2797 2665,2797 2710,2794 2755,2791 2800,2788 2844,2782"/>
                <TextEquiv>
                    <Unicode>de schon erwartet. Ich fahre zu Rosners.</Unicode>
                </TextEquiv>
            </TextLine>
            <TextLine id="tr_2_tl_4" custom="readingOrder {index:3;}">
                <Coords points="919,3062 2547,3041 2700,2950 3101,2975 3107,2869 928,2914"/>
                <Baseline points="940,3038 964,3041 1009,3041 1053,3044 1098,3041 1143,3041 1188,3038 1232,3033 1277,3030 1322,3027 1367,3024 1412,3021 1456,3018 1501,3015 1546,3012 1591,3009 1635,3006 1680,3003 1725,3000 1770,3000 1815,2997 1859,2997 1904,2994 1949,2991 1994,2988 2038,2988 2083,2985 2128,2982 2173,2976 2218,2973 2262,2973 2307,2970 2352,2967 2397,2967 2441,2964 2486,2961 2531,2958 2576,2955 2621,2952 2665,2946 2710,2943 2755,2940 2800,2940 2844,2937 2889,2934 2934,2931 2979,2928 3024,2925 3068,2925 3113,2925"/>
                <TextEquiv>
                    <Unicode>„So, ja natürlich. Bitte grüssen Sie Anna herz</Unicode>
                </TextEquiv>
            </TextLine>
            <TextLine id="tr_2_tl_5" custom="readingOrder {index:4;}">
                <Coords points="907,3237 3155,3192 3167,2993 913,3110"/>
                <Baseline points="928,3197 931,3197 976,3197 1020,3197 1065,3194 1110,3191 1155,3188 1200,3185 1244,3182 1289,3179 1334,3176 1379,3173 1423,3170 1468,3167 1513,3164 1558,3161 1603,3158 1647,3158 1692,3155 1737,3155 1782,3152 1826,3146 1871,3143 1916,3140 1961,3140 2006,3140 2050,3137 2095,3134 2140,3137 2185,3134 2229,3128 2274,3125 2319,3125 2364,3119 2409,3116 2453,3113 2498,3110 2543,3110 2588,3107 2632,3104 2677,3098 2722,3098 2767,3095 2812,3092 2856,3089 2901,3086 2946,3083 2991,3080 3035,3077 3080,3074 3125,3071 3170,3071"/>
                <TextEquiv>
                    <Unicode>lich. Ich höre ja, dass es ihr gut geht. Therese</Unicode>
                </TextEquiv>
            </TextLine>
            <TextLine id="tr_2_tl_6" custom="readingOrder {index:5;}">
                <Coords points="931,3378 1079,3393 1142,3357 1230,3390 1323,3366 1395,3409 1522,3378 1630,3403 1661,3390 1670,3243 1594,3276 1429,3213 1389,3231 1215,3192 1088,3228 940,3219"/>
                <Baseline points="949,3352 958,3352 1003,3349 1047,3346 1092,3346 1137,3343 1182,3340 1226,3334 1271,3331 1316,3328 1361,3325 1406,3322 1450,3319 1495,3319 1540,3316 1585,3313 1629,3307 1674,3301"/>
                <TextEquiv>
                    <Unicode>erzählte mir.. "</Unicode>
                </TextEquiv>
            </TextLine>
            <TextLine id="tr_2_tl_7" custom="readingOrder {index:6;}">
                <Coords points="937,3538 2073,3481 2411,3568 3017,3400 3222,3430 3228,3297 1639,3418 946,3387"/>
                <Baseline points="958,3507 991,3507 1035,3504 1080,3504 1125,3498 1170,3498 1214,3495 1259,3492 1304,3489 1349,3486 1394,3486 1438,3480 1483,3477 1528,3474 1573,3474 1618,3471 1662,3468 1707,3465 1752,3465 1797,3462 1841,3462 1886,3462 1931,3459 1976,3456 2021,3450 2065,3447 2110,3444 2155,3441 2200,3444 2244,3438 2289,3436 2334,3436 2379,3433 2424,3430 2468,3424 2513,3424 2558,3421 2603,3418 2647,3415 2692,3412 2737,3412 2782,3406 2827,3406 2871,3403 2916,3403 2961,3400 3006,3400 3050,3400 3095,3394 3140,3391 3185,3388 3230,3388"/>
                <TextEquiv>
                    <Unicode>"Ja sie steht vortrefflich aus. Sie hat sich voll</Unicode>
                </TextEquiv>
            </TextLine>
            <TextLine id="tr_2_tl_8" custom="readingOrder {index:7;}">
                <Coords points="928,3695 1172,3680 1224,3716 1290,3674 1450,3695 1543,3656 1609,3701 1661,3671 1706,3686 1715,3544 1495,3538 1332,3577 1187,3520 1073,3559 937,3541"/>
                <Baseline points="949,3674 955,3671 1000,3668 1044,3665 1089,3665 1134,3662 1179,3659 1223,3656 1268,3656 1313,3650 1358,3650 1403,3644 1447,3641 1492,3639 1537,3636 1582,3633 1626,3633 1671,3627 1716,3627"/>
                <TextEquiv>
                    <Unicode>kommen erholt. “</Unicode>
                </TextEquiv>
            </TextLine>
        </TextRegion>
    </Page>
</PcGts>
