3416 4120
2818 399 3085 578 que les
1279 630 3035 776 der Ewigkeit rechnen. In einer mensch-
2700 760 2877 840 will.
1267 786 3028 965 lichen Angelegenheit kommt es/auf ein
1307 939 3000 1126 Definitives an und wenn wir auch ge-
1267 1074 2941 1218 legentlich von dem Ziel einer beweg-
1267 1227 3011 1376 ung sprechen, so meinen wir damit nie
1272 1402 3063 1534 etwas Anderes als einen Aufenthalt von
1270 1532 3092 1647 voraussichtlich längerer Dauer. Darauf,
1267 1659 2967 1834 dass wir den rechten Weg gehen kommt
1267 1820 2870 1985 es an, mehr liegt nicht in unserer
1256 1959 1560 2138 Macht.
1256 2110 2924 2233 Und ich gestatte mir zu finden, ent
1256 2251 3051 2417 gegnete Heinrich, dass Sie einen voll-
1248 2393 3016 2561 kommen falschen Weg eingeschlagen ha-
1256 2528 2971 2695 ben und auf die Gefahr hin, dass Sie
1256 2657 3061 2778 mich für einen politischen Dilletanten
1265 2756 3011 2941 erklären, sprech ich es aus, dass die
1251 2879 3042 3070 zionistischen Bestrebungen meiner inn-
1258 3061 3023 3200 ersten Ueberzeugung nach, ganz abge-
1253 3207 3146 3358 sehen von der inneren Unwahrheit der
1234 3337 3042 3540 Tendenz, das grösste Unglück für unser
1241 3488 1914 3684 Volk bedeuten.
