3384 4120
1279 610 2889 767 fühlen. Ihre Ahnen sind nicht jahr
2379 736 3052 862 gehet zt worden
1275 781 2353 1009 hunderte durch die Welt
1349 897 2950 1048 und genötigt gewesen sich zusammen
1288 967 3171 1275 geschmiegt mit andern unter Dach zu stel
1307 1107 3120 1354 len. Unsere verfluchte Sentimentalität
1314 1263 3001 1568 Bei Ihnen gehen alle diese Dinge viel
1316 1461 3097 1699 naiver vor. Was heisst das überhaupt,
1340 1610 3041 1859 Verpflichtung gegeh andre? Wenn man
1330 1738 3199 2001 nicht zugleich eine gegen sich selbst er
1358 1894 3122 2158 füllt hat auch der andre nichts davon.
1370 2022 3148 2300 Ja, das ist es. Es gibt nicht nur eine
1368 2141 3201 2463 Pflicht Menschen das Leben zu erhalten,
1384 2297 3120 2596 machmal ist man auch verpflichtet sie
1403 2435 3255 2721 zu töten, Es ist eben alles nur von wal
1400 2565 3234 2899 zu Fall zu entscheiden. Und wer kann in
1424 2731 3152 3017 einem Fall, richten, der ihn nichts an
1431 2999 1692 3169 geht?
1489 2980 3192 3297 Georg lächelte. Nürnberger würde hin
1454 3152 3136 3427 zusetzten und wer kann in einem Fall
1473 3299 2985 3577 scheiden, der ihn selber angeht?“
