3464 4136
1204 609 2456 852 such nennen, was Du meinst.
1226 739 2886 1022 "Bei uns ) in Oesterreich kommts nicht
2744 835 3038 938 inneture.
1162 884 2967 1137 da auf an ob ein Versuch ernsthaft ist.
1181 1029 2962 1282 sondern von welcher Partei er ausgeht.
1213 1194 3149 1447 Aber Du siehst doch die Staasanwaltschaft
1204 1358 2940 1594 hat sich um diese alberne Verleumdung
1204 1447 3097 1751 gar nicht gekümmert. (Ist denn die Unter-
1213 1631 3191 1877 suchung überhaupt nach der Richtung geführt
1231 1874 1643 2044 worden?"
1238 1877 3026 2171 "Von vorn herein ausgeschlossen war es
1255 2031 3171 2309 nicht. Warum auch? In einem Staat, wo es
1250 2208 3043 2461 möglich ist, dass offiziös so zu sagen
1280 2353 3011 2618 eine Anklage wegen ritualmors erhoben
1290 2493 3065 2768 wird warum sollte man in einem solchen
1294 2638 3100 2928 Staat einen Juden nicht von von herein
1299 2771 3188 3043 für fähig halten sich bei einem Pistolen
1299 2930 3173 3193 Duell einen unerlaubten oder verbrecheri.
1326 3095 3092 3353 schen Vorteil zu sichern, und dass die
1344 3220 3228 3493 Behörde, auch diesmal den Antisemiten ent¬
