3448 4168
2681 423 2905 606 184 R
1830 486 1966 640 Pr.
1131 740 1339 869 sen.
1120 867 2129 1023 Hab ich mir gedacht.
1122 907 2930 1154 Aber ich fühle dass es mit der Tendenz
1138 1077 2955 1310 zur Assimilation in Zusammenhang steht.
1134 1219 2835 1405 Wie wollen Sie zum Beispiel eine Em-
1149 1398 2799 1591 pfindung erklären, die Ihnen gewiss
1145 1545 2763 1733 auch nicht unbekannt ist. Aber ich
1156 1692 2722 1876 will vorläufig nur von mir allein
1143 1864 2674 2057 sprechen. Wie kommt es, dass ich
