3384 4120
1778 324 1908 500 a
2376 335 2642 549 445 6
1316 562 2946 778 vorher in einer andern Richtung ab-
1280 729 3032 952 gebogen werden muss." Also jedenfalt
2554 824 2854 945 gl. h.
1536 910 2988 1120 "Nun, und ich finde - verzeihen
1298 1067 2973 1239 Sie - ich bin der Politik ein Dilet-
1300 1241 2955 1397 tant, aber ich spreche aus, was mir
1298 1375 2986 1562 durch den Sinn fährt: ich finde, dass
1298 1547 2962 1684 die zionistischen Bestrebungen kein
820 1624 1166 1765 de poser.
1291 1710 2794 1873 Glück für unser Volk bedeuten.
1523 1814 2988 2032 Leo lächelte. "Sie sagen: unser
1307 1986 2927 2173 Volk, das ist schon etwas. Aber im
1300 2142 2764 2292 übrigen ist das, was Sie sagen,
1964 2226 2327 2356 zember
1406 2239 1640 2336 Wckler
1298 2268 2951 2481 wahrhaftig(ein-wenig) délettantisch.
1307 2453 2920 2585 Verzeihen Sie, Heinrich, Ihr Blick
1307 2581 2889 2777 in diesen Dingen ist ein wenig he-
1307 2744 2819 2920 sehränkti Sie dürfen nicht immer
1349 2931 2962 3087 daran denken, dass Sie ein Dichter
1311 3052 2794 3228 sind, der zufällig, weil er als
1298 3195 2777 3394 Deutscher geboren, in deutschen
1307 3341 2940 3504 Sprache, und weil erin Oesterreich
1313 3484 2951 3682 lebt, über österreichische Verhält-
1305 3612 3081 3808 nisse schreibt. Es handelt sieh nicht
