3448 4296
2851 549 3047 715 878
991 696 3133 897 In Nizza hab ich sie kennen gelernt. Else ist
999 883 3094 1057 ihrem Vater einmal um den Hals gefallen. Os
994 1035 3124 1203 kar hat ein Monokel getragen und schwarz weiss
1007 1176 2997 1350 tambourierte Handschuhe. Felictan hat ihn
1007 1333 3224 1524 immer lächerlich gefunden. Wer ihnen damals all
1007 1504 3003 1697 das propheseiht hätte! Und mir. Unheimlich
1021 1656 3050 1816 ist das Leben. In Florenz bin ich mit ihr in
1203 1772 1604 1891 Uffinen
1013 1808 2953 1987 den Töffinen gewesen. Vor der Tizianschen
1013 1951 3188 2122 Venus sünd wir gestanden. Sie hat xxx seltsame
996 2131 3011 2288 Augen gehabt. In einen verrückten Zeichen
1005 2285 3191 2434 lehrer war sie verliebt. Ein Hochstappler, Und
1007 2454 3044 2605 ich fahre jetzt nach Wien. Draussen wird es
1013 2592 2964 2743 immer heller. Hilbsch ist es, wie oben die
480 2633 861 2854 Ersah
999 2754 3105 2928 Drähte in Wellen mitwandern und schweben. Da
1024 2931 3229 3102 oben ist auch mein Telegramm geschwebt, gestern.
406 2939 822 3102 Auil seu
1005 3022 1267 3135 Abend.
1032 3075 3111 3246 "Morgen Geliebte bei Dir. In Sehnsucht, Dein
453 3083 602 3224 el
1010 3207 3066 3414 Georg." Und wie es abgeschickt war, bin ich
1016 3378 3119 3525 wieder zurück zu ihr. Die Fensterläden waren
334 3389 889 3596 ulte es même
1021 3497 3144 3707 geschlossen und draussen war noch strahlender
433 3530 665 3729 such
