3336 4104
2784 416 3042 608 1273
1291 585 2918 810 nächsten Augenblick die völlige Un
1242 709 3132 934 wichtigkeit herausstellt.-Haben Sie ihn
1258 918 2012 1099 schon gesehen?
1277 1066 2526 1256 "Ja ich sagte Ihnen schon."
1303 1193 3096 1380 "Nun ich hätte es auch so gewusst, man
1275 1336 2984 1538 bringt immer etwas von ihm mit, min -
1279 1514 2181 1709 destens ein Zitat.
1345 1648 2831 1850 "Was haben Sie denn gegen ihn? "
1369 1798 3106 2014 "Garnichts. Es gibt nur Epocen, in de
1286 1923 2580 2153 nen ich ihn nicht ertrage.
1366 2063 2965 2291 Ja sehr heiter ist seine Lebensan
1319 2228 3007 2420 schauung nicht, seine Weltanschauung
1317 2366 3078 2589 würd ich sagen, wenn ich nicht wüsste,
1324 2533 3061 2740 dass Ihnen das Wort sehr zuwider ist.
1357 2686 3007 2862 Es ist geradezu, wie wenn man immer
1345 2786 3160 3000 unter bewölktem Himmel mit ihm stände.
1401 2946 2948 3132 "Entschuldigen Sie Georg, das Ver
1345 3101 3171 3279 gleichen müssen Sie mir überlassen, Sie
1390 3204 3211 3411 könnens dann in Musik setzten. Das mit
1369 3413 3103 3606 den Wolken stimmt nicht. Im Gegenteil
