3464 4072
1379 618 2635 875 zuckte um Berthäd s Brauen.
1911 790 3029 994 "Da wit schon davon reden
1726 858 1821 1011 er
1199 875 1413 1028 Dann
1726 931 2708 1174 Dich eigentleih auf d
1216 1075 2930 1315 mutung dieser bevorstehenden Heirat?“
1238 1250 2959 1442 „Sie schreiben sich regelmässig, erst
1235 1362 3073 1605 vorgestern hat mir Anna einen Gruss von
1255 1556 2069 1763 ihm ausgerichtet.“
1286 1665 3243 1921 "Hat sie alle ihre Lektionen wieder" fragt
1272 1887 1699 2067 Berthold.
1315 1940 3112 2183 Ich weiss nicht ob sie alle hat, jeden
1276 2096 3114 2327 falls arbeitt sie schon, sie singt auch
1289 2278 3073 2504 selbst und es scheant sogar, als hätte
1303 2463 2538 2626 ihre Stimme sehr gewonnen.
1323 2577 3037 2764 "Das soll ja manchmal vorkommen", be
1315 2728 2494 2930 merkte Berthold sachlich.
1354 2857 2959 3071 “Ja“, sagte der alte Doktor Stauber
1342 2973 3294 3234 lächelnd. "Kann ich Dich wohin mit -nehmen
1799 3007 1979 3097 Mrs.
1340 3180 2067 3358 fragte er dann.
1432 3207 3221 3511 Nein ich danke sehr, Vater, ich bleibe
