<?xml version="1.0" encoding="UTF-8" standalone="yes"?>
<PcGts xmlns="http://schema.primaresearch.org/PAGE/gts/pagecontent/2013-07-15" xmlns:xsi="http://www.w3.org/2001/XMLSchema-instance" xsi:schemaLocation="http://schema.primaresearch.org/PAGE/gts/pagecontent/2013-07-15 http://schema.primaresearch.org/PAGE/gts/pagecontent/2013-07-15/pagecontent.xsd">
    <Metadata>
        <Creator>prov=READ-COOP:name=TrHtr:version=2.1.0:model_id=51170:date=30_07_2023_11:52</Creator>
        <Created>2023-05-10T14:00:16.785+02:00</Created>
        <LastChange>2023-07-30T11:52:23.600+02:00</LastChange>
        <TranskribusMetadata docId="1428601" pageId="55416733" pageNr="198" tsid="131502657" status="IN_PROGRESS" userId="64420" imgUrl="https://files.transkribus.eu/Get?id=JROTZDEZNBTMJYOZMDJTROSE&amp;fileType=view" xmlUrl="https://files.transkribus.eu/Get?id=DIAVNOEAOWSYFXTFFADKCDNX" imageId="44690837"/>
    </Metadata>
    <Page imageFilename="1428601_0198.jpg" imageWidth="3256" imageHeight="4056">
        <ReadingOrder>
            <OrderedGroup id="ro_1711789462730" caption="Regions reading order">
                <RegionRefIndexed index="0" regionRef="tr_1"/>
                <RegionRefIndexed index="1" regionRef="tr_2"/>
            </OrderedGroup>
        </ReadingOrder>
        <TextRegion id="tr_1" custom="readingOrder {index:0;}">
            <Coords points="1155,669 3103,669 3103,2585 1155,2585"/>
            <TextLine id="tr_1_tl_1" custom="readingOrder {index:0;}">
                <Coords points="1900,761 2053,749 2160,787 2359,742 2471,780 2584,749 2749,763 2756,612 2321,541 2086,644 1904,656"/>
                <Baseline points="1913,746 1951,746 1996,743 2041,743 2086,743 2130,740 2175,737 2220,737 2265,737 2310,737 2354,731 2399,728 2444,728 2489,728 2533,725 2578,722 2623,722 2668,719 2712,719 2757,719"/>
                <TextEquiv>
                    <Unicode>Nein mit der Komödi.</Unicode>
                </TextEquiv>
            </TextLine>
            <TextLine id="tr_1_tl_2" custom="readingOrder {index:1;}">
                <Coords points="1187,778 1258,794 1424,775 1491,821 1560,801 1689,821 1737,804 1742,656 1620,624 1548,656 1359,627 1189,684"/>
                <Baseline points="1199,772 1208,772 1253,772 1298,770 1343,767 1387,764 1432,767 1477,764 1522,761 1566,758 1611,758 1656,758 1701,755 1745,755"/>
                <TextEquiv>
                    <Unicode>senktem Kopf.</Unicode>
                </TextEquiv>
            </TextLine>
            <TextLine id="tr_1_tl_3" custom="readingOrder {index:2;}">
                <Coords points="1139,988 1531,919 1761,969 2086,895 2424,947 2431,775 2361,742 1907,821 1349,792 1146,833"/>
                <Baseline points="1155,925 1193,928 1238,925 1283,925 1328,925 1372,925 1417,922 1462,919 1507,919 1551,913 1596,913 1641,913 1686,910 1731,907 1775,904 1820,907 1865,901 1886,898 1898,898 1942,898 1987,895 2032,895 2077,892 2122,892 2166,889 2211,889 2256,886 2301,883 2345,880 2390,877 2435,880"/>
                <TextEquiv>
                    <Unicode>wirde vorläufig wohl nichts.</Unicode>
                </TextEquiv>
            </TextLine>
            <TextLine id="tr_1_tl_4" custom="readingOrder {index:3;}">
                <Coords points="1230,1072 1321,1105 1447,1074 1548,1077 1593,1108 1680,1067 1778,1091 1782,969 1744,957 1696,974 1510,952 1416,983 1325,945 1235,981"/>
                <Baseline points="1244,1071 1247,1071 1292,1074 1337,1071 1381,1071 1426,1071 1471,1068 1516,1065 1560,1062 1605,1059 1650,1059 1695,1059 1739,1053 1784,1053"/>
                <TextEquiv>
                    <Unicode>Warum denn?</Unicode>
                </TextEquiv>
            </TextLine>
            <TextLine id="tr_1_tl_5" custom="readingOrder {index:4;}">
                <Coords points="1239,1242 2962,1191 2969,1065 2208,1086 1907,1026 1797,1110 1244,1129"/>
                <Baseline points="1253,1229 1268,1229 1313,1229 1357,1226 1402,1226 1447,1223 1492,1220 1537,1220 1581,1217 1626,1217 1671,1214 1716,1211 1760,1205 1805,1205 1850,1202 1895,1199 1939,1199 1984,1196 2029,1196 2074,1193 2119,1193 2163,1190 2208,1187 2253,1187 2298,1187 2342,1184 2387,1181 2432,1178 2477,1175 2521,1172 2566,1172 2611,1169 2656,1169 2701,1169 2745,1166 2790,1163 2835,1160 2880,1160 2924,1160 2969,1163"/>
                <TextEquiv>
                    <Unicode>Nun der tiefere Grund wird wohl sein,</Unicode>
                </TextEquiv>
            </TextLine>
            <TextLine id="tr_1_tl_6" custom="readingOrder {index:5;}">
                <Coords points="1148,1433 2794,1342 2845,1203 2505,1175 2034,1263 1897,1211 1677,1285 1156,1263"/>
                <Baseline points="1163,1387 1190,1387 1235,1387 1280,1384 1325,1384 1369,1381 1414,1381 1459,1375 1504,1372 1548,1372 1593,1369 1638,1369 1683,1366 1728,1363 1772,1360 1817,1360 1862,1357 1907,1354 1951,1354 1996,1349 2041,1349 2086,1349 2130,1346 2175,1343 2220,1340 2265,1337 2310,1334 2354,1334 2399,1331 2444,1328 2489,1325 2533,1322 2578,1322 2623,1319 2668,1316 2712,1313 2757,1310 2802,1304 2847,1301"/>
                <TextEquiv>
                    <Unicode>dass ichs nicht kann. Aber da solche</Unicode>
                </TextEquiv>
            </TextLine>
            <TextLine id="tr_1_tl_7" custom="readingOrder {index:6;}">
                <Coords points="1151,1565 1495,1529 1593,1589 1823,1522 2948,1479 2983,1380 2859,1428 2768,1380 2361,1436 2014,1376 1158,1431"/>
                <Baseline points="1166,1540 1193,1540 1238,1537 1283,1540 1328,1537 1372,1534 1417,1531 1462,1528 1507,1525 1551,1522 1596,1519 1641,1519 1686,1516 1731,1510 1775,1510 1820,1510 1865,1507 1910,1504 1954,1501 1999,1498 2044,1498 2089,1495 2133,1495 2178,1489 2223,1486 2268,1486 2313,1483 2357,1480 2402,1477 2447,1474 2492,1474 2536,1471 2581,1465 2626,1465 2671,1462 2715,1459 2760,1456 2805,1453 2850,1456 2895,1450 2939,1444 2984,1444"/>
                <TextEquiv>
                    <Unicode>Eingeständnisse das Selbstgefühl em</Unicode>
                </TextEquiv>
            </TextLine>
            <TextLine id="tr_1_tl_8" custom="readingOrder {index:7;}">
                <Coords points="1165,1727 3024,1636 3048,1467 2347,1546 1852,1519 1526,1615 1175,1569"/>
                <Baseline points="1181,1698 1208,1692 1253,1689 1298,1689 1343,1686 1387,1683 1432,1680 1477,1677 1522,1674 1566,1671 1611,1671 1656,1665 1701,1662 1745,1659 1790,1659 1835,1656 1880,1653 1925,1653 1969,1650 2014,1650 2059,1647 2104,1644 2148,1641 2193,1638 2238,1635 2283,1632 2327,1632 2372,1626 2417,1623 2462,1620 2507,1620 2551,1617 2596,1617 2641,1611 2686,1611 2730,1605 2775,1605 2820,1605 2865,1599 2909,1596 2954,1593 2999,1587 3044,1590"/>
                <TextEquiv>
                    <Unicode>pfindlich verletzen, kann ich Ihnen mit</Unicode>
                </TextEquiv>
            </TextLine>
            <TextLine id="tr_1_tl_9" custom="readingOrder {index:8;}">
                <Coords points="1175,1852 2790,1761 3077,1809 3103,1636 2866,1598 2146,1708 2007,1658 1184,1720"/>
                <Baseline points="1190,1847 1223,1844 1268,1844 1313,1841 1357,1838 1402,1835 1447,1835 1492,1832 1537,1829 1581,1823 1626,1823 1671,1820 1716,1814 1760,1814 1805,1811 1850,1808 1895,1808 1939,1802 1984,1799 2029,1799 2074,1796 2119,1793 2163,1790 2208,1787 2253,1787 2298,1784 2342,1778 2387,1775 2432,1775 2477,1772 2521,1769 2566,1766 2611,1763 2656,1760 2701,1757 2745,1754 2790,1751 2835,1751 2880,1745 2924,1742 2969,1739 3014,1737 3059,1737 3103,1739"/>
                <TextEquiv>
                    <Unicode>einer ganzen Reihe von Ausreden aufwarten</Unicode>
                </TextEquiv>
            </TextLine>
            <TextLine id="tr_1_tl_10" custom="readingOrder {index:9;}">
                <Coords points="1227,1998 1371,2043 1825,1964 2797,1938 2912,1921 2919,1790 1235,1883"/>
                <Baseline points="1241,1990 1265,1990 1310,1990 1354,1990 1399,1987 1444,1987 1489,1981 1534,1978 1578,1975 1623,1972 1668,1969 1713,1966 1757,1963 1802,1963 1847,1960 1892,1957 1936,1954 1981,1951 2026,1948 2071,1948 2116,1942 2160,1942 2205,1939 2250,1939 2295,1936 2339,1931 2384,1928 2429,1925 2474,1922 2518,1916 2563,1916 2608,1913 2653,1910 2698,1907 2742,1904 2787,1901 2832,1901 2877,1895 2921,1898"/>
                <TextEquiv>
                    <Unicode>die selbstverständlich alle für mich</Unicode>
                </TextEquiv>
            </TextLine>
            <TextLine id="tr_1_tl_11" custom="readingOrder {index:10;}">
                <Coords points="1187,2156 2957,2093 3062,2046 3070,1924 1196,2019"/>
                <Baseline points="1202,2145 1232,2142 1277,2142 1322,2139 1366,2136 1411,2136 1456,2133 1501,2130 1545,2130 1590,2124 1635,2122 1680,2119 1725,2116 1769,2113 1814,2113 1859,2110 1904,2107 1948,2101 1993,2098 2038,2095 2083,2092 2127,2089 2172,2089 2217,2086 2262,2083 2307,2083 2351,2080 2396,2077 2441,2074 2486,2071 2530,2068 2575,2065 2620,2059 2665,2059 2709,2053 2754,2050 2799,2053 2844,2047 2889,2041 2933,2041 2978,2035 3023,2032 3068,2029"/>
                <TextEquiv>
                    <Unicode>sehr schmeichelhaft sind. Also vor allem</Unicode>
                </TextEquiv>
            </TextLine>
            <TextLine id="tr_1_tl_12" custom="readingOrder {index:11;}">
                <Coords points="1201,2326 2419,2242 2428,2103 1591,2146 1491,2189 1211,2163"/>
                <Baseline points="1217,2295 1262,2292 1307,2289 1352,2286 1396,2286 1441,2283 1486,2283 1531,2280 1575,2277 1620,2274 1665,2271 1710,2268 1754,2265 1799,2262 1844,2259 1889,2259 1933,2256 1978,2250 2023,2247 2068,2244 2113,2241 2157,2238 2202,2235 2247,2232 2292,2226 2336,2226 2381,2223 2426,2223"/>
                <TextEquiv>
                    <Unicode>einmal bin ich zu gerecht.</Unicode>
                </TextEquiv>
            </TextLine>
            <TextLine id="tr_1_tl_13" custom="readingOrder {index:12;}">
                <Coords points="1273,2448 2804,2383 2890,2359 2900,2203 1876,2311 1282,2309"/>
                <Baseline points="1289,2429 1331,2429 1375,2429 1420,2429 1465,2429 1510,2426 1554,2420 1599,2420 1644,2417 1689,2414 1734,2408 1778,2408 1823,2405 1868,2402 1913,2399 1957,2396 2002,2393 2047,2390 2092,2387 2136,2384 2181,2381 2226,2378 2271,2378 2316,2378 2360,2369 2405,2369 2450,2366 2495,2363 2539,2357 2584,2354 2629,2351 2674,2348 2718,2348 2763,2348 2808,2348 2853,2345 2897,2351"/>
                <TextEquiv>
                    <Unicode>„Nun das wär doch eher ein Vorzug.</Unicode>
                </TextEquiv>
            </TextLine>
            <TextLine id="tr_1_tl_14" custom="readingOrder {index:13;}">
                <Coords points="1225,2608 2840,2522 2988,2500 2998,2347 2043,2448 1237,2438"/>
                <Baseline points="1241,2569 1250,2569 1295,2572 1340,2575 1384,2575 1429,2575 1474,2572 1519,2572 1563,2569 1608,2566 1653,2566 1698,2560 1742,2557 1787,2554 1832,2551 1877,2548 1922,2545 1966,2542 2011,2539 2056,2536 2101,2533 2145,2530 2190,2527 2235,2524 2280,2521 2324,2515 2369,2512 2414,2512 2459,2507 2504,2501 2548,2498 2593,2495 2638,2492 2683,2492 2727,2489 2772,2489 2817,2483 2862,2480 2906,2477 2951,2474 2996,2468"/>
                <TextEquiv>
                    <Unicode>Geduld, es ist nicht die Gerechtigkei</Unicode>
                </TextEquiv>
            </TextLine>
        </TextRegion>
        <TextRegion id="tr_2" custom="readingOrder {index:1;}">
            <Coords points="1220,2564 3139,2564 3139,3618 1220,3618"/>
            <TextLine id="tr_2_tl_1" custom="readingOrder {index:0;}">
                <Coords points="1203,2739 2919,2653 3007,2629 3015,2519 2790,2579 2608,2515 1558,2617 1215,2593"/>
                <Baseline points="1220,2730 1223,2730 1268,2727 1313,2727 1357,2724 1402,2721 1447,2718 1492,2715 1537,2712 1581,2709 1626,2706 1671,2704 1716,2701 1760,2701 1805,2698 1850,2695 1895,2689 1939,2689 1984,2686 2029,2686 2074,2683 2119,2680 2163,2674 2208,2668 2253,2668 2298,2662 2342,2659 2387,2656 2432,2650 2477,2647 2521,2644 2566,2641 2611,2638 2656,2638 2701,2635 2745,2632 2790,2629 2835,2626 2880,2623 2924,2620 2969,2614 3014,2617"/>
                <TextEquiv>
                    <Unicode>des Dichters, die göttliche wie man sa</Unicode>
                </TextEquiv>
            </TextLine>
            <TextLine id="tr_2_tl_2" custom="readingOrder {index:1;}">
                <Coords points="1220,2895 1481,2907 1579,2861 1699,2893 2113,2821 2201,2857 2318,2809 2507,2859 2577,2838 2584,2725 2457,2739 2323,2677 1974,2747 1876,2708 1230,2756"/>
                <Baseline points="1235,2883 1244,2883 1289,2880 1334,2874 1378,2871 1423,2868 1468,2865 1513,2859 1557,2859 1602,2853 1647,2853 1692,2853 1737,2850 1781,2847 1826,2841 1871,2838 1916,2835 1960,2835 2005,2829 2050,2826 2095,2823 2139,2820 2184,2817 2229,2817 2274,2814 2318,2808 2363,2802 2408,2799 2453,2796 2498,2793 2542,2790 2587,2793"/>
                <TextEquiv>
                    <Unicode>gen könnte, wenn Gott gerecht</Unicode>
                </TextEquiv>
            </TextLine>
            <TextLine id="tr_2_tl_3" custom="readingOrder {index:2;}">
                <Coords points="1225,3027 2383,2998 2727,2945 2732,2869 2436,2826 2196,2869 1916,2842 1792,2900 1235,2895"/>
                <Baseline points="1238,3023 1256,3020 1301,3020 1346,3020 1390,3017 1435,3011 1480,3008 1525,3005 1569,3002 1614,2999 1659,2999 1704,2996 1748,2993 1793,2987 1838,2984 1883,2984 1928,2981 1972,2978 2017,2978 2062,2969 2107,2969 2151,2966 2196,2963 2241,2957 2286,2954 2330,2951 2375,2951 2420,2945 2465,2942 2510,2939 2554,2939 2599,2933 2644,2930 2689,2927 2733,2921"/>
                <TextEquiv>
                    <Unicode>sondern so zu sagen eine dialect</Unicode>
                </TextEquiv>
            </TextLine>
            <TextLine id="tr_2_tl_4" custom="readingOrder {index:3;}">
                <Coords points="1239,3184 1476,3204 2601,3089 2739,3127 2751,2960 2515,2948 2235,3019 2034,2986 1955,3036 1830,3000 1249,3036"/>
                <Baseline points="1253,3166 1271,3166 1316,3166 1360,3163 1405,3160 1450,3160 1495,3154 1540,3151 1584,3148 1629,3145 1674,3142 1719,3139 1763,3136 1808,3133 1853,3130 1898,3127 1942,3124 1987,3121 2032,3115 2077,3112 2122,3109 2166,3106 2211,3103 2256,3100 2301,3097 2345,3094 2390,3091 2435,3091 2480,3089 2524,3086 2569,3083 2614,3080 2659,3080 2704,3077 2748,3074"/>
                <TextEquiv>
                    <Unicode>eine abwechselnde Gerechtigkei.</Unicode>
                </TextEquiv>
            </TextLine>
            <TextLine id="tr_2_tl_5" custom="readingOrder {index:4;}">
                <Coords points="1261,3335 2637,3225 3110,3259 3149,3019 2763,3117 1270,3194"/>
                <Baseline points="1277,3312 1304,3309 1349,3309 1393,3306 1438,3303 1483,3300 1528,3297 1572,3294 1617,3291 1662,3288 1707,3285 1751,3283 1796,3280 1841,3277 1886,3274 1931,3271 1975,3268 2020,3265 2065,3262 2110,3259 2154,3256 2199,3253 2244,3250 2289,3247 2333,3244 2378,3244 2423,3244 2468,3235 2512,3232 2557,3229 2602,3226 2647,3223 2692,3220 2736,3217 2781,3214 2826,3211 2871,3208 2915,3208 2960,3208 3005,3205 3050,3199 3094,3199 3139,3199"/>
                <TextEquiv>
                    <Unicode>stehe immer auf der Seite des Schwächern</Unicode>
                </TextEquiv>
            </TextLine>
            <TextLine id="tr_2_tl_6" custom="readingOrder {index:5;}">
                <Coords points="2792,3369 2818,3371 2830,3381 2840,3373 2859,3373 2869,3383 2888,3369 2904,3369 2912,3237 2888,3235 2871,3225 2854,3232 2840,3223 2823,3235 2816,3230 2799,3232"/>
                <Baseline points="2805,3363 2823,3360 2868,3360 2912,3357"/>
                <TextEquiv>
                    <Unicode>in</Unicode>
                </TextEquiv>
            </TextLine>
            <TextLine id="tr_2_tl_7" custom="readingOrder {index:6;}">
                <Coords points="1263,3510 1794,3488 2074,3419 2177,3450 2536,3390 2584,3426 2737,3395 2749,3249 1278,3330"/>
                <Baseline points="1280,3468 1313,3468 1357,3465 1402,3462 1447,3462 1492,3459 1537,3456 1581,3453 1626,3450 1671,3447 1716,3444 1760,3444 1805,3438 1850,3438 1895,3432 1939,3429 1984,3426 2029,3423 2074,3420 2119,3414 2163,3411 2208,3408 2253,3408 2298,3402 2342,3396 2387,3393 2432,3390 2477,3387 2521,3384 2566,3381 2611,3378 2656,3372 2701,3369 2745,3366"/>
                <TextEquiv>
                    <Unicode>verstehen Sie und der Schwächere</Unicode>
                </TextEquiv>
            </TextLine>
            <TextLine id="tr_2_tl_8" custom="readingOrder {index:7;}">
                <Coords points="2347,3613 2416,3605 2436,3586 2495,3622 2524,3617 2526,3488 2488,3500 2474,3493 2455,3500 2414,3493 2397,3476 2349,3476"/>
                <Baseline points="2360,3554 2396,3551 2441,3551 2486,3551 2530,3548"/>
                <TextEquiv>
                    <Unicode>der,</Unicode>
                </TextEquiv>
            </TextLine>
            <TextLine id="tr_2_tl_9" custom="readingOrder {index:8;}">
                <Coords points="1878,3586 1892,3586 1912,3601 1947,3598 1955,3605 1971,3594 1981,3594 1979,3467 1962,3464 1926,3491 1919,3483 1909,3495 1873,3498"/>
                <Baseline points="1892,3572 1936,3575 1981,3575 1990,3575"/>
                <TextEquiv>
                    <Unicode>na.</Unicode>
                </TextEquiv>
            </TextLine>
            <TextLine id="tr_2_tl_10" custom="readingOrder {index:9;}">
                <Coords points="1270,3677 1376,3713 1445,3680 1493,3684 1603,3610 1646,3613 1675,3646 1778,3601 1809,3613 1814,3481 1720,3510 1646,3491 1608,3519 1541,3495 1467,3522 1373,3493 1275,3522"/>
                <Baseline points="1286,3608 1322,3608 1366,3602 1411,3599 1456,3599 1501,3596 1545,3596 1590,3596 1635,3593 1680,3590 1725,3587 1769,3587 1814,3584"/>
                <TextEquiv>
                    <Unicode>nem Werk ist.</Unicode>
                </TextEquiv>
            </TextLine>
        </TextRegion>
    </Page>
</PcGts>
