3560 4312
2639 568 2813 703 uswährn 507
2058 607 2329 782 man :
1207 684 3043 910 ihr zusammen gewesen, erschien ihm doch
2418 805 2660 922 jetzt.
1656 846 1820 956 2
1230 871 2806 1056 jener Augenblick als der wahre Ab-
906 1004 1768 1214 gemeinsam gedell.
1239 1024 2934 1241 schied. Am Vormittag war sie bei ihm
1227 1173 3009 1362 gewesch. Es war ein heisser Augusttag,
1246 1319 2966 1528 die Fenster standen offen, die herun-
1248 1494 3039 1663 tergelassenen Jalousieen bewegten sich
1248 1611 3071 1807 leise, so dass es im Zimmer, dämmrig und
1713 1729 2701 1864 und so wäre hat sie klar
1262 1798 2979 1982 beinahe kühl war. Dann gingen sie zu-
2037 1903 2452 2010 mind and
1266 1964 2995 2147 sammen fort, inzärtlichem Schweigen,
1268 2078 3068 2272 durch die Strassen, die zu dieser sonn
1280 2265 3080 2425 täglichen Mittagszeit ziemlich leer wa-
1950 2416 2069 2480 nur
1275 2400 3039 2585 ren. Sie passierten den Ring, auf den
1289 2592 3048 2767 die Sonne herunterglichte, dann beglei-
2564 2649 2956 2765 erlaßen.
1300 2751 2959 2911 tete er sie über den Burghof in die
1339 2833 3098 3075 Stadt, durch enge Gassen, wo zwischen
1291 3014 2959 3237 Häusern und Balästen eine steinerne
1752 3164 1939 3262 und
1309 3178 2941 3351 Kühle lag, durch alte, beinahe men-
1321 3322 3128 3513 schenleere Höfe. Sogar die Bettler und
1325 3474 3121 3691 Krüppel waren nicht an ihren gewohnten
1328 3673 3027 3839 Plätzen, nur in einem Durchhaus sass
1348 3803 3123 4004 ein alter Blinder auf einem Rohrsessel
