3480 4280
2790 544 2960 677 871
733 658 2983 976 (J.t.) Alles mögliche ist mir so gegenwärtig. Grace
912 803 3075 1087 zum Beispiel. Wie ich mit ihr auf dem Friedhof
920 990 3033 1257 herumging und wir philosophierten. Ja mit der
923 1104 3089 1399 Philosophie finges an...... Und wie ich mit Ma -
951 1313 2910 1553 rianne im Schnee aufs Land hinausfuhr....
962 1450 2988 1703 Und die Stimme meines Vaters, ganz deutlich
959 1592 3002 1856 hör ich sie, wie er mir nach dem Paderowski
967 1714 3189 2001 Konzert auf dem Ring von meiner Mutter erzählte.
981 1876 3094 2144 Und jetzt seh ich das Ringelspiel von mir und
984 2010 3136 2322 Sissy mit dem Federhut sitzt auf einem schau -
1004 2241 3197 2464 kelnden Pferd und Anna auf einem weissen Araber
1015 2369 3130 2615 und hält die Zügel in der Hand. An diese Anna
1023 2503 3139 2765 erinnere ich mich viel deutlicher, als an die
1037 2656 3259 2919 von jetzt. "Die von Jetzt". Träum ich denn noch,
1031 2821 3155 3072 oder hab ich Fiebert. Ich fahre ja zu ihr. Der
1056 2969 3178 3231 Garten... der blaue Engel... die weisse Bank
1051 3136 3094 3404 unter dem Birnbaum... alles, alles werd ich
1062 3295 3247 3546 wiedersehen in wenig Stunden... alles. Und sie
1070 3415 3250 3758 wird mich erwarten und ihre Augen werden leuch
