3400 4088
2745 403 3049 534 153A
2669 520 3166 670 wundet kein
1193 649 2968 760 Das diese Sehnsucht heute da ist, be-
1204 737 2966 907 zweifle ich nicht; dass die Leute die
1213 886 2728 1096 daran leiden sie selbst für echt
1202 1066 2827 1216 halten, auch das mag richtig sein,
1213 1195 2915 1398 aber das Wesentliche ist, dass diese
1211 1356 3053 1517 Sehnsucht auf falschen Vorf aussetzungen
1211 1513 3046 1688 beruht und ich finde, dass es von denen
1398 1591 1543 1692 aber
1207 1658 3014 1817 die es wissen anständiger und förderli
1216 1782 2816 1909 cher wäre die Unrichtigkeit dieser
1220 1881 3002 2029 Voaussetzungen den Andern nachzuweisen
1213 2033 3007 2194 als in verbitterten, verzweifelten und
1211 2157 2917 2326 verwirrten Köpfen die Sehnsucht nach
1204 2422 2857 2572 einem eingebildeten Vaterland gross
1190 2496 2956 2731 zu ziehen, die wie ja sogar aus Ihren
1193 2641 3039 2871 Erzälungen hervorgeht der zionistischen
1190 2786 2979 3009 Sache mehr schadet als nützt. Sie wie-
474 2740 1011 3035 Feilpf Vormit
1181 2933 2770 3097 sen es so gut, wie ich lieber Leo,
359 2945 1064 3247 schienen warh
1163 3076 2894 3263 keinem von Ihrem weinenden Zionisten
530 3148 949 3362 to sin
1179 3224 2973 3396 wäre es jemals eingefallen zu erinnern
1165 3364 3012 3645 dass Palästina ihr Vaterland väre, wenn
1068 3507 2570 3723 es eben keinen Antisemitnus gebe
