3384 4088
2597 310 2767 553 246.
1128 506 2974 713 ist schliesslich nichts Anderes als eine
1114 658 2960 863 Art, den Tod zu betrügen, indem sie die
1085 873 3000 1016 Zeit ins Endlose dehnt, aus Minuten Stun-
1140 992 3034 1138 den macht../. Mein Bruder rast eben durch
1188 1104 3029 1336 die Welt; es graut ihn, an einem Ort zu
529 1176 840 1400 das Stell
1135 1321 3050 1491 bleiben, denn dann wüsste er, wo man ihn
441 1374 904 1567 melleicht
1161 1481 2950 1650 einmal begraben wird, und den Gedanken
413 1534 930 1820 habe.
1161 1610 2037 1805 erträgt er nicht.“
1336 1736 3060 1944 „Und diese drei Tage im Sommer waren
1161 1939 3058 2146 wol sehr aufregend für Sie?“ fragte Frau
1164 2113 1665 2275 Ehrenberg.
1367 2225 2972 2430 “Ach nein. Wenn man einen Menschen
1178 2383 2998 2566 sieben Jahre nicht gesehen hat, so ent-
1183 2530 2993 2755 fremdet man sich ihm, auch wenn es ein
1181 2666 3050 2895 Bruder ist. Sie sehen das am besten dar-
1200 2848 3043 3027 aus, dass Adolf nicht einmal den Wunsch
1207 3022 3098 3191 geäussert hat, unseren jüngern Bruder zu
1176 3146 3000 3341 sehen, trotzdem er, wie Sie wissen, nur
1266 3296 2790 3515 eine Stunde weit von hier wohnt."
1514 3461 2829 3680 Sehen Sie ihn denn zuweilen?
