3464 4280
2621 386 2807 602 546
1039 558 2907 803 Frau Oberberger liess sich mit Georg in
1065 759 2855 972 eine Unterhaltung über die Kokotten in
1060 872 2850 1127 Mote Carl ein woran sie die Mitteilung
1075 1008 2909 1222 eines eigenen Erlebnisses schloss. Wie
1062 1155 2920 1379 nämlich ein Herr ihrer Bekanntwchaft in
1080 1307 2943 1531 grosser Damengesellschaft erklärt hatte,
1091 1492 2974 1657 dass um eine gewisse Summe jede auch die
1088 1598 2961 1837 anständigste Frau zu haben sei, wie alle
1091 1760 3084 1978 darüber entrüstet gewesen, wie sie als ein
1098 1891 3126 2104 zige ihm beigestimmt, wie er ihr am nächsen
1096 2058 3126 2282 Tag einen Scheck auf fünfzig tausend Francs
1119 2205 3136 2398 geschickt warum Francs dach Georg und wie
1124 2341 3115 2572 sie den Scheck mit einem sehr geistreichen
1129 2500 3025 2709 Brief an dessen Wortlaut sie leider ver-
1140 2621 3162 2837 gessen zurückgeschicht habe. Während Georg
1147 2750 3064 3000 diese Geschichte anhörte fing er einzelne
1158 2930 3228 3149 Wierte aug einem Gespräch auf, dass zwischen
1155 3041 3048 3334 Anna und Heinrich hin und her ging. Sie
1170 3221 3198 3447 unterhielten sich über Therese Gälowski und
1173 3370 2403 3607 deren politische Laufbahn.
