3448 4136
2783 442 2992 629 1006
2350 535 3095 808 ohne seinen Bru
1082 632 2302 895 “Ja," sagte Georg zaudernd
2501 749 3151 877 vereinfacht?"
2353 800 2448 985 en
1092 803 2289 1020 der anzusehen. “Wieso über
2621 903 3151 1089 eine Schuhe
2256 941 2555 1133 begann
1107 969 2222 1187 setzte er dann hinzu und
2711 1069 3036 1251 zu Anna.
1110 1087 2619 1343 zu zuschnüren. "Meine Beziehunge
1120 1253 3179 1504 sind dadurch nicht im geringsten anders ge-
1123 1394 2857 1657 worden. Ja, ich könnte eher sagen....
1143 1537 3049 1777 "Nun ja, "unterbrach ihn Feliotan, " was
1138 1693 3084 1959 Du für Pläne für die fernere Zukunft hast,
1156 1836 3079 2105 das ist ja eine Sache für sich. Ich meine
1153 2010 2949 2222 nur, dass Du vorläufig mit einer Sorge
1166 2138 3189 2404 vielleicht auch mit einem Glück — aber doch
1189 2302 3107 2552 jedenfalls mit einer Sorge weniger in die
1174 2432 3171 2716 Welt hinaus gehst. (Hier so) ein Wesen mit et
1197 2593 3174 2887 nem Kind zurückzulassen, oder vielmehr das
1199 2729 3143 3041 Wesen allein und das Kind allein, das habe
1222 2910 3105 3146 ich mir freilich als ziemlich hart vorge
1240 3066 3056 3340 stellt. Aber so wie die Sache jetzt aus
1256 3222 3036 3494 sieht ist sie doch wesentlich leichter
1261 3361 3230 3616 „Leichter, Felictan? Ich halte meine Bezieh
