3464 4152
2750 538 2959 740 460.
1245 665 3109 928 mus eine Besserung der Dinge erhofft...
1727 870 2275 992 ermittet H.
2537 888 2634 972 & a
1261 953 3063 1092 Bitte sehr, ich habe nicht nach Taufen
2066 1016 2300 1113 reich
1259 1069 2973 1231 gesprochen. Ich sprach nur von einem
1254 1208 2539 1340 Austritt aus den Gemeinden.
1250 1347 2959 1505 Ich verstehe Sie wirklich nicht mehr,
1241 1433 2905 1649 Heinrich. (Das ist nicht mehr politi
1241 1616 2987 1788 scher Dilletantismus sondern ist poli
1238 1751 3038 1955 tische Blindheit. Oder sollte es Ihnen
1236 1918 2987 2080 wirklich als Einzigen entgangen sein,
1243 2073 2903 2196 dass es sich beim Antisemitismus um
1243 2173 2882 2379 eine Rassenfrage handelt, die weder
1234 2367 2980 2518 durch den Wechsel noch das Abschwören
1231 2502 2878 2667 der Religion aus der Welt geschafft
1224 2611 1549 2794 würde
1238 2773 3058 2940 Von Heute auf Morgen gewiss nicht. Aber
1220 2938 3068 3126 dass es sich hier ausschliesslich um ein
1217 3084 2966 3244 Rassenfrage handelt ist einfach nicht
1222 3200 2931 3325 richtig. Ich will gar nicht erst von
1210 3323 2875 3441 der Unzal Judenstämmlingen und auch
1208 3420 2822 3576 Juden sprechen, denen Niemand ihre
1201 3518 2903 3745 Rassenangehörigkeit ansieht. Von den
