3512 4312
2775 601 2988 738 anc. 3.
1285 824 3088 1035 Stunden ihn erschien. Vielleicht noch
1281 1051 3035 1158 kläglicheres war ihm bestimmt. Es war
1281 1155 2956 1299 möglich, dass er diesen unbekannten
1380 1274 3088 1427 Rivalen, auf der Bühne mit ihr spie-
1304 1436 2997 1589 len sie umarmen und sie küssen sehen
1288 1610 3155 1738 würde. Am Ende hatte er schon gar seina
1288 1749 2997 1877 Namen unter andern Komödiantennamen,
1288 1882 3100 2018 in einem ihrer Briefe gelesen, ohne zu
1299 2011 2833 2160 ahnen, dass es gerade dieser war.
1306 2111 2942 2225 Wenn ihm diese marternde Eifersucht
1304 2236 2995 2359 überfiel, fasste er den Vorsatz, das
1308 2373 2972 2482 wijsteste Leben zu führen. Sich kein
1295 2508 3051 2661 Abenteuer entgehen zu lassen, das ihm
1306 2649 2977 2807 entgegenkäme. Und um in jedem Falle
1306 2796 3037 2944 der grimmigen Freude sicher zu sein,
1308 2949 3004 3083 dass er von Beiden der erbärmlichere
1304 3076 3060 3225 gewesen war. Aber gerade wieder, wenn
1292 3229 3081 3350 ihm seine Angst um die ferne Geliebte,
1306 3345 3151 3515 so sehr ins Sinnlose gejagt hatte, dass
1292 3559 3118 3684 ihm der Atem rascher durch die aneinan-
1295 3712 3060 3858 der gepressten Zähne flog, geschah es
