3464 4392
2644 278 2866 423 E40.
1140 411 2007 609 [illegible]t! Sastort.
820 909 2833 1079 Und besonders weil er ein quälendesMit
831 1045 2897 1257 leid mit diesen beiden alternden Frauen
837 1229 2936 1376 und mit seinem g empfand, die aus innerer
834 1379 2432 1560 Schwäche langsam verkümmerten.
1145 1504 2861 1674 Undnoch andere Gestalten aus der
848 1651 3019 1835 kleinen Stadt tauchten in den Erzählungen
845 1843 2922 2002 Heinrichs mehr oder minder deutlich vor
859 1979 3094 2129 Georgs Augen auf; Frühere Freunde des Hau-
853 2124 3025 2294 ses, die sich im Laufe der Zeit schmählich
865 2291 2911 2438 von dem alten Hermann angewandt hatten,
865 2491 2841 2613 die Grosseltern mütterlicherseits, von
867 2622 3033 2783 denen sich Heinrichs Vater gleich zu Be¬
870 2749 2930 2913 ginn seiner Ehe aus päcksicht auf seine
878 2897 3008 3072 deutschvölkische Laufbahn so ziemlich zu
876 3069 3102 3228 rückgezogen hatte und die sich erst in den
890 3228 3094 3380 letzten Jahren der herabgekommenen Familie
881 3380 3072 3544 wieder näherten, aber nur um ein neues Ele-
878 3542 2997 3670 ment der Dumpfheit und Düsterkeit in das
887 3697 2224 3875 traurige Haus zu bringen.
