3560 4312
2718 275 2804 388 4.
2532 446 2720 639 hal0
1228 571 3053 885 wie sie ihm von der Platform des Stell-
1254 756 3075 1022 wagens aus zugenickt, zugelächelt hatte
1257 937 3030 1191 und v. rschwunden war. (Er hätte ihr na¬
1266 1085 3056 1353 türlich gleich nachreisen können, aber
1268 1242 3032 1473 aus allerlei Gründen, die er sich sel-
1280 1402 2922 1639 ber einredete, schob er das hinaus,
1318 1564 3072 1804 Zuerst musste er eine Novelle zu Ende
1329 1729 3025 1945 schreiben; dann hatte er eine Unter-
1294 1858 3060 2102 redung mit einem Nervenarzt wegen sei-
1856 2008 2198 2123 miolut
1304 2029 2981 2248 nes Vaters, dann musste er seine Fa-
2107 2144 2729 2274 refähse Mitte
366 2100 1177 2318 & im p kam &c
1351 2194 3100 2424 milie besuchen, anderst im September
324 2222 1153 2485 daß er erste? Mache
1311 2346 3110 2584 fuhr###r nach Wiesbaden. In der feigen
343 2419 1118 2659 Gebor nach Mai
1315 2483 2875 2692 Angst, sich lächerlich zu machen,
369 2581 874 2802 laden sehr
1360 2633 3030 2880 zeigte er sich nicht öffentlich mit
1327 2790 3028 3023 ihr, er wollte nicht der "Freund aus
1336 2969 2962 3187 Wien" sein, über den sich Kollegen
1341 3117 3070 3321 und Kolleginnen lustig machen würden,
2642 3215 2875 3319 da er
1348 3251 3110 3476 wenn die Zeit dazu käme. Und immer im
1402 3399 3293 3659 Banne dieser zwingenden Vorstellungen 4.
1386 3549 3082 3821 erschien ihm Gusti wirklich schon ir-
2210 3706 2375 3793 und
1409 3704 3171 3974 gendwie verändert in den Blicken der
