3496 4104
2565 423 2793 639 11 42
711 561 2919 783 rechtfertigen, gar keine Idee. Ich käme mir gar
531 768 2937 948 nicht so verworfen vor, wenn ich jemanden wirklich um
720 906 2877 1098 gebracht hätte;mit Willen; eher grossartig. Ja
717 1095 2943 1248 ehrlich gestanden. Und was diese Tote anbelangt,
717 1215 2823 1416 so küme ich mir viel schuldiger vor, wenn sie
714 1383 2880 1563 noch lebte, das heisst: wenn ich sie nicht zum
711 1524 2868 1707 Selbstmord getrieben, ihr verziehen hätte, wie
702 1710 2823 1860 Sie sich gelegentlich auszudrücken beliebten.
711 1806 3024 2043 Ist denn so ein Tod das Schlimmste, was passieren
708 1968 2991 2169 kann? Ich wills Ihn gestehen, es gab eine Nacht,
711 2172 2958 2313 ein paar Nächte, in denen ich wie vernichtet war
711 2283 2823 2448 vor Schmerz, vor Verweiflung.. und déch, ich
699 2451 2874 2601 wusste es schon mitten im meinem Schmerz, dass
711 2580 2868 2790 dieser Tod etwas reinliches, erledigendes, ver
708 2775 2814 2940 söhnendes bedeutete. Wär ich schwach gewesen,
708 2931 3003 3093 oder weniger eitel, wäre sie wieder meine Gelieb
705 3102 2907 3243 te geworden — so wäre schlimmeres gekommen, als
711 3231 2859 3405 der gute, schöne, gewaltige Tod. Lüge, Scham —
696 3360 2883 3549 losigkeit, Ehel, Qual, Wut, Hass wären xxx unser
