3592 4184
3006 471 3116 705 Or
1178 741 2934 897 doch gewisse vorgeschrittene Länder,
1190 825 3083 1072 er wolle aus Bescheidenheit keines nennen
1291 975 3142 1198 seit fünfzig Jahren kein Duell kennten.
1196 1154 3042 1391 Breitner erklärte das komme daher, dass
1283 1183 1509 1283 près:
1203 1291 2998 1530 Oesterreich das Land der sozialen Un-
1211 1460 3229 1653 aufrichtigkeit sei. Individuelle Aufrichtig
1203 1589 3168 1823 keit sei natürlich nie ganz herzustellen
1229 1712 3240 2000 und vielleicht nicht einmal wünschenswert,
1244 1862 3132 2126 aber eine gewisse soziale Aufrichtigkeit
1252 2024 3165 2268 sei eben notwendig um geordnete Verhält -
1250 2155 3322 2402 nisse zu schaffen. In Oesterreich fliesse
1226 2296 3188 2556 alles in einander so zu sagen. Alle Stände
1324 2474 3201 2700 alle Rassen alle Nationen verkehrten mit
1291 2602 3173 2857 einander ohne einander zu verstehen ohne
1298 2769 3034 3008 dazu reif zu sein. Man hasse einander
1512 2929 1877 3037 ohne krebt.
1304 2934 3242 3121 nicht recht, aber man liebe einander noch
1314 3026 3283 3255 viel weniger. Eigentlich habe niemand eine
1597 3078 1790 3170 Herlet
3186 3168 3327 3309 for
1334 3178 3155 3397 ausgesprochene Ansicht. Jeder sei immer
1340 3340 3109 3559 bereit eine Ausnahme gelten zu lassen.
1013 3384 1257 3631 solais
1478 3463 2890 3705 vischen politischen Gegnern entwirts
