3592 4312
2818 558 3003 690 O 880
875 693 2956 922 Ungeborene und weiss Gott was noch! Und wenn
886 886 2953 1071 sie mich heute ruft!. Ach sie tuts ja nicht.
880 1018 3064 1220 Und wenn sie mich doch ruft? Was riskieren ist
905 1170 3077 1377 auch nicht übel, Abenteuer! Hab ich mich nicht
916 1311 3113 1532 oft danach gesehnt? Ob es nicht die richtigere
900 1493 3025 1706 Art von Existenz für mich wäre? Was anderes,
922 1642 2992 1827 was Besseres als irgendwo fest sitzen, ange
944 1769 3008 1990 stellt, mit Weib und Kind, mit der Sorge ums
944 1957 3124 2150 tägliche Brot und um die Karriere und höchsten
947 2092 3157 2313 falls um ein bisschen Ruhm. Die Tage die jetzt
952 2244 3116 2476 vorbei sind, die waren Leben. Ja! Jeder Augen
963 2401 3111 2619 blick so blutrot, so glühend... alles, alles.
947 2561 3166 2777 Nicht nur die Stunden mit ihr. So froh war ich,
1010 2680 3064 2931 so jung wieder einmal nach langer Zeit. Wie
969 2873 3152 3152 schön ist das Lied, das ich früh im Wald kompo
983 3030 3116 3221 niert hab auf das Gedicht von Liltencron. Und
980 3196 3144 3373 wundervoll (einfach) das Phantastestück, das mir
985 3364 3127 3538 schon auf der Radtour eingefallen und das ich
996 3453 3199 3676 dann an welten Nachmittage am See aufgeschrie¬
1005 3671 2945 3872 ben habe! Ich glaub doch, dass ich Talent
