3432 4136
2624 599 3081 718 verstehen
1160 500 2543 794 kommen, sind zu gute Kameraden.
1175 853 1594 977 uns zu gu
2832 820 3187 1015 "Weisst"
1170 855 2796 1109 Jetzt schüttelte Feltoian den Kopf.
2860 1043 3129 1248 "nach
2507 1091 2801 1185 dieses
1185 1025 2439 1259 Du Georg, was das anbelangt
1180 1221 3111 1408 her Freunde werden", davon halt ich nicht
1672 1226 1771 1330 G.F.P.
1210 1363 3108 1581 viel. In Verhältnissen zu Frauen gibt es
1205 1512 3251 1720 meiner Ansicht nach nur ein "entweder oder."
1213 1660 3174 1890 Wenn man einmal so weit gekommen ist, dass
1210 1776 3238 2027 man sich unter allen Umständen Freundschaft
1233 1982 3065 2192 bewahren will, so heisst das gewöhnlich
1236 2106 3106 2334 nur, dass es mit der Liebe zu Ende ist."
1269 2284 3314 2494 "Das is timmt in unserm Fall wahrhaftig nicht
1256 2461 1715 2649 Feliction.“
1307 2611 3177 2855 Selbstverständlich, ich rede ja auch nur
1289 2766 3116 2961 im allgemeinen. Aber wenn ich mich in
1294 2928 3164 3139 gend einem Fall zu entscheiden hätte, li
1297 3058 3154 3268 ber "leb wohl auf ewig, als "wira blei¬
1292 3223 3152 3454 ben gute Freunde." Es kommt nichts dabei
1302 3367 3182 3580 heraus. Es ist sogar meistens nicht ganz
