3400 4104
2312 423 2496 554 O 446
1346 552 3002 772 um Sie, nicht um mich, nieht um ein
1355 761 3016 926 paar jüdische Beamte, die nicht wei-
1397 922 2928 1076 terkommen, oder um ein paar judi-
1346 1065 2909 1232 sche Freiwillige, die nicht Offi-
1355 1198 3037 1389 ziere werden, oder ein paar jüdisch=
1359 1437 2968 1547 Barone, die sich kränken, dass sie
1397 1594 2879 1710 von katholischen Adeligen nicht
1370 1702 3023 1854 für voll genommen werden, e/night um
435 1873 1251 2027 Ausfürbelkarten "
1372 1820 3016 2025 alle die Empfindlichkeiten, die wir
378 1981 1351 2141 à Ue quelque huile.
1418 1970 2966 2154 ja schliesslich durch unsern Ver-
397 2129 1101 2296 kennen als
1368 2192 3067 2312 stand und durch unser Selbstbewusst-
1372 2281 2951 2484 sein überwinden mijssten. Das sind
378 2289 1146 2517 suivoley for
1399 2441 2989 2634 ärgerliche Dinge. Aber fragen Sie
304 2486 1133 2670 sur Malter,
1435 2581 2902 2763 sieh selbst, ob Ihr Aerger, der
315 2684 1251 2961 Schaun überhaupt
1387 2801 2841 2991 überdies An Ihrem Stolz oft zu-
328 2837 1277 3152 nicht in Betracht
1391 2966 2919 3141 grunde geht, als Anlass für eine
1408 3092 2972 3234 Weltanschauung in Betracht kommen
406 3114 839 3319 keinen
1397 3194 3080 3454 kann. Es handelt sich hier um andere
1435 3371 3008 3625 Leute um die Millionen, die lei-
1425 3496 3090 3798 den, wirklich leiden, die in steter
