3336 3896
800 515 2862 698 vor einem Jahr zu Rad rötlich gelben Hügeln
1088 654 1489 782 your order
817 666 2827 876 gegen gefahren waren. Umgraute Sonnenschwill
2467 736 2967 870 bezavückungs und
814 832 2784 1041 drückte auf die leicht dampfenden Aeste.
823 989 3019 1152 Georg war eben daran von.den neuen Menschen zu
448 1033 631 1225 bere
829 1114 2932 1341 erzählen, die er kennen geleimt hatte. Als er
823 1283 3072 1472 auf den Violinspieler zu reden kam, wäre er sich
835 1446 3075 1638 gerade Heinrich gegenüber unaufrichtig erschte -
835 1597 3075 1795 nen, wenn er verschwiegen hätte, wie jener über
1353 1571 1449 1667 G.F.P.
846 1731 2941 1911 die Juden dachte und so sprach er auch davon,
849 1873 3139 2054 aber wie von der wunderlichen Idee eines interes-
852 2039 3118 2263 santen Menschen, dem man (auch) Irrtümer nicht übe
858 2214 1533 2385 nehmen dürfte.
858 2275 3144 2554 Heinrich bemerkte: "Ihr Violinspieler gefällt mir
381 2301 750 2560 des Seynich
870 2481 3208 2664 nicht übel. Er gehört wenigstensn zu den Aufrichti-
364 2522 675 2641 Kouli v. d.
378 2612 774 2746 Hochichtung
884 2644 2885 2865 gen. Gegen dieses Gefühl der Fremdheit ist
416 2717 649 2848 gehen.
876 2810 2897 3025 nichts einzuwenden. Es besteht.. man hat si
884 2929 3107 3182 damit abzufinden. Ihr habt xxx gegeh uns, und wir
887 3107 2999 3325 gegen Euch. Die Frage ist immer nur, wie die
893 3211 2984 3476 ses Grundgefühl, dieses nicht wegzuleugnende,
913 3424 3043 3648 verstanden oder missvorstanden, wie es modifie
