3272 4056
2802 592 2922 726 Pa
2413 582 2496 773 no
2203 543 2328 782 ir.
1147 631 2095 831 möglich, der auf Sei
2822 758 2929 841 zu
1159 765 2399 966 tei steht. Und für jemanden
1149 927 2408 1117 sagen gewerbstmässig in all
2731 1032 2839 1198 da
1174 1064 2274 1242 eintaucht-eine Unmögli hätte.
1169 1210 2716 1421 kommt dann am Ende ein langes und
1186 1323 3161 1587 schliesslich unfruchtbares Geschwätz heraus
1293 1469 2829 1702 "Ja warum denn erleidigen? Darauf
1198 1675 2386 1844 kommts doch gar nicht an,
1225 1751 3078 2007 (Wem sagen Sie das? dass es nicht darauf
1213 1941 2897 2144 ankommt weiss ich. Aber ich kann mir
1267 2066 3039 2259 nun einmal nicht helfen. Mein Hass ist
1235 2225 2958 2447 nicht grimmig genug meine Liebe nicht
1240 2367 2883 2557 heiss genug und meine Gerechtigkeit
1252 2513 2961 2714 wie gesagt doch nicht göttlich genug.
1254 2626 3007 2856 Daher wird meine Satire zu zahm, mein
1262 2792 3081 3049 Humor zu ärgerlich, meine Begeisterung
1276 2968 3015 3156 zu lau. Solang ich mich eben mit Zeit
1286 3086 2966 3323 fragen beschäftige. Ich hab es daher
1301 3269 2614 3452 vorläufig vorgezogen mich zu
1345 3413 2873 3606 genannten ewigen Problemen zu flühe.
