3560 4312
2544 576 2728 745 n° 508
1207 731 2929 916 eine kleine Spieluhr auf dem Schooss,
1212 911 2815 1102 die ihre unermüdliche verhauchende
1200 1048 2772 1246 Weise sang. Heinrich besprach mit
1221 1177 2956 1407 Gutsi ein Rendezvous für den nächsten
1253 1353 2815 1567 Abend; haute und morgen wollte er
1209 1528 2911 1704 fleissig arbeiten und morgen um acht
1223 1669 2886 1881 wollte er sie vom Hause abholen und
1257 1792 2990 2011 mit ihr zusammen in den prater gehen,
1228 1991 2947 2123 in das kleine Wirtshaus, das sie neu-
2744 2082 3009 2186 kennen
1218 2159 3047 2332 lich entdeckt hatten und wo man niemand
1218 2282 3047 2485 Bekannten traf. An der Ferdinandsbrücke
2478 2428 2583 2489 any
2120 2400 2268 2505 sie
1230 2432 2952 2646 verliess er sie und bestieg einen Om-
1228 2578 3052 2808 nibus, um nach Hause zu fahren. Auf der
1230 2749 2977 2924 Platform wandte sie sich nach ihm um,
1237 2849 3043 3111 er blieb stehen, sie lächelten sieh zu,
1248 3038 3036 3255 so lange, bis er ihr Lächeln gar nicht
506 3063 1203 3266 und zur bleib stehe,
1230 3209 2990 3412 mehr sehen konnte und xxx der Omnibus
1287 3325 3043 3519 jenseits der Brücke in diepraterstras-
2143 3482 2344 3571 Dann
1433 3480 1886 3598 verschreuert
1244 3523 2952 3719 se eingabogen war. xv ging er seines
1244 3649 3004 3897 Wegs. Aber es war eine jener seltenen
1257 3831 3063 4015 Stunden, in denen er beinahe ruhig war,
