3448 4104
1321 654 1775 867 sug nicht.
2597 801 3142 959 von beiden?“
1433 828 2136 994 warum tun Sie in
1279 947 2114 1143 Verbrennen wäre viel
1206 1103 2551 1301 öffentlichen bestimmt Unsinn.
1235 1277 2998 1457 "Unsinn? ja halten Sie denn nichts von
2800 1377 2888 1572 G.F.P.
1201 1411 1882 1609 Ihren Sachen?“
1228 1514 3174 1728 "Oh gewiss halt ich was von I ihnen, aber
1213 1680 3171 1865 ist das auch ein Beweis, dass sie was wert
1228 1836 3044 2031 sind? Und wenn es andern gefallen würde
1218 1997 3037 2151 ist das ein Beweis. Hören und sehen wir
1226 2143 3120 2317 nicht täglich, dass ein und dasselbe Pro
1230 2278 3166 2473 dukt von dem einen klugen Menschen in den
1230 2422 3186 2602 Himmel erhoben und von einem andern ebenso
1230 2549 2898 2761 klugen als Machwerk geschmäht wird?“
1291 2707 3252 2893 "Nun ja, wenn auch die Gegenwart nicht mit
1289 2866 2671 3059 Sicherheit zu richten vermag,
2900 2986 3274 3181 Und wenn
1250 2986 2837 3218 doch schliesslihe das Gute übrig.
1311 3135 2856 3335 Sie mir jetzt vielleicht erwidern
1265 3303 2746 3528 dass Sie sich um die Zukunft nicht
