3448 4040
2820 304 3008 447 471.
2857 417 3057 547 47”
1217 549 3013 795 Glauben verlassen, ich, ieh Leo Glows-
1217 730 3003 966 ki, Jud' aus Krakau, ich werd es nicht
1198 864 1425 1052 tun.
1210 1015 2950 1184 Ja, warum nicht? fragte Georg. Warum,
1210 1149 3045 1349 entgegnete Leo freundleh, weil ich kei-
1205 1323 3064 1458 nen Anlass finde meine Ansprüche auf da
1207 1425 3024 1636 ältesten Adel der Welt aufzugeben, dem
1184 1585 2864 1768 ich mich innerlich zugehörig fühle.
1196 1729 2920 1940 Heinrich zuckte die Achseln. Da kann
1200 1891 3013 2067 ich nicht mit. Ich glaube nicht an die
1191 2046 2952 2202 Erblichkeit des Adels. Auch unter uns
2681 2134 2888 2225 feind
1189 2176 3024 2385 gibt es recht herabgekommene Geschlech¬
1182 2290 1393 2440 ter.
1191 2406 2962 2626 Georg nickte. Darf ich mir jetzt auch
1200 2614 3017 2816 eine Bemerkung erlauben, fragte er ein
1187 2776 2014 2885 wenig schüchtern.
1189 2864 2097 3043 „pitte“, sagte Leo.
1191 3001 3045 3221 Was Sie da früher vom Adelsstolz sagten
1175 3140 2786 3386 ich meine, aber Sie müssen mir ge-
1168 3282 2352 3481 statten ganz aufsichtig.
1173 3430 2878 3620 Sie sind nicht in Feindesland, sagte
1166 3550 2452 3766 L eo herzlich. Nun ich mei
2623 3592 2769 3780 fuhr.
