3448 4168
916 535 2802 766 hat keinen Blick mehr für Willy, nur mehr
905 730 2894 950 mich. Und oben im Auhof bei Ehrenbergs das
927 874 3002 1128 ner, bet dem der Willy amüsante Geschichten
936 1039 3072 1242 erzählt hat. Und dann Nachmittag oben im Park,
936 1184 3005 1423 während die andern Stesta gehalten haben, die
930 1317 3094 1571 Stunde mit Sissy. War das nicht eigentlich das
421 1351 554 1540 1.
947 1473 2997 1699 Schönstel Ich glaube beinahe. Und dann die
958 1668 3075 1860 Tennispartie. Willi, James, Else und toh. Und
958 1802 3175 2044 Sissy in dem Stohsessel, mit der Zigarette, und
972 1944 3030 2178 der alte Graf neben ihr, und in sie hinein -
986 2105 3136 2356 geredet. Ja, James, das ist ein Meister. Willy
980 2273 3052 2490 kann eigentlich nicht viel. Aber er setzt es
1003 2426 3158 2621 durch, so zu sagen. Wie innallen Dingen. Und
994 2582 3183 2791 abends sind wir noch in den See hinausgeschwom
997 2727 3077 2972 men, weit hinaus.. James, Willy und ich. Und
1014 2880 2381 3114 dann... dte Nacht. he nacht...
1005 3052 3247 3231 Da stehen wir ja schon wieder, in einer Station.
551 3128 808 3328 as the
1008 3206 3178 3406 Nein, ich rühr mich nicht. Es ist so schön da
746 3214 927 3406 11
1028 3370 2986 3598 liegen und sich erinnern. In einer Stunde
1042 3501 3102 3785 sind wir in Wien. Ich glaube, mir klopft das
