3592 4328
2649 523 2824 671 [503
1264 633 3005 862 liese. In den Briefen, die tagtäglich
1228 891 2921 1027 des Morgens kamen, stand jede Stunde
1266 1018 3010 1192 ihres Lebens aufgezeichnet, und durch
1228 1190 3003 1397 alle strömte ein unausgesprochen sehn¬
1228 1314 2972 1562 süchtiges, aber verwurfsloses „Komm!“
1240 1471 3000 1653 Sie schien weit mehr in den Erinnerun-
1295 1634 2972 1878 gen an ihn zu leben als im alltägli-
2800 1694 2972 1784 une
1278 1761 2998 1985 ehen Kreise ihres Berufs, der ihr we-
1271 1937 2972 2100 nig Freude gab. Sie war keine grosse
1268 2078 2955 2262 Kiinstlerin; er wusste es ja, und sie
2124 2095 3170 2274 Kauptriff umstosten
1567 2207 1923 2329 Kerin
1309 2243 2993 2405 war auch keine sagenannte Kunstlerna.
1154 2360 3079 2587 tur. So oft er sie auf der Bühne spie-
1319 2532 2926 2716 len gesehen hatte, war sie ihm wie
1321 2577 3122 2859 fremd erschienen; wenn er nicht hinsä
1331 2790 3103 3003 hörte er eine völlig unbekannte Stimme
1340 2921 3215 3175 ferner als alle andern klingen. Und auch
1350 3115 3079 3311 was sie ihm über ihre Rollen schrieb,
1364 3275 3132 3457 über die Stücke, in denen sie auftrat,
1374 3421 2976 3645 das las sieh wie aus Piichern abge-
1431 3564 3148 3781 schrieben, eder nachgeredet; und wenn
1405 3736 2969 3999 sie, wie sie’s im vorigen Jahr in
