3480 4376
2655 281 2873 446 E40.
1164 409 1983 602 Wie je, sich der fort,
1126 520 2836 690 Auch wenn Sie, wenn Ihre Eltern hier
1143 669 2843 864 geboren wären und wenn Sie alle Men-
1152 801 2998 989 schen die hier leben und alle Dinge die
302 885 771 1078 Gemprach
1154 973 2861 1136 hier geschehen noch viel besser ver-
197 1010 959 1275 über Anlisein.
1152 1117 2836 1303 stünden und alles was Sie verstehen
1166 1273 2840 1442 noch viel besser sagen könnten, Sie
1166 1414 2850 1589 wären hier nicht zu Hause, so wenig
1178 1470 2994 1744 als ich es bin. Das Sie möglicherweise
1196 1684 2901 1897 persönlich mehr wert sind und dieses
1187 1839 2910 2046 Land nicht nur besser kennen sondern
1187 1997 2931 2192 ihm (vielleicht) auch mehr nützen, als
1219 2132 2966 2339 viele der erbgesessenen Bewohner, das
1219 2264 3010 2462 ändert an der Sache garnichts. Was Sie
1224 2369 3017 2615 an diese Stadt und an dieses Land bin-
1219 2487 3024 2720 det das ist durchaus nicht die Empfin-
1233 2657 3059 2836 dung hier daheim zu sein, sondern viel-
1219 2829 2924 2994 mehr die Einsicht, hier niemals hei-
1238 2980 2820 3108 misch werden zu können; also kein
1233 3096 2998 3263 Heimatsgefühl, sondern Heimweh; daher
1247 3228 3110 3435 die schmerzliche Betonung. Dass man in
1236 3405 3103 3572 Ihnen und in mir die Andern und anders-
1189 3851 2954 3981 aber noch nicht die Ruhe zu antworten
