3432 4168
2712 539 2948 745 163.
1186 891 2907 1097 selhverständlich fort, wenn alle die
1204 1015 2904 1220 denen ihre Religion innerlich nichts
1190 1186 2815 1364 mehr bedeutet auch äusserlich auf-
1204 1316 2671 1513 hörten sich zu ihr zu bekennen.
1211 1472 3046 1615 Sie vergessen nur wieder, dass ich die-
1222 1593 2934 1796 jenigen denen diese Religion auch in-
1213 1739 2955 1958 neflich sehr viel vedoudet, gegenüber
1227 1906 2884 2075 den anderen in ungeheuerer Ueberzal
1234 2082 2886 2237 befinden. Sie vergessen auch, dass
1236 2230 2934 2365 es im Lauf der Jahrhunderte Tausende
1236 2319 2989 2493 Juden gegeben hat, die sich für ihren
1238 2493 2955 2637 Glauben haben foltern, verfolgen und
1257 2696 2116 2827 verbrennen lassen.
