3528 4264
2936 411 3104 565 467.
960 571 2890 776 sie mit der Mutter längst über die Grenze
955 709 3098 941 wäre, wenn er diese Worte lese. Und er weinte,
965 883 2936 1069 schrie wie ein Kind,biss in seine Polster.
981 995 2856 1277 fühlte dass nun alles, alles vorbei war,
981 1170 2872 1360 und begriff nicht, dass er nicht gestern
995 1306 2917 1538 schon die Wahrheit gewusst hatte, als sie
992 1461 2954 1661 ihm von der Plattform des Stellwagens aus,
1003 1568 3117 1805 zugenickt, zugelächelt hatte und verschwunden
1021 1832 1224 1960 war.
1011 1888 3104 2077 Die Strassenlaternen brannten. Wald und Land-
1344 2061 2906 2237 lag hinter den beiden Radfahrern.
1024 2114 1320 2242 schaft
