3464 4232
2731 592 3019 783 1465 a
1220 815 2973 1071 denn man hätte ja nicht nur den Kampf
1218 1038 2846 1204 mit den Gläubigen aufzunehmen, und
1230 1156 2931 1363 mit denen die vom Glauben der andern
1241 1289 2887 1487 leben, sondern auch mit dem gefähr-
1246 1434 2901 1658 liehsten ind hinterlistigsten-Feind
1241 1605 2908 1791 mit der Feiggheit der Ungläubigen.
1250 1725 2920 1918 Ist dies nicht sonderbar? Verhöhnen
1259 1860 2818 2054 Sie Darvin? Die Neunte Symphonie,
1264 2010 3069 2197 Schopenhauer, man wird Sie von manshen
1271 2151 3065 2330 Seiten angreifen, aber immerhin werden
1271 2326 3065 2482 Sie weiter als anständiger Mensch gel-
1273 2443 3127 2613 ten und jedenfalls frei und unbehelligt
1273 2556 3007 2788 herumgehen dürfen. Erlauben Sie sieh
1282 2756 2809 2922 aber, sagen wir nur irgend einen
1278 2874 3085 3076 kirchlichen Gebrauch, von einem Pries-
1289 3009 3005 3205 ter jüdischer oder christlicher Reli-
1303 3166 3058 3309 gion ganz gedankenlos geübt, geschmak-
1301 3265 3092 3456 los oder lächerlich zu finden, so kann
1310 3440 3099 3622 es Ihnen passiren, dass sond ganz klu-
1310 3562 3016 3753 ge und durchaus nicht gläubige Leute
1312 3707 3157 3896 Sie für einen nierderträchtigen Menschen
