3464 4168
1859 498 2001 614 T.
2664 482 2896 677 cken  483.
1182 765 2847 942 Er schien das Gespräch als erledigt
1189 924 2952 1154 ansehen zu wollen und nahm den Mantel
1196 1140 1359 1224 um.
1193 1235 2878 1417 Halt, sagte Heinrich, ich habe noch
1217 1347 2992 1507 eine Frage an Sie. Sie haben da früher
1212 1519 2787 1661 ein antrepologisches Gesetz aufge¬
1214 1628 1556 1794 stellt.
1207 1703 3057 1987 Nicht aufgestellt, eitirt. Es ist nicht
1224 1977 2038 2119 von mir entdeckt.
1203 2070 3071 2217 Nun wie immer, ein Gesetz jedenfalls, da
1219 2184 2933 2382 den Antisemittismus wissensehaftlich
1226 2322 2817 2491 zu erklären und damit die Unerläss-
1226 2461 3017 2575 liehkeit des Judenstaates zu begründen
1228 2566 3026 2722 versucht. Aber glauben Sie nicht, dass
1221 2712 2943 2850 Sie gewisse andere Gesetze, die sich
1235 2838 2892 2978 vielleicht auch aus der Geschichte
1214 2982 3057 3145 der Juden ableiten liessen, geflissent-
1221 3150 2238 3308 lich übersehen haben.
1221 3275 2975 3450 Geflissentlich, ist eine Beleidigung,
1205 3401 2170 3582 aber was meinen Sie.
1207 3552 2945 3671 Ja es wird sich kaum formuliren las-
