<?xml version="1.0" encoding="UTF-8" standalone="yes"?>
<PcGts xmlns="http://schema.primaresearch.org/PAGE/gts/pagecontent/2013-07-15" xmlns:xsi="http://www.w3.org/2001/XMLSchema-instance" xsi:schemaLocation="http://schema.primaresearch.org/PAGE/gts/pagecontent/2013-07-15 http://schema.primaresearch.org/PAGE/gts/pagecontent/2013-07-15/pagecontent.xsd">
    <Metadata>
        <Creator>prov=READ-COOP:name=TrHtr:version=2.1.0:model_id=51170:date=30_07_2023_11:51</Creator>
        <Created>2023-05-10T13:59:54.628+02:00</Created>
        <LastChange>2023-07-30T11:51:37.966+02:00</LastChange>
        <TranskribusMetadata docId="1428601" pageId="55415871" pageNr="53" tsid="131502471" status="IN_PROGRESS" userId="64420" imgUrl="https://files.transkribus.eu/Get?id=HFMPJXXWABTPAKMDJMBAUPIU&amp;fileType=view" xmlUrl="https://files.transkribus.eu/Get?id=UTJYOCMFISCOJQUSMQTRPTGY" imageId="44689978"/>
    </Metadata>
    <Page imageFilename="1428601_0053.jpg" imageWidth="3448" imageHeight="4200">
        <ReadingOrder>
            <OrderedGroup id="ro_1711789319430" caption="Regions reading order">
                <RegionRefIndexed index="0" regionRef="tr_3"/>
                <RegionRefIndexed index="1" regionRef="tr_2"/>
                <RegionRefIndexed index="2" regionRef="tr_1"/>
            </OrderedGroup>
        </ReadingOrder>
        <TextRegion id="tr_3" custom="readingOrder {index:0;}">
            <Coords points="259,1490 1140,1490 1140,2245 259,2245"/>
            <TextLine id="tr_3_tl_1" custom="readingOrder {index:0;}">
                <Coords points="489,1585 530,1578 559,1608 600,1578 700,1573 730,1596 834,1608 910,1562 1014,1569 1103,1546 1107,1446 1028,1467 884,1455 794,1519 750,1476 643,1460 564,1487 496,1437"/>
                <Baseline points="501,1570 525,1567 570,1564 614,1564 659,1564 704,1561 749,1561 794,1558 838,1558 883,1555 928,1555 973,1552 1017,1546 1062,1540 1107,1546"/>
                <TextEquiv>
                    <Unicode>Und jetzt wort</Unicode>
                </TextEquiv>
            </TextLine>
            <TextLine id="tr_3_tl_2" custom="readingOrder {index:1;}">
                <Coords points="259,1703 296,1728 371,1717 405,1753 548,1694 675,1726 814,1694 894,1749 1050,1692 1112,1705 1116,1594 1041,1612 975,1571 914,1608 587,1646 475,1578 261,1642"/>
                <Baseline points="271,1683 313,1686 358,1689 402,1689 447,1686 492,1683 537,1680 582,1680 626,1680 671,1680 716,1677 761,1674 805,1674 850,1671 895,1671 940,1668 985,1668 1029,1665 1074,1665 1119,1665"/>
                <TextEquiv>
                    <Unicode>ich Ihnen vor antfraget</Unicode>
                </TextEquiv>
            </TextLine>
            <TextLine id="tr_3_tl_3" custom="readingOrder {index:2;}">
                <Coords points="241,1896 309,1914 398,1880 441,1908 587,1839 614,1867 823,1839 857,1867 1107,1874 1137,1719 1053,1694 803,1808 716,1771 655,1787 623,1753 525,1785 341,1730 246,1785"/>
                <Baseline points="259,1829 289,1826 334,1832 379,1835 423,1835 468,1835 513,1835 558,1829 602,1829 647,1829 692,1829 737,1829 782,1826 826,1826 871,1817 916,1817 961,1814 1005,1811 1050,1805 1095,1797 1140,1794"/>
                <TextEquiv>
                    <Unicode>Gesetz nenne auf den</Unicode>
                </TextEquiv>
            </TextLine>
            <TextLine id="tr_3_tl_4" custom="readingOrder {index:3;}">
                <Coords points="298,2046 425,2042 534,1994 562,2015 621,2001 664,2019 684,2001 748,2012 825,1965 935,1978 971,1967 975,1910 907,1874 805,1919 709,1883 682,1905 630,1889 589,1919 514,1862 441,1908 414,1887 371,1919 305,1921"/>
                <Baseline points="313,1988 349,1988 394,1988 438,1991 483,1988 528,1988 573,1988 617,1985 662,1979 707,1976 752,1973 797,1967 841,1961 886,1958 931,1955 976,1949"/>
                <TextEquiv>
                    <Unicode>des Antragkeits¬</Unicode>
                </TextEquiv>
            </TextLine>
            <TextLine id="tr_3_tl_5" custom="readingOrder {index:4;}">
                <Coords points="409,2133 484,2128 557,2167 632,2121 753,2124 798,2087 896,2090 955,2126 1116,2105 1126,2012 769,1999 548,2030 528,2005 418,2035"/>
                <Baseline points="423,2110 456,2110 501,2110 546,2107 591,2101 635,2098 680,2095 725,2089 770,2086 814,2080 859,2077 904,2071 949,2068 994,2062 1038,2056 1083,2056 1128,2053"/>
                <TextEquiv>
                    <Unicode>bericht. Erlautet.</Unicode>
                </TextEquiv>
            </TextLine>
            <TextLine id="tr_3_tl_6" custom="readingOrder {index:5;}">
                <Coords points="409,2260 468,2290 575,2217 605,2231 678,2203 698,2217 732,2192 748,2194 753,2165 684,2156 637,2124 548,2183 525,2158 509,2165 484,2135 425,2137"/>
                <Baseline points="426,2235 438,2232 483,2220 528,2214 573,2208 617,2205 662,2197 707,2194 752,2194"/>
                <TextEquiv>
                    <Unicode>früh¬</Unicode>
                </TextEquiv>
            </TextLine>
        </TextRegion>
        <TextRegion id="tr_2" custom="readingOrder {index:1;}">
            <Coords points="1205,502 3056,502 3056,1717 1205,1717"/>
            <TextLine id="tr_2_tl_1" custom="readingOrder {index:0;}">
                <Coords points="2519,607 2540,607 2565,634 2583,630 2608,646 2638,646 2651,634 2667,648 2678,641 2697,648 2703,487 2683,487 2665,466 2651,475 2638,462 2583,487 2526,473"/>
                <Baseline points="2534,558 2573,558 2617,555 2662,552 2707,552"/>
                <TextEquiv>
                    <Unicode>279.</Unicode>
                </TextEquiv>
            </TextLine>
            <TextLine id="tr_2_tl_2" custom="readingOrder {index:1;}">
                <Coords points="1864,650 1878,653 1899,637 1912,648 1937,634 1951,643 1967,643 1974,473 1951,473 1935,487 1919,487 1905,475 1874,482"/>
                <Baseline points="1880,608 1883,605 1928,605 1970,602"/>
                <TextEquiv>
                    <Unicode>me</Unicode>
                </TextEquiv>
            </TextLine>
            <TextLine id="tr_2_tl_3" custom="readingOrder {index:2;}">
                <Coords points="1189,850 2876,784 2906,643 2799,607 2474,671 2167,609 1658,684 1198,637"/>
                <Baseline points="1205,788 1208,788 1253,785 1298,782 1343,782 1388,782 1432,779 1477,773 1522,773 1567,770 1611,770 1656,767 1701,761 1746,758 1791,755 1835,755 1880,752 1925,752 1970,749 2014,746 2059,746 2104,743 2149,740 2194,734 2238,731 2283,731 2328,728 2373,725 2417,722 2462,722 2507,722 2552,722 2597,716 2641,713 2686,713 2731,710 2776,707 2820,707 2865,710 2910,710"/>
                <TextEquiv>
                    <Unicode>Antisemitismus als Volksbewegung mög-</Unicode>
                </TextEquiv>
            </TextLine>
            <TextLine id="tr_2_tl_4" custom="readingOrder {index:3;}">
                <Coords points="1201,1010 2203,982 2362,880 2929,864 2976,780 1210,871"/>
                <Baseline points="1217,937 1232,934 1277,934 1322,931 1367,931 1411,931 1456,928 1501,925 1546,922 1591,919 1635,916 1680,913 1725,913 1770,907 1814,904 1859,901 1904,898 1949,895 1994,895 2038,892 2083,889 2128,889 2173,886 2217,886 2262,883 2307,877 2352,874 2397,871 2441,868 2486,868 2531,865 2576,862 2620,859 2665,859 2710,859 2755,859 2800,856 2844,850 2889,844 2934,841 2979,835"/>
                <TextEquiv>
                    <Unicode>lich und oft so erfolgreich macht, ist</Unicode>
                </TextEquiv>
            </TextLine>
            <TextLine id="tr_2_tl_5" custom="readingOrder {index:4;}">
                <Coords points="1203,1164 2108,1148 2440,1023 3006,1041 3035,930 1212,1014"/>
                <Baseline points="1220,1080 1247,1080 1292,1080 1337,1080 1382,1080 1426,1077 1471,1077 1516,1077 1561,1071 1605,1068 1650,1065 1695,1062 1740,1056 1785,1053 1829,1050 1874,1047 1919,1044 1964,1044 2008,1044 2053,1038 2098,1035 2143,1032 2188,1029 2232,1023 2277,1020 2322,1023 2367,1023 2411,1020 2456,1017 2501,1014 2546,1014 2591,1014 2635,1011 2680,1008 2725,1005 2770,1002 2814,997 2859,994 2904,991 2949,988 2994,985 3038,991"/>
                <TextEquiv>
                    <Unicode>einzig und allein der Umstand, dass die</Unicode>
                </TextEquiv>
            </TextLine>
            <TextLine id="tr_2_tl_6" custom="readingOrder {index:5;}">
                <Coords points="1241,1307 1767,1303 1930,1201 3047,1198 3056,1069 1251,1148"/>
                <Baseline points="1259,1235 1265,1232 1310,1232 1355,1232 1400,1232 1444,1229 1489,1226 1534,1226 1579,1223 1623,1223 1668,1220 1713,1214 1758,1211 1802,1208 1847,1205 1892,1202 1937,1200 1982,1200 2026,1197 2071,1194 2116,1191 2161,1188 2205,1185 2250,1182 2295,1182 2340,1179 2385,1176 2429,1173 2474,1170 2519,1170 2564,1167 2608,1167 2653,1164 2698,1161 2743,1158 2788,1155 2832,1152 2877,1146 2922,1146 2967,1140 3011,1134 3056,1131"/>
                <TextEquiv>
                    <Unicode>Juden in der Minderzahl und doch nicht</Unicode>
                </TextEquiv>
            </TextLine>
            <TextLine id="tr_2_tl_7" custom="readingOrder {index:6;}">
                <Coords points="1221,1469 1971,1453 2176,1339 2810,1332 2874,1260 1230,1319"/>
                <Baseline points="1238,1397 1265,1394 1310,1394 1355,1388 1400,1385 1444,1382 1489,1379 1534,1379 1579,1376 1623,1376 1668,1373 1713,1370 1758,1367 1802,1364 1847,1361 1892,1358 1937,1355 1982,1349 2026,1346 2071,1343 2116,1340 2161,1337 2205,1334 2250,1331 2295,1331 2340,1328 2385,1325 2429,1328 2474,1319 2519,1319 2564,1316 2608,1313 2653,1310 2698,1307 2743,1304 2788,1304 2832,1301 2877,1304"/>
                <TextEquiv>
                    <Unicode>im Zustand der Sklaverii befindlich</Unicode>
                </TextEquiv>
            </TextLine>
            <TextLine id="tr_2_tl_8" custom="readingOrder {index:7;}">
                <Coords points="2724,1392 2763,1389 2767,1394 2779,1394 2785,1401 2794,1394 2804,1398 2817,1394 2835,1396 2835,1328 2808,1330 2804,1335 2783,1321 2774,1321 2769,1326 2754,1323 2749,1328 2724,1330"/>
                <Baseline points="2737,1385 2749,1382 2794,1379 2838,1382"/>
                <TextEquiv>
                    <Unicode>G.C.F.P.</Unicode>
                </TextEquiv>
            </TextLine>
            <TextLine id="tr_2_tl_9" custom="readingOrder {index:8;}">
                <Coords points="1230,1623 2076,1551 2440,1585 2719,1467 2967,1510 2974,1389 1239,1482"/>
                <Baseline points="1247,1549 1274,1549 1319,1549 1364,1546 1408,1543 1453,1540 1498,1540 1543,1537 1588,1534 1632,1531 1677,1528 1722,1528 1767,1522 1811,1522 1856,1519 1901,1513 1946,1510 1991,1507 2035,1504 2080,1501 2125,1498 2170,1495 2214,1492 2259,1489 2304,1486 2349,1480 2394,1477 2438,1474 2483,1471 2528,1471 2573,1465 2617,1465 2662,1462 2707,1462 2752,1459 2797,1456 2841,1453 2886,1453 2931,1456 2976,1456"/>
                <TextEquiv>
                    <Unicode>sind. Denn ich habe die Ueberzeugung,</Unicode>
                </TextEquiv>
            </TextLine>
            <TextLine id="tr_2_tl_10" custom="readingOrder {index:9;}">
                <Coords points="1239,1762 1544,1789 2115,1655 2919,1619 2956,1521 2440,1585 2062,1562 1883,1639 1596,1594 1246,1642"/>
                <Baseline points="1253,1707 1256,1707 1301,1704 1346,1701 1391,1698 1435,1698 1480,1695 1525,1692 1570,1689 1614,1686 1659,1680 1704,1680 1749,1674 1794,1671 1838,1671 1883,1668 1928,1665 1973,1662 2017,1659 2062,1653 2107,1653 2152,1647 2197,1647 2241,1644 2286,1641 2331,1638 2376,1635 2420,1632 2465,1626 2510,1623 2555,1620 2600,1617 2644,1614 2689,1611 2734,1608 2779,1605 2823,1600 2868,1597 2913,1594 2958,1600"/>
                <TextEquiv>
                    <Unicode>dass auch das einfach ein enthropole-</Unicode>
                </TextEquiv>
            </TextLine>
        </TextRegion>
        <TextRegion id="tr_1" custom="readingOrder {index:2;}">
            <Coords points="1259,1708 3173,1708 3173,3872 1259,3872"/>
            <TextLine id="tr_1_tl_1" custom="readingOrder {index:0;}">
                <Coords points="1241,1949 1735,1876 2897,1860 2908,1701 1251,1794"/>
                <Baseline points="1259,1871 1295,1871 1340,1865 1385,1862 1429,1856 1474,1853 1519,1850 1564,1844 1608,1844 1653,1838 1698,1835 1743,1832 1788,1832 1832,1829 1877,1826 1922,1823 1967,1820 2011,1814 2056,1811 2101,1805 2146,1805 2191,1802 2235,1800 2280,1797 2325,1794 2370,1791 2414,1788 2459,1785 2504,1782 2549,1779 2594,1773 2638,1770 2683,1767 2728,1764 2773,1764 2817,1761 2862,1758 2907,1761"/>
                <TextEquiv>
                    <Unicode>gisches Grundgesetz ist, unabhängig</Unicode>
                </TextEquiv>
            </TextLine>
            <TextLine id="tr_1_tl_2" custom="readingOrder {index:1;}">
                <Coords points="1269,2071 3010,2008 3024,1837 1965,1880 1546,1955 1280,1928"/>
                <Baseline points="1286,2017 1325,2014 1370,2017 1414,2014 1459,2011 1504,2008 1549,2002 1594,2002 1638,2000 1683,1994 1728,1994 1773,1991 1817,1985 1862,1982 1907,1979 1952,1976 1997,1970 2041,1967 2086,1964 2131,1961 2176,1958 2220,1958 2265,1952 2310,1949 2355,1946 2400,1943 2444,1940 2489,1937 2534,1931 2579,1928 2623,1922 2668,1919 2713,1913 2758,1910 2802,1910 2847,1907 2892,1901 2937,1898 2982,1895 3026,1892"/>
                <TextEquiv>
                    <Unicode>von der spezifischen Eigenschaften der</Unicode>
                </TextEquiv>
            </TextLine>
            <TextLine id="tr_1_tl_3" custom="readingOrder {index:2;}">
                <Coords points="1317,2226 2808,2158 2913,2133 2922,1996 1328,2090"/>
                <Baseline points="1334,2179 1358,2176 1402,2170 1447,2167 1492,2164 1537,2161 1582,2158 1626,2152 1671,2149 1716,2146 1761,2143 1805,2140 1850,2140 1895,2137 1940,2134 1985,2128 2029,2128 2074,2125 2119,2122 2164,2116 2208,2110 2253,2107 2298,2104 2343,2101 2388,2095 2432,2095 2477,2089 2522,2083 2567,2080 2611,2077 2656,2074 2701,2068 2746,2065 2791,2062 2835,2059 2880,2056 2925,2053"/>
                <TextEquiv>
                    <Unicode>betreffenden Völker: dass eine Men-</Unicode>
                </TextEquiv>
            </TextLine>
            <TextLine id="tr_1_tl_4" custom="readingOrder {index:3;}">
                <Coords points="1278,2367 2126,2360 2226,2306 2335,2351 2544,2237 2945,2249 2951,2153 2622,2137 2531,2192 2215,2206 2078,2171 1889,2226 1598,2196 1407,2269 1291,2219"/>
                <Baseline points="1295,2331 1340,2328 1385,2328 1429,2325 1474,2322 1519,2319 1564,2313 1608,2310 1653,2310 1698,2307 1743,2307 1788,2304 1832,2298 1877,2295 1922,2289 1967,2283 2011,2277 2056,2271 2101,2268 2146,2265 2191,2262 2235,2256 2280,2253 2325,2247 2370,2244 2414,2238 2459,2235 2504,2232 2549,2229 2594,2223 2638,2220 2683,2217 2728,2211 2773,2208 2817,2205 2862,2202 2907,2200 2952,2202"/>
                <TextEquiv>
                    <Unicode>schengruppe, die innerhalb einer an-</Unicode>
                </TextEquiv>
            </TextLine>
            <TextLine id="tr_1_tl_5" custom="readingOrder {index:4;}">
                <Coords points="1294,2528 2312,2506 2576,2381 2949,2360 3008,2256 2335,2353 1305,2399"/>
                <Baseline points="1310,2483 1352,2477 1397,2477 1441,2474 1486,2474 1531,2468 1576,2465 1620,2459 1665,2456 1710,2456 1755,2453 1800,2450 1844,2444 1889,2441 1934,2435 1979,2432 2023,2426 2068,2423 2113,2417 2158,2414 2202,2408 2247,2402 2292,2400 2337,2394 2382,2391 2426,2385 2471,2385 2516,2382 2561,2379 2605,2373 2650,2367 2695,2361 2740,2358 2785,2352 2829,2349 2874,2343 2919,2337 2964,2337 3008,2337"/>
                <TextEquiv>
                    <Unicode>dern lebt, sich /in der Minderzahl be-</Unicode>
                </TextEquiv>
            </TextLine>
            <TextLine id="tr_1_tl_6" custom="readingOrder {index:5;}">
                <Coords points="1305,2676 2040,2653 2292,2558 3008,2512 3015,2437 2028,2535 1910,2485 1319,2526"/>
                <Baseline points="1322,2635 1361,2632 1405,2629 1450,2626 1495,2623 1540,2617 1585,2614 1629,2608 1674,2605 1719,2602 1764,2602 1808,2602 1853,2594 1898,2591 1943,2585 1988,2585 2032,2576 2077,2573 2122,2570 2167,2564 2211,2561 2256,2558 2301,2552 2346,2549 2391,2543 2435,2537 2480,2534 2525,2528 2570,2525 2614,2522 2659,2516 2704,2513 2749,2510 2794,2504 2838,2501 2883,2495 2928,2492 2973,2489 3017,2492"/>
                <TextEquiv>
                    <Unicode>findet und sie durch deutliche Merk-</Unicode>
                </TextEquiv>
            </TextLine>
            <TextLine id="tr_1_tl_7" custom="readingOrder {index:6;}">
                <Coords points="1323,2865 1774,2794 2358,2797 2583,2676 3042,2669 3083,2558 2217,2658 1339,2678"/>
                <Baseline points="1343,2794 1379,2788 1423,2782 1468,2779 1513,2776 1558,2776 1602,2770 1647,2767 1692,2764 1737,2758 1782,2755 1826,2749 1871,2746 1916,2740 1961,2737 2005,2734 2050,2728 2095,2725 2140,2719 2185,2716 2229,2713 2274,2707 2319,2704 2364,2701 2408,2695 2453,2689 2498,2683 2543,2680 2588,2677 2632,2671 2677,2668 2722,2665 2767,2659 2811,2656 2856,2653 2901,2650 2946,2644 2991,2641 3035,2638 3080,2632"/>
                <TextEquiv>
                    <Unicode>male von den Andern unterscheidet, von</Unicode>
                </TextEquiv>
            </TextLine>
            <TextLine id="tr_1_tl_8" custom="readingOrder {index:7;}">
                <Coords points="1310,2960 1430,2999 2367,2945 2781,2831 2790,2740 1319,2867"/>
                <Baseline points="1322,2946 1355,2946 1400,2940 1444,2937 1489,2934 1534,2928 1579,2922 1623,2919 1668,2916 1713,2910 1758,2907 1802,2904 1847,2901 1892,2898 1937,2892 1982,2892 2026,2889 2071,2883 2116,2877 2161,2871 2205,2865 2250,2859 2295,2859 2340,2853 2385,2847 2429,2844 2474,2841 2519,2835 2564,2829 2608,2823 2653,2820 2698,2814 2743,2814 2788,2808"/>
                <TextEquiv>
                    <Unicode>diesen Andern gepasst werden und</Unicode>
                </TextEquiv>
            </TextLine>
            <TextLine id="tr_1_tl_9" custom="readingOrder {index:8;}">
                <Coords points="1389,3154 1817,3136 2112,3029 2995,2960 3006,2849 2788,2819 2544,2935 1401,3040"/>
                <Baseline points="1408,3095 1432,3089 1477,3083 1522,3080 1567,3077 1611,3071 1656,3068 1701,3068 1746,3062 1791,3059 1835,3053 1880,3047 1925,3044 1970,3041 2014,3038 2059,3035 2104,3029 2149,3023 2194,3020 2238,3014 2283,3011 2328,3005 2373,3002 2417,2997 2462,2991 2507,2988 2552,2982 2597,2976 2641,2973 2686,2967 2731,2964 2776,2961 2820,2955 2865,2949 2910,2943 2955,2940 3000,2934"/>
                <TextEquiv>
                    <Unicode>###in also durchaus nicht empörte über</Unicode>
                </TextEquiv>
            </TextLine>
            <TextLine id="tr_1_tl_10" custom="readingOrder {index:9;}">
                <Coords points="1251,3065 1287,3070 1323,3060 1330,3070 1394,3033 1412,3042 1439,3029 1462,3033 1469,2990 1455,2985 1432,2999 1419,2985 1401,2997 1385,2995 1367,2967 1348,2954 1330,2956 1285,2992 1262,2983"/>
                <Baseline points="1265,3050 1292,3050 1337,3041 1382,3035 1426,3029 1471,3026"/>
                <TextEquiv>
                    <Unicode>ter</Unicode>
                </TextEquiv>
            </TextLine>
            <TextLine id="tr_1_tl_11" custom="readingOrder {index:10;}">
                <Coords points="1357,3306 1817,3306 1990,3199 2976,3136 3040,3031 1373,3154"/>
                <Baseline points="1376,3250 1382,3250 1426,3250 1471,3244 1516,3241 1561,3238 1605,3232 1650,3226 1695,3220 1740,3214 1785,3211 1829,3205 1874,3202 1919,3197 1964,3194 2008,3191 2053,3188 2098,3185 2143,3179 2188,3173 2232,3170 2277,3164 2322,3158 2367,3152 2411,3146 2456,3143 2501,3140 2546,3137 2591,3131 2635,3125 2680,3125 2725,3122 2770,3116 2814,3113 2859,3110 2904,3101 2949,3095 2994,3089 3038,3080"/>
                <TextEquiv>
                    <Unicode>den Antisemitismus als Abneigung der</Unicode>
                </TextEquiv>
            </TextLine>
            <TextLine id="tr_1_tl_12" custom="readingOrder {index:11;}">
                <Coords points="1403,3467 2826,3358 2988,3304 3004,3163 2394,3267 1419,3308"/>
                <Baseline points="1423,3397 1432,3397 1477,3397 1522,3397 1567,3394 1611,3388 1656,3385 1701,3379 1746,3373 1791,3370 1835,3367 1880,3364 1925,3358 1970,3355 2014,3349 2059,3349 2104,3346 2149,3343 2194,3337 2238,3331 2283,3325 2328,3316 2373,3313 2417,3304 2462,3301 2507,3295 2552,3289 2597,3283 2641,3280 2686,3277 2731,3274 2776,3268 2820,3268 2865,3262 2910,3256 2955,3253 3000,3247"/>
                <TextEquiv>
                    <Unicode>Deutschen z.B. gegen die Juden, so</Unicode>
                </TextEquiv>
            </TextLine>
            <TextLine id="tr_1_tl_13" custom="readingOrder {index:12;}">
                <Coords points="1403,3613 2740,3522 3004,3402 3140,3411 3149,3338 1417,3472"/>
                <Baseline points="1420,3558 1447,3558 1492,3555 1537,3552 1582,3549 1626,3546 1671,3540 1716,3534 1761,3528 1805,3522 1850,3519 1895,3516 1940,3507 1985,3501 2029,3498 2074,3495 2119,3489 2164,3483 2208,3480 2253,3474 2298,3468 2343,3462 2388,3456 2432,3450 2477,3444 2522,3438 2567,3435 2611,3432 2656,3432 2701,3426 2746,3420 2791,3417 2835,3411 2880,3408 2925,3402 2970,3397 3014,3394 3059,3388 3104,3388 3149,3391"/>
                <TextEquiv>
                    <Unicode>wenig ich über andere Naturgesetze em-</Unicode>
                </TextEquiv>
            </TextLine>
            <TextLine id="tr_1_tl_14" custom="readingOrder {index:13;}">
                <Coords points="1517,3754 2744,3674 3163,3572 3176,3438 2863,3513 1530,3622"/>
                <Baseline points="1534,3698 1561,3692 1605,3692 1650,3686 1695,3677 1740,3674 1785,3671 1829,3668 1874,3662 1919,3656 1964,3653 2008,3647 2053,3641 2098,3635 2143,3629 2188,3626 2232,3620 2277,3617 2322,3611 2367,3608 2411,3605 2456,3600 2501,3594 2546,3591 2591,3585 2635,3582 2680,3576 2725,3573 2770,3567 2814,3564 2859,3558 2904,3552 2949,3546 2994,3543 3038,3537 3083,3537 3128,3534 3173,3531"/>
                <TextEquiv>
                    <Unicode>t bin. Empört bin ich nur über die-</Unicode>
                </TextEquiv>
            </TextLine>
            <TextLine id="tr_1_tl_15" custom="readingOrder {index:14;}">
                <Coords points="1482,3886 1905,3913 2076,3843 2203,3888 2653,3834 2810,3788 2824,3649 2021,3747 1496,3759"/>
                <Baseline points="1498,3862 1525,3853 1570,3847 1614,3847 1659,3841 1704,3832 1749,3829 1794,3829 1838,3817 1883,3814 1928,3808 1973,3802 2017,3800 2062,3794 2107,3791 2152,3791 2197,3791 2241,3785 2286,3779 2331,3773 2376,3767 2420,3764 2465,3758 2510,3752 2555,3743 2600,3740 2644,3737 2689,3731 2734,3728 2779,3719 2823,3716"/>
                <TextEquiv>
                    <Unicode>jenigen Christen, die geradese</Unicode>
                </TextEquiv>
            </TextLine>
        </TextRegion>
    </Page>
</PcGts>
