3512 4344
2706 688 2965 868 5046
1194 926 2978 1130 und wie heimisch war ihm zu Mute, wenn
1203 1065 2808 1288 er oben in der Kaiser Josefstrasse
1201 1230 2942 1398 zum Abendessen blieb, dass die Mutter
1206 1375 2864 1520 selbst bereitete und er den kleinen
1212 1505 2851 1686 Fritz am Schreibtisch der Schwester
1223 1657 3021 1835 eifrig nach Vorlagen, Blumen oder Land-
1223 1828 2873 1956 schaften zeichnen sah. Gusti selbst
1241 1962 2773 2112 war an solchen Abenden meist sehr
1232 2045 2978 2244 lustig, kopirte ihre Kolleginenen und
1235 2192 2884 2364 henahm sich bei Tisch wie ein unge¬
1235 2340 1898 2480 zogenes Kind.
