3576 4312
2464 367 2636 587 ilm.
1284 517 2977 842 ihrer Liebe und Treue beinah sicher,
1290 744 2981 1019 und nur durchschauert von dem Gedan¬
1266 889 3011 1207 ken, die immer im Grunde seiner Seele
1286 1055 2999 1340 rauschten: und heut über ein Jahr...
1342 1167 3109 1463 und heut über zehn Jahre.... Aber übe
1317 1348 3082 1615 das Morgen war er wenigstens beruhigt.
1322 1467 3028 1779 Denn erwusste nicht, dass sie schon
1353 1658 3037 1915 vor Wochen den Vertrag für Wiesbaden
1351 1792 3006 2074 unterschrieben hatte und noch heute
1371 1917 3154 2240 Abend Wien verlassen müsste Sie hatte
1387 2092 3031 2386 ihm immer nur von Verhandlungen mit
659 2099 1183 2312 x das murdé
1436 2274 3100 2551 fremden Bühnen erzählt und -immer in
759 2244 1172 2484 er nicht.
1409 2428 3109 2695 ihm die Hoffnung rege gehalten, dass
1420 2572 3214 2849 sie in Wien bleiben würde. Am nächsten
1438 2701 3246 2999 Morgen kam der Brief, der ihm die Wahr-
1445 2847 3190 3181 heit gestand; -und während er ihn las,
1467 3024 3255 3317 war sie schon weit fort. Er weinte, er
1478 3149 3277 3461 schrie wie ein Kind, er biss in seinen
1492 3344 3235 3624 Polster, er fühlte, dass alles, alles
1516 3472 3244 3756 vorbei war und begriff nicht, dass er
2197 3593 2796 3734 die Manheit,
1530 3622 3226 3954 es nicht schon gestern gespürt hatte.
