3416 4168
2741 399 2955 533 457.
1844 503 1966 629 G.C.P.P
1266 564 3004 815 Banquierprotzen, weil ein Gassenjunge
2403 712 2826 827 und auf
1271 784 2931 963 oder ein Abgeordneter ihn unter den
1271 909 2978 1104 gleichen Schimpfworten bedenkt. Ich
1280 1043 3020 1240 wähle mir meine Brüder selbst und sie
1282 1214 2990 1400 brauchen gar nichts davon zu wissen.
2485 1294 2718 1409 or so.
1285 1332 2990 1571 Aber, lieber Heinrich, Sie spreehen
1308 1499 3199 1684 ja schon wieder von sich und von den
1313 1649 3016 1841 paar Andern auf die es in der ganzen
1313 1811 2919 1971 Frage vorläufig gar nicht ankommt.
1473 1893 2384 2027 nicht ankommen dort
1318 1945 3023 2100 Es scheint doch, erwiderte Heinrich,
1327 2090 3166 2281 da Ihnen ja sehr viel daranliegt, diese
1334 2201 3110 2407 Andern auf die es nicht ankommt zu be-
331 2198 1181 2391 Nicht zu bekehren, daß
308 2363 470 2511 sie
1334 2349 2762 2527 kehren, wie Sie früher sagten.
1348 2516 3037 2713 Aber rechnen Sie doch mit den Tatsa-
1362 2656 3110 2814 chen, Heinich, Hunderttausende fühlen
1369 2760 3114 2943 sich zusammengehörig, hunderttausende
1372 2938 3185 3089 sind in Elend, Not und Gefahr, Hundert-
1372 3060 3126 3225 tausende sehen heute, ich spreche gar
1379 3199 3154 3394 nicht davon ob mit Recht oder Unrecht,
1369 3323 3185 3504 ihr Heil in der Rückkehr nach dem Land
1365 3495 3100 3662 ihrer Väter. Dieser Glaube ist, wenn
