3560 4328
2791 582 3002 737 496.
1198 800 2890 905 in ihren Armen am stärksten empfand,
1207 905 2840 1051 war nicht die Lust des Augenblicks,
1216 1046 2863 1189 sondern eine Art von höhnischer Ge-
1201 1189 2946 1326 nugtuuung, dass er was immer in Wies-
1212 1324 2993 1476 baden geschehen sollte, seine Rache im
1207 1481 2932 1631 vorhinein genommen hatte. Einmal hatte
1207 1626 2914 1767 er sie mit ihrem Liebhaber einen jun-
1205 1763 2923 1922 gen Fabrikantensohn im Teater gesehn.
1187 1900 2914 2115 Es war ein hübscher junger Mensch, der
1180 2045 2894 2242 in das Mädchen sehr verliebt zu sein
1187 2229 2908 2332 schien und Hrinrich begiff nicht, wa-
1172 2372 2930 2489 rum sie diesen jngen Menschen mit ihm
1180 2507 2731 2623 betrog. Seither war er vollkommen
1172 2648 2970 2787 überzeugt, dass ihm das gleiche Schiek-
1167 2807 2818 2921 sal bevorstand, wie diesen hübschen
1169 2930 2941 3076 jungen Menschen und dass er vielleicht
1163 3073 2751 3214 schon heute irgend einen Unbekann-
1156 3214 2934 3358 ten in Wiesbaden, gerade so lächerlich
1158 3335 2834 3503 erscheinen musste, als dieser Fabri-
1131 3488 2784 3705 kantenssohn in albern eingebildeten
