3480 4152
1123 661 2906 920 Vergnügen sein Menschen einfach zu ken
2652 801 2827 956 sie
1079 874 2621 1048 nen, wenn man dann nicht mehr für
2660 900 3098 1041 canificule
1077 1028 2790 1220 übrig hatte, als für irgend ein erle###
1084 1174 2701 1479 tes Schmetterliagsexemplar einer S###
1094 1416 1399 1592 mlung.
1176 1462 2943 1675 "Hat Ihr herr Bruder Felici n," fragte
1106 1619 2948 1856 Heinrich plötzlich und wie es Georg er-
1133 1709 2964 2006 schien nur um überhaupt irgend ein
1152 1859 2771 2147 spräch anzufangen, "schon seine Be
1157 2006 2589 2318 stimmung fur das nächste Jahr?“
1241 2147 2868 2444 “Ja“, erwiderte eorg kurz. “Athen.
1195 2311 3151 2614 „So, nun da werden Sie ja recht.. ach gott
1183 2505 2420 2739 Sie sind ja auch nicht da?
1222 2621 2534 2902 „Nein ich bin auch nicht da."
1244 2742 2977 3049 Hm, merkwürdig, das kann ich mi kaum
1234 2994 1803 3202 vorstellen."
1304 3015 2994 3376 „Nun es wird doch so sein, ganz siehe
1270 3163 2928 3511 wird es sein und wenn ich keine fixe.
1442 3332 2812 3635 stellung habe so werd ich mich
2091 3453 2911 3698 d zurückziehen. Ja
1871 3572 2064 3734 e 1 an
1679 3589 1854 3824 auf
