3448 4136
2737 406 2953 670 1004
1043 660 1655 927 wird ja ernst
1066 821 3056 1069 "Ja Felioian, hast Du noch immer daran ge-
1075 1030 1555 1262 zweifelt?"
1072 1108 3017 1394 Felmsian lächelte leicht. "Also was wirst
1066 1333 2209 1536 Du tun," fragte er dann.
1095 1414 3078 1674 "Ja," erwiderte Georg, während er sich mit
1104 1552 3172 1819 einem rauhen Tuch Brust und Rücken frottier -
1092 1729 3049 1977 te. " ich will jedenfalls in den nächsten
1111 1893 3217 2116 Tagen hin. Du begreifst ja, dass ich nicht so
1121 2029 3062 2312 fort...besonders unter diesen Umständen.
1127 2132 3172 2421 "Natürlich," sagte Felioian. "Und mit einem
1150 2334 3065 2618 kurzen Aufschub ist wohl nichts verloren.
1150 2496 3181 2766 Es wäre wirklich schade. Ja Georg, ich kann
1156 2634 3149 2895 Dir gar nicht sagen, wenn ich Dich endlich
1172 2805 3094 3056 in einem Beruf wüsste, in einer Stellung,
1736 2956 3130 3165 Du bist mir nicht bös, was mir
1182 3049 1575 3236 wie das.
1208 3091 3168 3394 das für eine Beruhigung wäre. Ich bin auch
1220 3197 3181 3526 ganz überzeugt, dass Du dann erst wirklich
2045 3375 2882 3503 ro recht in arbeiter.”
696 3397 3291 3671 ###anfangen möchtest) zu kommenieren. Es braucht
