3576 4296
2920 521 3100 666 köp.
955 655 3147 860 Nachmittag geweint hat. Zuerst habe ich mir ge
980 818 3136 1022 dacht, es bezieht sich auf mich. Dann aber hat
974 1008 2982 1137 sie mir ihr Herz ausgeschüttet, dem Freund.
974 1142 3030 1352 Ja, das bin ich Ste fühlt ### das Familien
490 1170 949 1350 it in de
1238 1268 1414 1355 ist
974 1285 3228 1478 leben (###errüttet ###t. Aber war es nicht immer so?
972 1411 3010 1652 Sonderbar, was ste mir von Oskar erzählt
974 1649 3102 1814 hat. Im Sanatorium ist er mir so gefasst er -
986 1784 3044 1968 schienen, ernst geradezu... ein ganz anderer
969 1954 2957 2108 Mensch. Und jetzt das wüste Leben, in Spaa.
983 2083 3142 2181 Oder in Aix. Was will er? Sich übertäuben oder
986 2223 3172 2436 zugrunde richten? Er tut mir so leidii. Der Al
988 2374 3080 2503 te hätts nicht notwendig gehabt. Eine fanati
988 2528 3024 2663 sche Bande. Man begreift manches. Er hätte
980 2682 3049 2825 wirklich lieber in Palästina bleiben sollen.
960 2856 3069 3010 Die gute Frau Ehrenberg wäre auch einverstan
988 2960 3105 3136 den gewesen. Wen hilfts jetzt, dass er keinen
972 3175 3055 3273 Menschen mehr sehen will, draussen in seiner
974 3256 3030 3433 Fabrik sitzt und noch einige Millionen dazu
1420 3399 1602 3514 We
983 3489 2971 3604 verdient. (Lang kenn ich die Leute schon.!
