3384 4072
1152 213 2817 422 Uhrgen, nie mehr zu liegen – ich nie nicht nur
1342 306 2902 526 über die aller Braut 3 Tage aus. - Er ist
1859 410 2314 583 a laissée.
1238 448 1705 579 unt with it.
1136 517 2931 726 auf der Flucht bleiben, bis es ihn er-
1155 718 2997 884 eilt... oder bis er nicht weiter kann."
1285 799 2983 998 „Und vorläufig kann er noch weiter?“
1148 1005 2198 1200 fragte Frau Ehrenberg.
270 1046 647 1276 Bruder
1373 1119 2902 1347 “Ich war auch einigermaassen über
221 1262 849 1515 numberges
1164 1314 3038 1503 rascht. Wahrhaftig, ich hätte mich nicht
1167 1458 3047 1653 gewundert, wenn ich ihn nicht mehr gese-
1164 1624 3049 1812 hen hätte. Denn seine Mittel - das liess
1188 1750 3021 1961 sich ja berechnen - waren soziemlich zu
1188 1906 2990 2118 nichts zusammengeschmolzen. Da geschah
1212 2101 2231 2312 etwas Unglaubliches. "
1397 2210 3054 2433 "Was?“ fragte Frau Ehrenberg und El-
1205 2409 1790 2585 se zugleich.
1397 2497 2966 2729 „Er hat in der Lotterie gewonnen,“
1411 2682 2883 2898 «Was? er setzt in die Lotterie?«
1307 2848 3109 3073 "Ja, seit seinem vierzehnten Jahr. Und
1219 2971 3118 3220 zwar jeden Monat ein Mal in den verschie-
1233 3147 3140 3358 densten Städten der Welt, nach einer ganz
1233 3327 3083 3517 bestimmten Reihenfolge, die er sich auf
