3400 4120
2752 363 2937 524 iebere
1788 347 1900 494 8
1323 552 2848 777 ich frage auch. Misverstehen Sie
1306 753 2926 906 mich nicht: ich zweifle keinen Au-
1976 847 2732 959 Hunderttausende
1332 932 2891 1079 genblick, dass sich die Millionen
2546 996 2738 1085 Stime
1347 1035 2904 1216 verfolgter Juden in Russland, auch
1389 1184 3020 1369 viele Tausende von den unsern nicht
1350 1367 3029 1513 zuhause fühlen, dass sie am liepsten
2531 1446 2909 1529 noralen
1336 1496 2937 1653 fert, dass sie ganz einfach in Si-
721 1513 1221 1782 M. arcker
1723 1616 2107 1727 in Reh et
1367 1633 2924 1810 eherheit sein möchten. Ich glaube
1400 1780 2987 1952 aueh, dass sie gerne in rigend ei-
1367 1895 2998 2168 nem fruchtbarem Land wären, das ih-
1356 2070 2987 2321 nen allein gehört, unter einem Für
1419 2214 2955 2465 sten, der ihrer Rasse entstammt,
1382 2413 2955 2588 das glaube ich. Dass sie aber von
1402 2581 3027 2723 einer Sehnsucht nach einem Land ge-
1450 2703 1712 2821 Gntl
1441 2719 3022 2902 trieben werden, das sie nicht ken-
1393 2880 3029 3040 nen, von dem sie nur der Ueberlie-
1404 3040 3160 3195 ferung nach wissen, dass ihre Urahnen
1413 3169 3077 3391 dort gelebt haben, - das glaube ich
1415 3315 3059 3518 nieht. Es wird ihnen einfach einge-
1415 3426 3077 3688 redet. Das historisch religiöse Me-
1435 3610 3038 3826 ment ist in die Bewegung künstlieh
