3480 4392
2653 268 2876 413 E40.
1135 416 2024 608 - in a    t-il ses tort
548 879 2876 1090 ein tüchtiger junger Arzt aus einerbenachbar
545 1048 2948 1247 ten Stadt um sie, dem sie die Eltern aus Egois-
545 1189 2918 1382 mus nicht zur Frau geben wollten; endlich zur
551 1337 2930 1530 grössten Betrübnis des Vaters, der damals eben
608 1500 2948 1686 sein Mandat verloren hatte,begann sie für ei-
602 1665 2996 1819 nen blutjungen Schauspieler des kleinen Stadt
608 1834 3032 1984 the aters zu schwärmen, Einmal, an einem sonntag
659 1981 3047 2174 Nachmittag, waren die Beiden zusammen in einem
668 2171 2782 2286 Wirtshausgarten eine Stunde weit von der
665 2283 2966 2484 Stadt gesehen worden, was zu böswilligen Ge-
668 2496 2846 2599 rüchten Anlass bot, die auch zu den Eltern
675 2611 2809 2770 drangen Vater und Mutter waren schwer ge¬
672 2752 2960 2900 kränkt und behüteten von nun an das vierund-
726 2894 3032 3077 zwanzigjährige Mädchen wie ein kleines Kind.
726 3047 2906 3249 Ber junge Schauspieler verliess die Stadt
726 3195 3053 3379 am Sohluss der Saison,schrieb briefe an Char¬
735 3349 2933 3520 lotte,die nicht an ihre Adresse gelangten,
729 3505 2903 3689 und eine stille reindseligkeit erhob sich
729 3647 3050 3833 zwischen der Tochter und den Eltern. Heinrich
729 3800 2915 3999 stellte sich bei seiner Rückkunft auf die
