3048 3544
597 467 1100 640 Auge fällt.
614 564 2334 755 Pfarrer: (zum Obersten) Euerfähnrich ist
614 748 802 857 tot.
621 826 2497 1008 Oberst: Was bedeutet das? Wo sind wir hier?
618 972 1643 1130 Wer hat ihn umgebracht?
635 1071 2535 1265 Ein soldat (vielleicht ein Leutnant) berich-
640 1194 2445 1352 tet, dass er den rähnrich mit zwei Mädchen
635 1336 2509 1503 jenseits der Friedhofmauer hat verschwinden
649 1522 1005 1661 gesehen.
644 1659 961 1772 ChaxxXI
812 1716 2322 1897 eer: Davon weiss ich nichts, er lag
689 1838 2421 2006 sterbend auf der Wies«. Doch ein Mädchen
918 1994 2119 2133 das mich zu ihm geholt hat.
647 2126 1501 2287 Oberst: wo ist sie?
661 2197 2518 2388 Pfarrer: Fragt Richt nach ihr, die wird man
663 2400 1510 2523 nicht wiederfinden.
677 2476 2431 2690 Oberst: Verdammtes Nest.Man sollte es an
673 2624 2509 2799 allen rcken anzünden,wenn es noch der Mühe
673 2749 2447 2908 wert wäre. Ist das nicht Euer sohn dort-
682 2863 2535 3082 (er weist auf prasmus, nachdem er den sol-
680 3026 1947 3210 daton einen Wink,gegeben hat)
