3096 3640
2408 340 2542 482 85
688 490 1779 629 zeg von Sachsen zusammen.
682 590 2592 779 Dietrich: Nun, wenn Friede da ist,kommt auch
685 746 1729 869 de in Sohn wieder zurück.
676 871 1974 1036 Pfarrer: Wenn er zurückkommt.
381 969 2614 1158 itr Rietrich: Wenn er dich findet...Nieviele von
328 1125 651 1239 i der ht
674 1130 2472 1286 deu Bürgern, die Eisfeld einmal zählte, hat
331 1216 640 1331 bes eSiteet
674 1264 1286 1389 es noch jetzt?
671 1364 2592 1551 Pfarrer: Wir sind noch sechshundert beinahe.
671 1509 2483 1667 Di trich: Als ich ein Jüngling war lebten
668 1640 2558 1798 hier zehntausend. Se eine stadt ist ein ge-
676 1757 2608 1912 fährlicherer Aufenthalt als ein Schlachtfeld
668 1904 2377 2057 Wie oft musstet Ihr Euch verkriechen im
674 2032 1887 2182 Laufe dieser siebzehn Jahre.
665 2157 1720 2316 Pfarrer: Ich tat es nie.
665 2288 2419 2472 Dietrich: Und ich wette, dir war der red
671 2416 1456 2567 öfter nah als mir.
651 2547 2555 2692 Pfarrer: kommt es darauf an? Ich habe doch
649 2675 2530 2826 Manchem prost gegeben nicht allen, das weiss
1779 2789 2018 2884 gehörle
1392 2787 1642 2906 Sartd
2174 2778 2581 2901 Sie che 1
660 2809 1061 2965 ich wohl.
660 2912 2386 3068 Dietrich: Und auf wie lang? Se jemeln saal
657 3059 2469 3243 Pfarror: Soh ich dich an,der du Hauptmann
