3096 3640
692 561 2504 702 bist,und umherziehst seit siebzehn Jahren.
702 668 2593 830 von einem ort zum anden,bald unter dem, bald
702 799 2585 964 unter jenem Jeneral,ohne eigentlich zu wis-
689 922 2504 1058 sen, wofür du kämpfst, ohne besondere Aus-
689 1068 2449 1212 sichten-kaum auf Ruhm,so fass ich nicht,
702 1201 2530 1353 was jemanden locken könnte deinem Beispiel
700 1293 2538 1488 zu folgen. (Was bist du am Ende? Ein Lands-
1940 1452 2162 1541 ein hur
689 1462 1031 1577 knecht.
1172 1475 2867 1603 Undeh eine Prosenwanfer ein Lieibe de Toolanf
684 1588 2577 1742 Dietrich: Wag sein. (Und du, der du vor einer
684 1703 2637 1857 Gemeinde predigst, die zweifelt und die jeden
650 1846 2491 2005 Tag von neuem sieht, dass du ihnen was ver-
2298 1943 2771 2065 bter er pe wn
687 1985 1018 2113 lügst...
689 2099 2165 2248 Pfarrer: Ich lüge nicht, Dietrich.
687 2214 2449 2395 Dietrich:) Glauben sie denn dirt Gibt es
684 2314 2653 2517 wirklich noch jemanden, der sich auf Gett ver-
687 2502 977 2656 lässt?
684 2596 2543 2784 Pfarrer: Mer ihn glaubt, der ist bei ium, in
1857 2700 2240 2786 las en p
689 2729 2627 2922 Leben wie im rod) Und ich mache, dass sie ihn
689 2885 2462 3039 glauben, auch wenn sie zweifeln, ja sogar,
2008 2964 2465 3058 bl e hre
2554 2990 2752 3094 Un wo
687 3013 1763 3160 wenn ich selber zweifle.
2005 3029 2786 3181 Tamlie in dem
687 3115 2784 3290 Dietrich: Ich habe welche gesehen, vide, die wu-
2596 3201 2807 3290 Trinn
2543 3261 2750 3363 der auge
692 3267 2744 3434 lebten die Schurken und starben sanft, und mue
