3256 4264
1131 1242 1738 1396 Der Fr: Wissol
1121 1376 2869 1529 Hauptm: Worgen Frih, viellicht schon heute
1118 1512 2947 1661 Hacht konmen wir ins Gefacht. Eine halbe Heile
1123 1646 2990 1785 von uns stahn die feinllichen Ausaren. Wir sind
1118 1755 3068 1892 die Vorhut und sind daau bestimmt, di- Feinde auf-
1114 1916 2550 2050 zuhalten, bis der Wrangel nachrückt.
1118 2011 2582 2164 Der Fr: Nein, das ist nicht möglichi
1121 2159 2913 2300 Hauptm: Nun, wie steht's jetzt mit der liche
1121 2276 3066 2426 zum Vaterland?... I2, mein Lieber, wenn wir heute
1131 2431 2949 2592 vor Sitternicht hinaus müssen ins Feld, so ist
1121 2589 1901 2687 uns der Tod gewiss.
1135 2677 2959 2847 Wieder über das vergangene Leben. Schon vorher
1133 2811 2937 2956 war davon die Rede, war in diesem Dorf- wohnt.
1131 2952 3063 3097 Der Hauptmann spricht lachend davon, dass er sei-
1126 3100 2966 3234 ie Früher- Geliebte und seinen Sohn vor seinem
1133 3231 2008 3336 Ende noch sehen würde.
