3080 3640
732 513 2547 711 der Stadt.Sie werden uns nicht verlassen.
741 721 1504 831 Uns Evangelische.
753 806 2600 951 Mie, bist du wieder evangelisch? seit wann?
748 926 2489 1108 Hast du nicht dem Franziskauer die Hand
762 1098 1124 1234 gekügst?
753 1177 2567 1345 Eine lüge. Welcher Franziskaner? Vor vier
753 1326 2501 1501 Jahren, wie die Kaiserlichen zum letzten
755 1457 2565 1616 Mal hier waren. Er trug ein geldenes Arm-
764 1635 1004 1738 band.
758 1720 2434 1913 Ein Gemeinderat,vielleicht ein stadt.
769 1840 2595 2031 schreiber kommt und gibt Verhaltungswass-
778 1946 2586 2109 regeln, in pedantischer, ungeschickter Wei-
1805 2098 2323 2203 Sen U.Sudder
781 2137 1711 2238 Be. Er wird verhöhnt.
769 2270 1324 2381 Der Fourier.
787 2351 2517 2498 Ist er's auch wirklich? Neulich war ein
792 2482 2521 2676 falscher da.Wir wollen ihn hängen. Seid
801 2597 2650 2788 Ihr tell7 Dann geht in Flammen aufdus noch
794 2728 2526 2920 da ist. Der Ist echt. Weran erkennst du
794 2869 2563 3042 das? Soldat und Strassenräuber sieht je-
778 3012 1909 3173 der gleich aus.Da ist er.
801 3127 2484 3313 Der Fourier(kommt. Er hat in seinem Hut
810 3263 2549 3461 die Wesser und beginnt an die Türen der
