2920 3512
626 418 1566 569 at vor die Kürchentür
543 527 1882 710 Frastus: Nichts hab ich gehört.
535 668 1858 885 2.Bürger: Moher hast du s,Bub?
1117 799 1318 877 schiest
538 739 2443 1021 Erasmus: Der Fähnrich hat s mir vererbt (von
551 885 2649 1130 den Dragonern), der bei uns im Haus gelegen: selut
551 1128 733 1268 ist.
561 1167 2388 1394 Der Pfarrer Adam Dockner, des Frasmus Vater
574 1391 840 1516 kommt.
574 1420 2289 1647 Pfarrer: (zum Bürgermeister) Ein Wesser
564 1584 1670 1749 steckt in der Kirchentür.
574 1657 2367 1884 Bürg erne ister: Wie in jedem anderen Haus.
574 1850 1900 2049 (Ist doch nicht das erste Mal.
587 1913 2185 2164 Pfarrer: In der Kirchentür - en kein
582 2051 2498 2247 Erasmus: Vater, sie wollen nicht glauben,dass
592 2161 2443 2422 der Wähnrich, der bei uns gestorben ist, mir
595 2359 1730 2534 das Schwert geschenkt hat.
606 2406 2472 2631 Pfarrer: Ja, das kann ich bezeugen.Mar sol-
608 2568 2459 2767 ber dabei. Aber mir wär s lieber,Frasmus, du
600 2686 2482 2939 stolziertest nicht damit herum.Bist zu sol-
603 2829 2326 3051 chen spielereien endlich doch zu gposs.
616 2923 2506 3187 Erasmus: Es ist keine Spielerei, bin Soldat.
