3096 3640
719 597 2516 751 sen,gebald er die Zeit für gekommen hält.
734 719 2421 874 Dietrich: Wär ich nichtmehr Vertrauen
721 866 969 998 wert?
729 971 2489 1113 Adjutant: Ich kann Euch was verraten. Es
729 1083 2733 1236 handelt sich um eine sehr ehrenvolle Aufgabe-
2054 1198 2738 1350 he ncer de Siie
734 1271 1840 1358 Die Schweden aufzuhalten.
734 1373 2009 1495 Dietrich: Mit einem Fähnlein?
726 1478 2544 1655 Adjutant: Es wird genügen. Der Galas kann
731 1605 2019 1755 niht lange säumen. (u che
726 1735 1975 1872 Dietrich: Und wenn er säumt?
731 1877 2521 2042 Adjutant: Hir haben noch ein Fähnlein in
739 2024 1321 2147 Bereitschaft.
746 2127 2556 2297 Dietrich: Alse Befehl bis auf den letzten
731 2277 966 2404 Mann?
736 2371 2741 2544 Adjutant: Noch kein Befehl, nur der zur Bereit-
741 2539 1990 2676 schaft für vier Ihr Morgens.
1840 2529 2444 2691 will de Otur ut.
741 2644 2559 2823 Dietrich: Herd ich den Oberst vorher noch
1977 2716 2631 2841 wu ernf u de Ver
2144 2806 2344 2916 ichi l
744 2776 1510 2933 sehen? Wo ist er2
749 2901 2426 3088 Adjutant: Unter'm Zelt wie gewöhnlich.
764 3025 2556 3218 (Der Adjutant ist nicht mit einem Befehl,
756 3160 2609 3315 sondern inoffiziell gekommen.Dietrich hält
