3096 3640
511 3152 752 3308 Itlich
808 515 2259 664 rer Adan Deckner? Vr 4 Jahn lebt er voch
808 659 2310 847 Ein Bürger: Freilich lebt er noch.
859 768 2502 912 ietrich: Aukh vor zuei Jahren war ich
1158 894 1467 987 nate tut
817 915 2549 1047 hier. Heimat  von einem Mal zum andern
829 1021 2542 1212 verändert sie sich, Mgrum sollt er nicht
817 1149 2597 1312 mehr leben, der Pfarrer 1dam Deckner? So
819 1286 2467 1446 werd ich ihn wohl auch wieder sehen.
829 1432 2660 1578 Er hat sich niedergesetzt,es sammeln sich
833 1541 2697 1760 einige Seldaten un ihn.Rie, lange ist's nun
840 1678 2611 1827 her, dess es nichts Erustes xxrbahnhati
1592 1780 2147 1952 Er wur logmende
852 1855 1390 1968 gegeben hat?
854 1934 2609 2133 leutenant: Vor söeben Mochen standen wir
845 2080 2451 2249 dem Feind zur letzten Mal gegenüber.
859 2198 2535 2400 Metrich: Aber es war nicht sonderlich
854 2386 1135 2498 ernst.
857 2458 2672 2662 Leutenant: Für Euch... Wir haben nicht ge-
854 2600 2400 2746 dacht, dass Ihr lebendig herauskämt.
864 2700 2597 2857 Dietrich: (Harum bewundert Ihr mich?/Ich
861 2841 2560 3008 bin fest. Wisst Ihr nicht, dass ich ein
1592 2990 2052 3094 Ich bmeinen
868 3004 1509 3148 Nothemd trage?
864 3090 2344 3245 Einer frägt: Was ist ein Nöthend?
