3064 3656
716 559 1741 706 Was ist jetzt die Zeit?
461 630 2490 890 G Nun die Kaiserlichen. Auch nicht besser.
728 766 2230 955 ab rreund, ob Feind, es eilt gleich.
738 897 2540 1094 Wie oft waren sie da in diesen 17 Jahren?
333 1048 703 1217 Chriid
746 1074 1799 1210 Sechs Mal.Nein, vier Wal.
741 1189 2422 1336 Niemals mehr kommt Friede. Um was geht
741 1303 2437 1499 es? Wer weiss es denn noch? Wir können
751 1426 2510 1603 dix Schonung nicht mehr erkaufen,wie wir
753 1562 2397 1736 es in früherer Zeit tateh.Wo ist der
756 1683 2591 1893 Bürgermeister? Er ist wieder dabon wie im
771 1814 2490 2011 mer als erster. Was kann er uns helfen?
771 1976 1671 2155 Wer kann uns helfen?
774 2084 2548 2263 Der Pfarrer? Ein guter Mann,aber er kann
776 2228 1545 2389 uns nicht helfen.
786 2336 2507 2545 Du hast noch Wein. Ich weiss es, du hast
799 2510 1414 2649 ihn versteckt.
784 2638 1545 2800 Nu hast auch was.
801 2706 2621 2921 Wo ist es versteckt? Auf dem Friedhof.In.
794 2848 2165 3039 Gräbern, färgen und rotenköpfen.
801 2991 2495 3168 Hab keine Angst, die Schweden sind noch
801 3074 2540 3336 nicht so welt.Ihre Nabhut lagert ganz g
