3272 4264
1044 1282 2974 1466 4. Der Hauptm.erfährt, dass die Frau des Schulm.
1046 1461 2949 1580 tot ist. Viellzickt durch di- Grossmutter. Viel-
1049 1580 2090 1758 leicht erst durch Frasmus.
1049 1711 1983 1874 Frasiuss una des lazuptm.
1058 1850 2920 1978 Hauptm: Herrgott, bist du gross geworden - ein
1041 1959 2962 2114 Manni Hast, du noch immer Lust, ins Feld zu sehn?
1054 2112 3008 2260 Erasm: O wie gern! Wenn ich auch so sehe - - das
1058 2260 1821 2394 wär: mir ein Leben!
1058 2357 2959 2505 Hauptm: iun, o komm' doch mit! Bist ja erwach-
1063 2551 1236 2629 sen.
1054 2610 2996 2775 Erasm: Aber mein Vater, der jetzt so einsam ist.
1063 2736 2932 2903 Viallzicht erführt der Hauptm. erst jetzt, dass
1061 2886 2762 3044 seine Mutter im vorigen Jahr gestorben ist.
1051 3008 2947 3148 Erasm. erzihlt ihm auch, dass seine Mutter noch
1068 3134 2185 3304 viel von ihm gesprochen hat.
