3096 3624
825 455 2715 636 Krasmus: Has habt Ihr noch mit ihm zu spre-
818 605 1072 739 chen?
1632 639 2376 749 ton werbeente
825 725 2718 840 Dietrich: Wir wollen ihn doch fragen, ob ihm
825 840 2546 947 so sehr daran liegt, den Sohn des Haurt-
813 964 2622 1122 manns der Dietrich von Friesen nach Hilt-
806 1120 1869 1246 burghausen mitzunehmen?
818 1232 1835 1345 Erasmus: Was wollt Ihr?
818 1357 2646 1495 Dietrick: Man könnte auch in anderer Weise
809 1491 2641 1632 fragen. Aber Klarheit muss, er haben. Fast
813 1608 2713 1763 glaub ich haben wir nun endlich die Pflicht
806 1747 1967 1881 ihm die Wahrheit zu sagen.
806 1876 2610 1976 Erasmus: Kamt Ihr mit dieser Absicht her?
792 2005 2692 2125 Dietrich: Wusst ich überhaupt, dass ich hie-
797 2141 2591 2278 herkomme? Wusst ich, dass deine Mutter tot
801 2251 2510 2376 ist? Nun fügt es sich eben so.Unsereins
797 2392 2579 2526 kann nicht nach vorgefasstem Plaue leben.
797 2524 2495 2641 Erasmus: Es kann Euer Ernst nicht sein.
790 2651 2591 2785 Dietrich: Ist so sehr mein Frust,als wenn
787 2778 2706 2916 es schon geschehen wäre. Wir wollen ihm ent-
794 2912 1273 3034 gegengehen.
790 3027 2476 3189 Frasmus: Ihr wollt meinem Vater sagen.
1282 3244 1811 3412 Ihr navi u-
