3080 3640
275 2987 664 3109 hacketchdn
291 3083 664 3200 in hefnaus
2424 415 2562 523 12
741 533 2381 666 gross genug,dann niert er ich mit in
730 678 1445 800 seinem Fähnlein.
1103 744 1710 856 (der mit gehterfetet
730 814 1978 934 Pfarrer: Er scherzte mit dir
730 908 2569 1077 Frasmus:(Vielleicht./ Wir (aber war's ernst.
725 1065 2508 1201 Und er ist er nicht auch Soldat und dein
730 1180 1051 1300 Freund?
739 1326 2358 1424 Pfarrer: Er ist zur Unrast geboren, du
720 1464 2485 1581 nicht.Glaub es mir,ich kenne dich besser
718 1574 2442 1689 als du, lass nich nicht alle in.Gib dich
718 1696 2252 1842 nicht dem rrieg,der mir alles nahm.
718 1800 2442 1987 Eragnus: (Wich wird er nicht nehren. Was
1654 1929 1971 2032 Hiliturteor
723 1957 1635 2102 sell ich beim Vetter?
723 2086 2527 2224 Pfarrer: se überleg dir's noch diese eine
716 2229 2597 2374 Nacht (Dann will ich dich nicht mehr halten
718 2344 2574 2527 Der Fähnrich (wie der mit Seldaten, verschie-
716 2492 2428 2628 dene Mädchen, Jakebine und der Fähnrich.
716 2600 2485 2740 Fähnrich: Wie schade, dass ich schon mein
723 2747 2475 2867 Quartier habe?Ich möcht es wohl bei Euch
1168 2827 2464 2975 Jihot Bei un? Moge - Schristant
704 2891 1044 3017 nehmen.
1389 2902 2478 2994 tevl de Holl, – Am Trredkof vier
1504 2970 1947 3048 mil dortene hr
706 3024 2210 3160 Auch glrike kommt dazu und andere.
704 3139 2475 3271 Aus einen Haus kermt jammernd ein Bürger
