2904 3544
640 338 2366 492 Mohrwald: (reisst ihm das Messer aus der
649 471 2449 629 Hand, das er eben in din Tor stecken will)
647 590 2270 722 könnt ein Jeder sagen.Wo stehen deine
1776 672 2307 798 Si leuitelier
645 684 1722 816 Arkebusiere? vI. 1
647 814 1875 983 2.Bürger: (Irgendwo( im Dreck.
656 931 2337 1075 Bürgermeister: (hat der Szene vonoben
658 1049 2417 1216 ist gleich wie der Fourier kam vom Altati
656 1182 2487 1365 verschwunden und tritt jetzt aus dem Tor).
665 1353 1059 1465 Mohrwald!
658 1433 2497 1591 rour ier: (zu Nohrwald; Kerl,willst wohl als
656 1603 1726 1728 Erster am Galgen hängen?
656 1678 2334 1902 Mohrwald: Wie heisstdas Regiment? Wie
1513 1799 2124 1909 Mee vel tehrler fot
656 1870 1642 1973 heisst der Oberst? Hel
658 1959 2263 2108 Fourier: Ich bin Euch keine Auskunft
670 2087 1728 2238 schuldig,her das Messerl
661 2222 2311 2346 Mohrwald: Und so allein haben Sie sie
1488 2298 1925 2387 ite Beseck
661 2362 2394 2474 dich hergeschickt? Wo hast du deine Be-
681 2510 1173 2631 glaubigung?
672 2586 2414 2734 Foürier: Seit wann braucht ein kaiserli-
679 2730 2405 2883 cher Fourier eine Beglaubigung? Da hebt
674 2846 2485 2997 Ihr sie.Von zwölf Rotten hab ich die Mes-
681 2965 2519 3171 ser dafo ist das beste Quartier? Brauch's
