2904 3624
2152 335 2278 514 12
604 498 2452 714 Bürgerweister: Es ist noch manches da. Bes
1382 638 1681 705 Ar vee ft
615 668 2328 813 ser Ihr gebt es gutwillig als Ihr lasst
602 785 2370 937 Euch erst prügeln, oder foltern oder tot
599 948 1017 1070 schlagen.
602 1038 2358 1157 Mohrwald: Habt Ihr geheime Kundschafter,
2094 1185 2590 1304 Abe das ihre ns
609 1187 1447 1323 Herr Bürg ermeister?
1555 1206 1837 1334 Bendt
650 1245 2413 1444 Bürg ermeister: Ich nicht, aber) der schwedi-
650 1428 2434 1548 sche Oberst,vor dem abmarsch hat er mirs
611 1578 2232 1669 vertraut.Mich aberaufs Cewissen) ver-
620 1697 2411 1828 pflichtet,dass ichs bis zu dieser Stunde
606 1839 1495 1970 als Geheimnis wahre.
604 1945 2328 2087 Mohrwald: Sie könnem noch nicht so nahe
620 2113 840 2232 sein.
625 2193 2377 2356 l.Bürger: Ist doch schon der Fourier auf
615 2374 971 2475 dem Weg.
602 2466 2319 2597 Mohwald: Ein felscher sag ich schon,wie
615 2592 2413 2707 vor zwei Jahren,mit seinem halben Dutzend
629 2675 2416 2868 spiessgesellen. Angst hat er Euch ggeracht
611 2845 2370 2987 und Euch ausgeplündert, und ist davon mit
615 2978 2441 3098 den Andern. Und die Messer sind an den Tü-
1240 3068 1589 3148 quarte
620 3093 2427 3231 ren gesteckt und kein rrupp ist nachgekom-
615 3219 2452 3392 wen. Aber Euere Sächen waren weg.Ich glaub
