3288 4264
974 1103 2761 1365 Fraugeten, Sronnelh, zesohl einr deshruch. 801
984 1222 2930 1486 Oberst gokdst rückt heran, ribt seine Biszoilis-
989 1345 2945 1634 nen. Ho ist Nacht serorden; er sicht, das gesche
1008 1624 1345 1738 nen ist.
1020 1607 2957 1893 der Setedtean lob gotenen, deseitet aletio vor der
1025 1733 2894 1985 was sich ereignet oder beginat jetzt, die Wahr-
1045 1859 2967 2111 hett zu ahlien. Der Oberst sagt: Ich will den Bur-
1062 2012 2928 2298 senen begnädigen, aber sr wird jetst sofort mil
1079 2240 1881 2409 in den Kriag zichen.
1079 2249 2916 2509 bnkomen dor Louts; der Laubn. Blelbt storhend
1081 2535 1384 2710 zurück.
1159 2586 2252 2753 Schelen. Wresiet genhebn eheer
1251 2676 1944 2826 der Köntelnandeer mir
