3288 4312
1003 1199 2920 1411 Die Tzens zwischen dem Haustnau-Bräsm.setzt sich
1008 1322 2917 1538 fort. Er ist gallz fest entschlossen, dem Schulm.
1008 1472 2944 1661 die Wanrheit zu sagen. Der Streit wird immer hef-
1017 1605 2848 1774 tiger, Krast: "Ich verbiet es auchl“ Es kommt
1025 1733 2880 1905 endlich so weit, dass die Beiden den Degen zie-
1035 1848 3010 2059 hen (Erasm.nirmt viellzicht dem Ersund des Hauptn
1035 1976 3013 2212 den Degen wag:), es kommt zum Gefacht, der Hauptm.
1042 2197 1644 2357 wird verwundet.
