3096 3640
854 503 2460 714 Dietrich: Und deine Mutter war mit.M.
851 641 1359 776 gehts ihrz
844 752 2092 936 Frasmus: sie lebt nicht mehr
837 919 2298 1088 Dietrich: Nie? sie war so jung...
825 1059 2356 1202 Erasmus: Sie war nicht lange krank.
820 1190 2467 1325 Dietrich: und dein VaterEIst er hiert
825 1304 2610 1485 Erasmus: Ihr werdet ihn vielleicht sehen.
813 1417 2649 1611 Dietrich: Es soll mich freuen. Also,weiter
796 1587 1867 1696 gewürfelt.Nun Leutenant?
796 1688 2711 1850 Leutenant: (Da ich schon das Amulette habel.
779 1804 2721 1993 Dietrich: Geld ist noch sicherer.(zu Frasmust
772 1954 2327 2114 Sitz nieder. Willst du mitwürfeln?.
772 2063 1966 2228 Erasmus: Ich hab kein Geld.
759 2223 1879 2334 Dietrich: Willst du Heint
747 2349 1904 2486 Erasmus: Ieh trinke nicht.
2051 2397 2511 2540 Cti I un tro
747 2472 2649 2639 Dietrich; Verloren. (zu Erasmus)Waruu bleibt
735 2586 1662 2724 Ihr hier? (Furchtbarl
1824 2634 2598 2738 Mar st talt Henend
2203 2704 2632 2789 Er geben Herle
2358 2767 2624 2849 übe den
738 2702 2658 2912 Frasmus: Ich will nicht hier bleiben. sb.
2274 2869 2653 3004 in se hr oeges
718 2852 2518 3031 Dietrich: Ist's wo anders besser? Nun ja;
723 2985 2404 3164 vielle ihtEEs gibt noch immer ein paar
714 3108 2479 3299 städte, in denen sich's leben lässt. Erst
