3112 3656
543 1844 826 2029 ul de
496 2038 646 2132 jalr
2265 264 2389 356 41
772 517 1090 653 störer.
775 505 2616 763 Pfarror: Du kändst es ja solbst. Noch sehe
791 618 2588 873 ich in deinen zug die hianlischen Lichter
791 835 1846 994 deiner Jugend schimmern.
800 875 2661 1114 Dietrich: Das bildest du dir einsich hatte
826 1030 2534 1257 nie was mit dem Hinmel zu tun.Das nusst
824 1119 2682 1402 ich schon, als ich theolosie studierte. Ver
842 1296 2544 1537 Himmel ist lüge, wahr ist nur die Hälle.
849 1404 2602 1650 Mahr ist die irdische Nelt,wahr ist bust
852 1535 2628 1792 und Hass und kampf und Abenteuer und red
868 1654 2710 1916 und Betrug. Auchliebe ist lüge Mharum willst
878 1781 2728 2052 dz deinen sohn nicht mit wir sohen lassen!
1163 1996 1334 2076 Teit
894 1912 2705 2162 Du brauchst ihn, du fürchtest dich vor der
901 2047 2616 2298 einsanen Altorn, du millst ihn zu deinen
920 2172 2801 2436 Ansichten zuingen, du willst, dass deine Irt-
920 2303 2768 2548 tüner sich vororben. Liebtest du ihn wirk-
929 2455 2735 2668 licheso liessest du ihn den Mog gehen, für
941 2525 2750 2836 den ex (offenbar bostlant ist. 1. us
959 2686 2719 2944 Plarrer: nohor nillst du nisson,nofür er
952 2827 2593 3089 bestimmt ist? Du konnst ihn ja nicht.
978 2925 2782 3187 hietrich: Ich kenn ihn besser als du,keil
