2840 3480
234 782 410 964 er
2291 302 2420 393 32
660 424 2497 580 Fähnrich: Das ist nun einrel nicht anders,
665 519 2537 709 das sind wir gewohnt srs kümmert sich keiner
662 690 1275 814 um den Andern.
653 784 2406 948 Jakobine: Ich will allein mit Euch sein.
653 952 934 1067 KommtI
718 1044 2225 1214 ähnrich: Wo wollt Ihr mit mir hin?
658 1189 2539 1353 Jakob ine: Ihr habt wohl nun Angst, das heis:
658 1329 2003 1474 ich mir einen tapfern Fähnrich.
662 1453 2172 1584 Fähnrich: Wo wollt Ihr mit mir hin?
669 1596 2099 1734 rakobine: Ihr könnt auch bleiben.
658 1708 2462 1830 Fähnrich: Bist du vielleicht von den Evan-
653 1839 2480 1982 gelischen angestiftetzBinen von meinen Ka-
648 1970 1865 2085 meraden hat eine uy. ebracht.
653 2094 2469 2246 Jakobine: Ihr Lügner,lh- habt meinen Wolf-
653 2249 1879 2359 gang nie gesehen. No ist er?
646 2363 2438 2501 Fähnrich: Ich will'’s Euch sagen.Ich bring
641 2504 1051 2623 Euch hin.
1362 2499 1572 2640 leit
