2808 3480
613 494 932 599 Obarst.
622 608 2309 741 Oberst: Ich will für weinen Teil sorgn,
603 704 2339 871 dass jetzt eine nicht noch härtere kommt
1219 843 1452 1004 (boten.
1904 853 2332 1002 Gnade, Hert
613 969 2349 1114 Bürgermeister: Ich bitte um dieRede, dasd
608 1088 2400 1247 Oberst, dass Herr Oberst im Rathaus PQuar-
603 1207 2426 1330 tier nehmen. Es sind drei Zimmer bereitet,
594 1342 2339 1482 noch in leidlichem Stand,zuletzt hat der
599 1487 2467 1629 schwedische Commandeut (?) dort gewohnt-
587 1608 2444 1748 für Herrn Oberst und dero nächste Umgebung.
599 1729 2421 1894 Oberst: Ich tanke Fuch.Ich bin spricht mehr
589 1864 2421 2011 gewohnt ein Nach über keinem Kopf zu haber.
580 1971 2453 2137 Me in Quartier ist das Zelt draussen vor den
596 2123 2381 2274 Tor.Dort ist mir wohler als zwischen Mau-
585 2262 778 2374 ern.
631 2377 1836 2507 ürge rmeister und Andere abf.
582 2491 2370 2654 Ad jitant: Ein jämnerliches Pack, das immer-
582 2614 2342 2787 noch um se in hischen Hab und fut und das
578 2766 2081 2940 erbärmliche bischen Leben gittert.
