2840 3400
591 470 1124 568 Erasmus: Tot.
591 571 1814 692 Hauptmann: Dein Vater geflohen?
625 712 2286 870 rasmus: Nein. Aber ich will Poldat werden.
581 853 2405 996 Hauptmann: Iu es nicht, bleib bei ihm. Eine ge-
581 979 1223 1105 f채hrliche Sache.
581 1095 2432 1218 Jetzt erst das Hauptgespr채ch zwie chen Hauptmann
571 1243 1058 1369 und Pfarrer.
571 1349 2555 1503 Der Pfarrer nennt seinen alten Freund einen Lands-
568 1493 865 1609 knecht.
563 1646 2145 1772 Hauptmann: Zu warst nicht ihmer gl채ubig.
563 1772 1678 1895 Pfarrer: Nun aber bin ich's.
554 1891 2444 2019 Wenn nun Erasmus kommt, l채sst er sich anwerben.
