2824 3480
579 498 2264 629 Adjutant: Das ist beinahe als wenn Ihr
579 629 2251 776 dem Hauptmann Friesen vor allen zutrau-
2178 745 2357 869 me
573 750 2327 904 Oberst: -Heil aus der Sache herauszukomu-
586 897 1880 1023 Ihr seid mir alle gleich wert.
579 1026 2546 1190 Adjutant: Seltsam. Fr aber steht Eurem Herzen
576 1162 1106 1301 am nächsten.
912 1235 1554 1415 Obrit Vollest
558 1387 2312 1554 Jetzt wird dieses Gespräch unterbrochen.
566 1511 2306 1710 Brasmus mit dem Schwert«:Herr ligaptmann!
571 1667 1789 1766 Adjutant: Es ist der Oberst.
563 1781 1609 1895 Fragrus: Nehmt mich mit.
566 1902 2458 2064 Ad jutant: Worgen ist Werbung.Melde dich ord-
553 2056 1091 2188 nungsgemäss.
528 2155 2420 2284 Diese Szene Adjulant und Frasmus müsste von
556 2286 2587 2448 hergehen, dann erst sollte der Kxuptmannx Obertt
541 2418 1109 2584 dazu treten.
541 2539 2357 2693 Der Oberst findet Gefallen an ihm,doch er-
548 2645 2352 2812 warnt ihn. Und als nun noch der vater des
541 2794 2385 2963 Erasmus hinzutritt,rät er Beiden,Väter und
548 2910 2473 3082 sohn, insbesondere dem evangelischen Pferrer,
563 3049 2413 3178 rechtzeitig vor-Eintreffen der Bekehrer und
548 3168 2066 3297 Seligmacher die Stadt zu verlassen.
