3096 3640
328 2310 615 2459 Seerenter
410 2431 574 2554 Arl
306 2650 477 2754 1te
656 617 2380 755 habe fremme Leute gekannt, „die in ihrem
661 697 2459 870 letzten Augenblick zu fluchen bezahnen wie
675 863 2486 993 Türken, Du treibst ein armseliges Gewerbe,
649 977 2580 1155 armor alter Freund. Sell dein Krasmus rhee-
653 1136 1367 1259 logie studieren?
661 1208 2363 1413 Pfarrer: soll er ein Landsknecht werden
656 1403 996 1538 wie duz
656 1476 2368 1678 Dietrich: Ein Landsknecht flucht mehr.
658 1652 2457 1760 aber er lügt weniger als ein Pfarrer. Als
663 1753 2423 1915 wüsste ich nicht von deinen Zweifeln aus
663 1874 2520 2042 deiner Jugendzeit...Frinnere dieh doch, wie
661 2009 2597 2173 wir in den Strassen von Leipzig heruggingen,
2397 2107 2578 2206 wiehr
1681 2124 2245 2201 Ich trecft niht mit
1683 2182 2445 2296 Neshet- ccitemn
668 2158 1512 2298 und davon sprachen.
678 2240 2344 2438 Der Adjutant des Obersten: (kommt) Herr.
668 2416 2035 2549 Hauptmann Dietrich von Kriesen?
678 2525 2481 2698 Dietrich: Hler bin ichIWe ist der Oberst?
723 2643 2563 2816 Adjutant: Ich bringe Befehl von ihm.Haltet
716 2790 2575 2947 Euch bereit,Hauptmann, für morgen früh vier
719 2932 921 3074 Uhr.
719 3043 2358 3168 Dietrich: Mehr darf ich nicht wissen?
719 3152 2657 3369 Adjutant: Der Oberst wird's Euch wiesen las-
