3240 4280
1025 1249 1939 1401 6. Hauptm. u. Fr-SAhls.
1025 1362 2259 1553 Hauptm: Du wirst mit mir gehn.
1022 1517 2638 1649 Erasm: Ich möchte ss ja selbst; aber....
1030 1630 2853 1796 Hauptm: Kimmer? dich nicht um den, er hat dir
1025 1780 2766 1922 nichts zu befehlen. Er ist nicht dein Vater.
1027 1902 2932 2052 Was saßt ihrz (:Vielleicht versucht der Freund,
1037 2040 2110 2182 den Hauptm. zuriickzulialten:
1039 2119 2913 2312 Der Hauptm. sagt dem Krast., dass Er sein Vater
1051 2269 2944 2447 sei. Nun siehstau ein, dass du dich mehr nah mir
1049 2392 2833 2554 richten mussst alss nach dem dat Ich neime dich
1044 2604 1225 2722 mit:
1056 2655 2891 2821 Frasm: Mit jndem Andern ging' ich, aber nicht
1051 2857 1437 2968 init euch.
1063 2939 3000 3111 Es kommt zu einer heftigen Sgene. Krasm.sagt sei-
1061 3038 2889 3231 nem Vater, dass er ihn für einen Lügner halte.
1075 3224 2930 3369 Der Hauptm: Nun, dem kann ja abgeholfen werden.
1075 3366 2349 3520 Ich will ihm die Wahrheit sagen.
1073 3499 2228 3651 Erasm: Das werdst ihr nicht!
