3288 4264
656 1938 916 2060 Mahrns
600 2045 909 2152 aber derne
612 2138 897 2277 e. l. brrch
580 2364 973 2494 Ich nahrer ber
595 2457 960 2584 rolhend
675 2567 965 2732 16.88)
2264 1265 2871 1404 siner Kompagnie;
1019 1255 1991 1460 3. Der Hauptmaln mit 54
1026 1428 1516 1555 sein Frsund.
2325 1523 2654 1672 Träum3
2589 1565 2859 1660 Seines
1016 1543 2274 1689 Der Hauptm: Sehr verdrossen; die
1935 1689 2130 1757 41
2479 1672 2898 1809 angen. Nun
1012 1677 2182 1828 Ehrgeizes zind nicht in Erfül
2264 1792 2389 1923 rEG.
2425 1821 2830 1916 eht. Wozu
1019 1826 2016 1960 wird er ggrau, alt, hat ni
1024 1965 1443 2062 das alles7
1029 2062 2857 2208 Der Frzund: Fir die grosge Sache, füre Vater-
1019 2225 1384 2325 land etz.
1026 2333 2981 2476 Der Hauptm: Ich pfeif aufs Vaterland, hab mich
1007 2462 2888 2598 nie darum gekiimmert. Das miisien sie uns ja ein-
1029 2603 2969 2701 reden u.s. W. Aufs Leben kommt es an, auf das, was
1014 2735 2908 2832 man selber erlebt, was man selber erreicht. Nun
1016 2869 2893 2996 zieh ich 25 Jahre so herum, habe Wunden und Nar-
1024 2993 2866 3154 ben; mit ein bisschen mehr Glück hätt ich der
1024 3120 2966 3247 Generalissirus werden kömen, so gut wie der und-
1024 3281 1221 3376 der.
1029 3366 2942 3534 Der Fr: Dass du immer so redist, mit dem Oberst
1026 3542 2201 3654 hast du dir's ganz verdorben.
1036 3622 2903 3773 Hauptm: Das weiss ich wohl. Er sucht nur eine
1029 3768 2986 3927 Gelesenheit, mich endlich loszuwerden. Nun, dies-
1029 3907 2108 4071 mal wird's ihm wol glücken.
