2888 3528
2264 351 2387 454 22
565 425 1983 596 wär noch Zeit.. (Ich les ein e Mel
589 558 2469 736 Pfarrer: So lang sie mich nicht hinausjagen,
558 690 2488 875 bleib ich da.Es muss so schlimm nicht werden
560 820 1397 923 Wo ist der Erasmus?
1690 815 2142 945 lurieine
567 906 2332 1096 (Er ist verschwunden)sich hab immer angst,
546 1067 1675 1171 dass er einmal durchgeht.
546 1185 2288 1327 Bürgermeister: Wüsste man nur,wie viel-
550 1322 2421 1454 (Man sieht die erstem Soldaten von rügyärts-
534 1440 1928 1586 kommen, ziemlich geordneter Zug).
524 1567 2433 1723 Bürge rmeister: Wer hätte sich denken können,
514 1702 1505 1829 dass sie heute schon -
514 1803 2404 1961 Pfarrer: Arme Stadt, arme Melt,will nie wie-
500 1954 1173 2067 der Ruh werden.
507 2065 2423 2233 Bürge rmeister: Wo werdet Ihr zu finden seirk,
1615 2180 2060 2281 Mard bet
486 2204 1743 2334 wenn vielleicht das Kommando
493 2334 2296 2461 Pfarrer: Warum die Frage? Von meinem Haus
486 2464 2399 2622 steht nur die eine Mauer noch.Ich schlaf mit
471 2582 1728 2719 dem Erasmus in der Sakristei.
514 2699 2303 2884 ürgermeister: Wenn man denkt, dass das un-
659 2853 1885 2976 Glaubensbrüder getan haben.-
524 2976 716 3110 farre
2002 2966 2373 3110 Gal, wand
769 2973 1933 3142 :Kein Unterschied mehr. /
2062 3050 2401 3187 Ielro kam
1005 3115 1584 3214 sem cntet.
