3032 3560
725 422 2446 664 krasmus; Ihr nicht mein Vat er. Erstarrt
727 594 2046 746 ist mein Herz. Ich hasse Euch.
727 732 2440 909 Dietrich: Du liebst mich. romm mit mir.
734 855 2111 1028 Erasmus: Mit einem gandsknecht?
736 986 2137 1116 Dietrich: willst du mich reizen?
736 1055 2591 1295 Erasmus: Ich will Euch aus der Melt schaf-
748 1209 2220 1393 EON. et mu Verli Pmmet wi te miltseet
757 1330 2437 1540 Dietrich: (zieht) Gib Acht,rrasmus, ich
750 1477 2612 1645 will dir freilich nichts tun,aber es könn-
755 1596 2607 1771 te wohl geschehen, dass du einen Ritzer ab-
748 1729 2579 1908 bekommst.Was soll nun de- Pfarrer denken,
769 1855 2495 2027 wenn er kommt? Was erreichst du mit all
769 2011 2419 2153 dem? Wirf den gegen weg.Es könnte dir
771 2113 2440 2314 übel ergehen und ich könnte dich nicht
776 2232 2638 2428 retten. Der Oberst ist schnell dabei Leute
785 2423 1547 2551 hängen zu lassen.
799 2540 1671 2656 Erasmus: wehrt Eucht
797 2640 2673 2824 Dietrich: Ich denke wohl, dass ich's redlich
799 2770 2635 2943 tue-Es ist schwer sich gegen deine Nut zu
797 2875 2582 3055 schützen und zugleich Acht zu geben, dass
799 3062 1752 3229 du nichts abbekömmst.
