2872 3528
177 209 505 454 29/2.191/
1915 318 2070 547 n
535 469 1300 588 (Soldaten mar-chie
1431 564 2204 712 Führung eines Feld
474 598 1390 744 net.Eine Anzahl. unter
459 663 2238 855 maibels jeht weiter, nach rechts verschwi
467 792 2313 943 dend.Andere bleiben auf der szene.in einem
491 919 2394 1079 Haus nimmt einer der Soldaten das Messer aus
469 1042 2389 1186 der Türe, das darin steckt,einige Soldaten in
488 1169 2304 1332 das Haus ab.Beim Hirtshaus bleibt der Feld
481 1295 2345 1468 waibel mit einigen anderen Soldaten stehen.
479 1422 2333 1618 Feldwaibel: (zu Umpstädter, der noch dasitzt,
488 1604 1094 1747 Platz gemacht1
484 1684 1903 1881 Umpstädter : (steht unwillig auf)
493 1827 1623 1978 Feldwaibel: Wirtshaus,hel
488 1944 2182 2114 Wirt: (erscheint) Was steht zu Diensten?
484 2061 2352 2245 Feldwaibel: Was du hast.Nein,zum Essen was.
496 2146 2408 2323 Wirt: Viel wird s ja leider nicht/.Herr Fold-
484 2296 2411 2481 waibel.Die Schweden haben uns aum gefressen.
501 2459 1720 2617 Feldwaibel: Her was du hastl
491 2578 2267 2700 Ein Soldat: (mit einem Blick in die punde)
491 2688 2117 2875 schaut frecht übel aus, Herr Feldwaibel
1959 2739 2663 2846 ie Conte dete eur
1052 2794 1516 2889 Schleinn geret
493 2804 2447 2982 Feldwaibel: Wird nicht lang unser Aufenthalt
505 2994 724 3120 sein.
498 3055 2192 3280 Umpstädter: (nat sich wieder hingesetzt)
