3064 3656
2280 493 2434 666 11.
766 661 1920 815 Frasmus: Ein krieger sein.
773 778 2369 892 Pfarrer; Siehst du nicht, so lange du
766 885 2530 1063 überhaupt die Augen offen-hast, den Krieg
759 1033 1820 1156 und willst Krieger sein?
1584 1128 1874 1215 sillig ein¬
762 1154 2612 1297 Erasmus: Ich will ihn nicht sehen, ich will
1612 1283 1927 1390 dak in
766 1320 1561 1441 ihn selber führen.
769 1432 2058 1542 Pfarrer: Denk an deine Mutter
759 1542 2521 1691 Erasmus: Lebte sie noch,sie hätte nichts
762 1710 1131 1836 dagegen.
766 1813 1558 1944 Pfarrer: Du irrst.
752 1916 2399 2082 Frasmus: Ich weiss es. Immer leuchtteh
759 2065 2476 2219 ihre Augen,wenn von Heldentaten erzählt
759 2194 2488 2360 wurde(Und war ihr Vater nicht auch Sel-
752 2329 2481 2469 dak? Und neun sie mir Märchen erzählte,
759 2455 2516 2598 als ich nech Kind war, immer von Prinzen,
748 2589 1507 2731 Seldaten,Heldnn..
752 2705 2628 2881 Pfarrer: Es waren Märchen.Du weigst ja, das
748 2850 1381 2995 es anders ist.
757 2965 2523 3154 prasnus) Und Dietrich von FriesenEEr hat
762 3103 2518 3224 mir versprochen - du narst dabei, Vater-
825 3224 2528 3383 enn er niederkonnt, und ich bin stark und
