5512 3736
829 309 2280 628 e um d Gemil-Selper
18 464 747 715 resoscon
88 560 2265 826 tille in de Könicf Cort e
1953 724 2361 887 He
76 744 1232 1060 reperle.Ritt
1013 879 2373 1135 H. talt u gen v uct
251 1042 899 1185 lnt.
73 1068 2113 1427 noch eum Gemin.Und er
464 1366 2303 1599 herallenchlinet im siegenmil den
201 1532 2224 1786 Sharrer).. dehe durt wicl - Merwuns
190 1693 2382 1976 Wans tut it wohl mit Ei Aubwrige
201 1868 1894 2148 vørdt – uvl de Schuede
193 2031 2463 2358 deglen Eerto fot eteie denste wore
309 2189 2446 2498 un ene tarte Zeit. Har Obert.
222 2411 2417 2682 Bernten Ober schwilt so men
228 2586 2469 2919 Set sorgen, Duf nemacht seht nicht
196 2767 2323 3117 en Webe kreitet: Mel kor
213 3135 952 3324 richt togn
312 3146 2461 3453 Besen Soofer Icfbilhe un die Juns, det
2892 301 4904 630 Oferst. Karf der Benhber der Brschhafler
2872 505 4971 794 se beh de ganze Auszug metr zu lee
2863 663 5076 914 Iu ehe mit merken begu Bwye
2834 791 5160 1074 die meut Regimanl talbe uch rehe an de Han
2855 992 5201 1232 wi eridemt danf Gereten, daß
2837 1159 5134 1421 ne nor tier u de Hert überfallen
2849 1389 5143 1608 noch ehe um der Keistbelppe un dn
2852 1562 5009 1807 heben. Secte - Erhenicht mit dan
2890 1742 5163 1999 sta gerrpekemen
3059 1953 3456 2069 weder
2913 1877 5090 2207 uszuhalten, et sobang bis wide
2928 2087 5076 2361 Hoshlnecht rate gieht mit.- Mat¬
2948 2262 5216 2583 noltht ist de Anfell enr Portut.
2948 2478 4676 2755 in d fort Hogenstinder.
