3256 4264
1068 1224 2734 1385 Warum nichtz - Erinnerungen an die Jugend:
1071 1419 2185 1536 Der Friedhof im Hintergrund.
1073 1524 2866 1668 Der Bursch zu dem Hauptmann: Ich halts nicht
1073 1695 1990 1795 aus, ich will mit zuch.
1073 1785 2505 1961 Grosse Liebz des Burschen zum Vater.
1071 1919 2783 2036 Du bist nicht sein Sohn, kimmre dich nicht.
1068 2039 2509 2175 Was sagt ihr daz Wer ist mein Vater?
1083 2202 2948 2317 Tch. - Komm, Bursch, wir gehören zusammen. Nich
1100 2300 3019 2466 jurkt's, dem alten Schulneister zu sagen, dass er
1088 2458 2163 2578 ein Harr ist und immer war.
1085 2575 3002 2736 Diese Szene miigste nun unterbrochen werden durch
1097 2692 3039 2829 einen Umständ, der den Gegensatz steigert und zur
1075 2829 2963 3024 Eile drangt, z.B. ylötalicher Marschbefehl. Dem
1085 2968 3044 3105 Hauptmain stcht ein ruhmloses Geplänkel bevor, in
1100 3058 2966 3253 dem er beinah sicher fallen wird. (:Feindschaft
1100 3244 1634 3373 des Obersten:
1088 3358 2992 3526 Er will nun dem Schuilmeister die Wahrheit sagen,
1100 3475 2905 3619 und wie es erust wird, erschlägt der Sohn den
1102 3661 1363 3773 Vater.
1105 3756 2936 3917 Die Grosssmitter: Weisst du, was du gstan hast?
1112 3934 1532 4046 Ich weiss.
