3064 3624
294 1880 717 2015 t r
840 451 2571 624 warten müssen bist du es von selbst ge-
1721 601 2421 738 hrntg df u
840 601 1481 722 wusst hättest.
2115 686 2274 795 ken
850 714 2595 907 Erasmus: (Niemals.Auch jetzt weiss ich es
838 890 2670 1021 nicht, und wenn ich es auch weiss, ich fühl
831 968 2559 1144 es nicht.) lasst mich - mit jedem Andern
809 1128 2011 1253 will ich eher als mit Euch.
2200 1213 2428 1322 ni der
817 1230 2711 1393 Dietrich: Komm zur Besinnungl Ich will dich
817 1367 2718 1531 nicht zwingen.Du bist nicht mein Leibeigner.
819 1498 2134 1626 Immer wieder kannst du zurück.
809 1626 2253 1752 Erasmus: Ich gehe gar jicht fort.
807 1749 2692 1899 Dietrich: Das ist nicht so einfach. Nun hab
795 1890 1901 2011 ich dich einmal geworben.
793 2003 2549 2181 Erasmus: Und hättet Ihr's zehnmal getan,
788 2143 2096 2298 so verlor es seine Eiltigkeit:
781 2267 2507 2419 Dietrich: Dies wäre die Frage, Soll ein
776 2409 2538 2580 Vater kein Recht haben an seinensehn7Nun-
764 2528 2554 2685 könnt es mir wohl einfallen, zu befehlen.
769 2663 2564 2822 Eresmus: Dazu habt Ihr gewiss kein Recht.
757 2796 1702 2922 Wo bleibt mein Vater?
748 2886 2656 3086 Dietrich: Warte nur. Er kommt gewies wieder.
743 3046 2421 3219 Und auch ich habe mit ihm zu sprechen.
838 3259 1607 3428 Frasnus: Inr uar.
