<?xml version="1.0" encoding="UTF-8" standalone="yes"?>
<PcGts xmlns="http://schema.primaresearch.org/PAGE/gts/pagecontent/2013-07-15" xmlns:xsi="http://www.w3.org/2001/XMLSchema-instance" xsi:schemaLocation="http://schema.primaresearch.org/PAGE/gts/pagecontent/2013-07-15 http://schema.primaresearch.org/PAGE/gts/pagecontent/2013-07-15/pagecontent.xsd">
    <Metadata>
        <Creator>prov=READ-COOP:name=PyLaia@TranskribusPlatform:version=2.7.0:model_id=50870:lm=none:date=22_01_2024_19:35</Creator>
        <Created>2023-09-27T14:38:10.210+02:00</Created>
        <LastChange>2024-01-22T19:35:07.281+01:00</LastChange>
        <TranskribusMetadata docId="1589046" pageId="60125334" pageNr="145" tsid="145636026" status="IN_PROGRESS" userId="40391" imgUrl="https://files.transkribus.eu/Get?id=FZLRTTOGFOYLHDLLBPCDNFKA&amp;fileType=view" xmlUrl="https://files.transkribus.eu/Get?id=ICHXFVPFBGLDLKPVWJISFBPP" imageId="48550411"/>
    </Metadata>
    <Page imageFilename="1589046_0145.jpg" imageWidth="2808" imageHeight="3496">
        <ReadingOrder>
            <OrderedGroup id="ro_1711791297555" caption="Regions reading order">
                <RegionRefIndexed index="0" regionRef="tr_1"/>
            </OrderedGroup>
        </ReadingOrder>
        <TextRegion orientation="0.0" id="tr_1" custom="readingOrder {index:0;}">
            <Coords points="534,524 534,3322 2463,3322 2463,524"/>
            <TextLine id="tr_1_tl_1" custom="readingOrder {index:0;}">
                <Coords points="1515,608 1599,631 1711,615 1746,588 1768,608 1947,619 1977,593 2039,627 2120,600 2104,529 2018,536 1935,493 1827,522 1730,496 1673,510 1515,465"/>
                <Baseline points="1528,591 1557,589 1587,589 1617,591 1647,591 1677,591 1707,591 1736,589 1766,587 1796,585 1826,587 1856,588 1886,588 1916,588 1945,588 1975,588 2005,588 2035,588 2065,588 2095,590 2125,591"/>
                <TextEquiv>
                    <Unicode>Herr Haptmann</Unicode>
                </TextEquiv>
            </TextLine>
            <TextLine id="tr_1_tl_2" custom="readingOrder {index:1;}">
                <Coords points="569,639 1203,586 1472,600 1472,519 1325,536 1206,479 1067,517 1024,488 853,491 739,546 569,517"/>
                <Baseline points="582,591 626,591 671,594 716,591 761,588 805,591 850,588 895,591 940,591 984,588 1029,588 1074,591 1119,591 1163,588 1208,591 1253,591 1298,588 1342,591 1387,591 1432,591 1477,591"/>
                <TextEquiv>
                    <Unicode>Frasmus: (tritt herzu</Unicode>
                </TextEquiv>
            </TextLine>
            <TextLine id="tr_1_tl_3" custom="readingOrder {index:2;}">
                <Coords points="593,743 1889,746 1858,646 846,677 593,646"/>
                <Baseline points="606,707 670,714 734,716 798,718 863,718 927,719 991,717 1056,716 1120,716 1184,716 1249,716 1313,718 1377,718 1441,714 1506,716 1570,719 1634,719 1699,720 1763,722 1827,721 1892,719"/>
                <TextEquiv>
                    <Unicode>1djutant: Was willst du, Junge?</Unicode>
                </TextEquiv>
            </TextLine>
            <TextLine id="tr_1_tl_4" custom="readingOrder {index:3;}">
                <Coords points="574,867 1646,846 1632,784 574,779"/>
                <Baseline points="588,844 641,841 694,841 747,841 801,844 854,844 907,845 960,845 1014,842 1067,844 1120,844 1173,841 1227,841 1280,843 1333,844 1386,844 1440,843 1493,842 1546,844 1599,839 1653,832"/>
                <TextEquiv>
                    <Unicode>EFasmus: Herr Hauptmann-</Unicode>
                </TextEquiv>
            </TextLine>
            <TextLine id="tr_1_tl_5" custom="readingOrder {index:4;}">
                <Coords points="586,989 2099,994 2099,932 1827,867 1642,874 1539,936 1298,896 1256,929 1051,889 831,929 586,905"/>
                <Baseline points="600,967 675,969 750,968 825,970 900,972 976,972 1051,973 1126,972 1201,970 1276,970 1352,968 1427,969 1502,970 1577,967 1652,970 1728,970 1803,970 1878,969 1953,970 2028,970 2104,976"/>
                <TextEquiv>
                    <Unicode>Ad jutant: Du stehst vor der Oberst.</Unicode>
                </TextEquiv>
            </TextLine>
            <TextLine id="tr_1_tl_6" custom="readingOrder {index:5;}">
                <Coords points="572,1132 798,1148 1008,1098 1463,1139 1539,1096 1927,1122 2061,1084 2061,1039 1977,1015 1646,1055 1539,1020 572,1032"/>
                <Baseline points="585,1095 659,1095 733,1092 807,1092 881,1093 955,1092 1029,1093 1104,1094 1178,1095 1252,1093 1326,1092 1400,1095 1474,1095 1548,1095 1623,1095 1697,1094 1771,1092 1845,1095 1919,1095 1993,1090 2068,1080"/>
                <TextEquiv>
                    <Unicode>Erasmus: Umso besser.Herr Oberst-</Unicode>
                </TextEquiv>
            </TextLine>
            <TextLine id="tr_1_tl_7" custom="readingOrder {index:6;}">
                <Coords points="574,1225 808,1232 955,1294 1332,1258 1491,1306 1963,1229 2456,1244 2406,1160 2266,1122 2006,1175 1546,1096 1363,1179 1075,1136 672,1184 574,1136"/>
                <Baseline points="588,1221 681,1221 775,1218 868,1222 962,1218 1056,1221 1149,1218 1243,1220 1336,1224 1430,1223 1524,1222 1617,1227 1711,1224 1804,1221 1898,1224 1992,1223 2085,1224 2179,1226 2272,1224 2366,1224 2460,1221"/>
                <TextEquiv>
                    <Unicode>Oberst:(sieht ihn an)/Herr oberst, ich welde</Unicode>
                </TextEquiv>
            </TextLine>
            <TextLine id="tr_1_tl_8" custom="readingOrder {index:7;}">
                <Coords points="569,1356 889,1379 948,1346 1194,1403 1310,1353 1520,1368 1520,1303 1318,1301 1272,1270 1198,1308 927,1279 789,1320 667,1277 569,1303"/>
                <Baseline points="582,1343 629,1346 676,1346 723,1346 770,1347 817,1348 864,1346 912,1345 959,1343 1006,1343 1053,1343 1100,1341 1147,1342 1194,1343 1242,1345 1289,1346 1336,1346 1383,1346 1430,1346 1477,1346 1525,1352"/>
                <TextEquiv>
                    <Unicode>mich zum Kriegsdienst.</Unicode>
                </TextEquiv>
            </TextLine>
            <TextLine id="tr_1_tl_9" custom="readingOrder {index:8;}">
                <Coords points="572,1508 1110,1546 1289,1484 1520,1532 1715,1489 1923,1511 1923,1422 1725,1379 1351,1430 572,1406"/>
                <Baseline points="585,1474 652,1474 719,1474 786,1474 853,1474 920,1474 987,1474 1055,1474 1122,1474 1189,1476 1256,1477 1323,1476 1390,1474 1457,1476 1525,1474 1592,1474 1659,1477 1726,1474 1793,1477 1860,1474 1928,1474"/>
                <TextEquiv>
                    <Unicode>Oberst:flacht) Wie alt bist du?</Unicode>
                </TextEquiv>
            </TextLine>
            <TextLine id="tr_1_tl_10" custom="readingOrder {index:9;}">
                <Coords points="567,1618 882,1656 1346,1603 1706,1653 1703,1553 1511,1525 1296,1563 567,1534"/>
                <Baseline points="579,1606 635,1600 692,1602 748,1603 805,1603 861,1603 918,1603 974,1603 1031,1603 1087,1606 1144,1606 1201,1606 1257,1606 1314,1603 1370,1603 1427,1606 1483,1603 1540,1604 1596,1606 1653,1609 1710,1618"/>
                <TextEquiv>
                    <Unicode>Exaxmus: Sechzehn beinahe.</Unicode>
                </TextEquiv>
            </TextLine>
            <TextLine id="tr_1_tl_11" custom="readingOrder {index:10;}">
                <Coords points="562,1751 924,1789 1441,1730 1734,1777 1858,1737 1927,1770 2180,1742 2180,1665 2097,1653 562,1694"/>
                <Baseline points="576,1737 656,1731 736,1731 817,1731 897,1731 978,1728 1058,1728 1139,1727 1219,1728 1300,1730 1380,1728 1460,1731 1541,1729 1621,1733 1702,1729 1782,1731 1863,1729 1943,1730 2024,1731 2104,1728 2185,1734"/>
                <TextEquiv>
                    <Unicode>Adjutant: Wie kommst du zu der Waffe?</Unicode>
                </TextEquiv>
            </TextLine>
            <TextLine id="tr_1_tl_12" custom="readingOrder {index:11;}">
                <Coords points="553,1880 884,1911 1108,1875 1160,1906 1418,1858 1618,1894 1618,1782 1456,1820 1270,1784 805,1823 553,1792"/>
                <Baseline points="567,1856 619,1859 672,1856 725,1856 778,1858 831,1859 884,1859 936,1858 989,1857 1042,1857 1095,1861 1148,1859 1201,1859 1254,1859 1306,1857 1359,1858 1412,1856 1465,1859 1518,1860 1571,1863 1624,1868"/>
                <TextEquiv>
                    <Unicode>Erasmus: Sie gehört mir.</Unicode>
                </TextEquiv>
            </TextLine>
            <TextLine id="tr_1_tl_13" custom="readingOrder {index:12;}">
                <Coords points="569,2006 1935,1997 2054,2044 2347,2042 2347,1913 2237,1949 2097,1894 1966,1942 1832,1908 1527,1908 1430,1954 1048,1911 569,1939"/>
                <Baseline points="582,1988 670,1991 759,1991 847,1991 936,1988 1024,1988 1113,1991 1201,1987 1290,1990 1378,1991 1467,1991 1555,1991 1644,1991 1732,1990 1821,1988 1909,1989 1998,1991 2086,1991 2175,1990 2263,1989 2352,1988"/>
                <TextEquiv>
                    <Unicode>Ad jutant: Weisst du nicht, dass bei Strafe</Unicode>
                </TextEquiv>
            </TextLine>
            <TextLine id="tr_1_tl_14" custom="readingOrder {index:13;}">
                <Coords points="553,2139 1017,2168 1237,2128 1484,2170 1546,2137 1701,2175 1949,2125 2397,2137 2397,2054 2313,2073 2235,2025 2104,2078 2037,2035 1742,2078 1658,2039 1508,2101 1277,2047 553,2056"/>
                <Baseline points="567,2116 658,2116 750,2118 841,2116 933,2119 1025,2119 1116,2119 1208,2119 1300,2117 1391,2119 1483,2117 1575,2120 1666,2119 1758,2119 1850,2119 1941,2116 2033,2117 2125,2118 2216,2119 2308,2119 2400,2119"/>
                <TextEquiv>
                    <Unicode>des Lebens das Tragen „ja der Besitz einer</Unicode>
                </TextEquiv>
            </TextLine>
            <TextLine id="tr_1_tl_15" custom="readingOrder {index:14;}">
                <Coords points="558,2256 1549,2251 1658,2292 1765,2249 1947,2301 2452,2268 2452,2168 1758,2209 1315,2170 1258,2201 1184,2159 877,2209 558,2178"/>
                <Baseline points="570,2242 664,2245 758,2249 853,2248 947,2247 1041,2244 1136,2250 1230,2249 1324,2251 1419,2251 1513,2251 1607,2251 1702,2249 1796,2251 1890,2251 1985,2251 2079,2251 2173,2251 2268,2254 2362,2251 2457,2248"/>
                <TextEquiv>
                    <Unicode>Waffe verboten ist? Du hast deinen Hals ver-</Unicode>
                </TextEquiv>
            </TextLine>
            <TextLine id="tr_1_tl_16" custom="readingOrder {index:15;}">
                <Coords points="548,2378 586,2392 608,2375 622,2387 653,2380 717,2411 765,2387 810,2406 827,2402 827,2349 762,2311 743,2330 710,2316 681,2328 646,2306 608,2332 586,2318 548,2335"/>
                <Baseline points="561,2376 588,2376 615,2376 642,2376 669,2376 696,2376 723,2376 750,2376 777,2376 804,2379 832,2382"/>
                <TextEquiv>
                    <Unicode>wirkt.</Unicode>
                </TextEquiv>
            </TextLine>
            <TextLine id="tr_1_tl_17" custom="readingOrder {index:16;}">
                <Coords points="553,2523 696,2561 1139,2504 1225,2537 1458,2511 1663,2566 1930,2516 2187,2549 2187,2456 1942,2435 553,2435"/>
                <Baseline points="567,2501 648,2504 729,2504 811,2507 892,2506 973,2504 1055,2504 1136,2504 1217,2507 1299,2504 1380,2504 1461,2507 1543,2507 1624,2507 1705,2508 1787,2509 1868,2510 1949,2513 2031,2510 2112,2516 2194,2522"/>
                <TextEquiv>
                    <Unicode>Oberst: Lasst ihr das Kinderspielzeug.</Unicode>
                </TextEquiv>
            </TextLine>
            <TextLine id="tr_1_tl_18" custom="readingOrder {index:17;}">
                <Coords points="546,2642 1332,2642 1563,2692 1732,2647 2032,2695 2456,2671 2456,2575 2385,2549 2249,2595 546,2568"/>
                <Baseline points="558,2636 653,2633 748,2634 843,2636 939,2636 1034,2636 1129,2633 1224,2636 1320,2636 1415,2636 1510,2638 1605,2639 1701,2640 1796,2642 1891,2645 1986,2642 2082,2639 2177,2639 2272,2642 2367,2645 2463,2651"/>
                <TextEquiv>
                    <Unicode>Erasmus: Es ist kein Spielzeug,Herr Oberst,</Unicode>
                </TextEquiv>
            </TextLine>
            <TextLine id="tr_1_tl_19" custom="readingOrder {index:18;}">
                <Coords points="550,2766 655,2776 753,2845 815,2799 929,2780 977,2802 1203,2766 1339,2795 1339,2678 1227,2723 1153,2687 977,2711 851,2683 550,2697"/>
                <Baseline points="564,2764 603,2761 642,2761 681,2761 720,2761 759,2762 798,2764 837,2764 876,2764 915,2764 955,2762 994,2763 1033,2764 1072,2764 1111,2764 1150,2764 1189,2764 1228,2764 1267,2766 1306,2769 1346,2773"/>
                <TextEquiv>
                    <Unicode>ich bin kein Kind.</Unicode>
                </TextEquiv>
            </TextLine>
            <TextLine id="tr_1_tl_20" custom="readingOrder {index:19;}">
                <Coords points="534,2923 793,2947 860,2897 1217,2902 1410,2954 1587,2902 2004,2940 2130,2909 2213,2947 2442,2909 2421,2811 2120,2845 1954,2797 1842,2845 1625,2814 1384,2854 648,2807 534,2842"/>
                <Baseline points="546,2895 641,2892 736,2892 831,2893 926,2892 1021,2893 1116,2892 1211,2895 1306,2895 1401,2898 1497,2895 1592,2895 1687,2895 1782,2898 1877,2897 1972,2898 2067,2898 2162,2904 2257,2901 2352,2902 2448,2904"/>
                <TextEquiv>
                    <Unicode>Oberst: Dann darfst du es eben nicht tragen</Unicode>
                </TextEquiv>
            </TextLine>
            <TextLine id="tr_1_tl_21" custom="readingOrder {index:20;}">
                <Coords points="541,3035 1063,3064 1425,3028 1613,3066 1904,3033 1889,2945 541,2952"/>
                <Baseline points="555,3018 622,3021 690,3019 758,3021 826,3021 893,3020 961,3024 1029,3022 1097,3024 1164,3026 1232,3024 1300,3024 1368,3024 1435,3024 1503,3024 1571,3023 1639,3024 1706,3024 1774,3021 1842,3014 1910,3012"/>
                <TextEquiv>
                    <Unicode>Eresmus: Doch in Euerm Dienst-</Unicode>
                </TextEquiv>
            </TextLine>
            <TextLine id="tr_1_tl_22" custom="readingOrder {index:21;}">
                <Coords points="546,3157 2294,3185 2294,3052 1982,3114 1496,3112 1425,3066 1365,3100 1282,3047 1194,3112 546,3088"/>
                <Baseline points="558,3152 645,3149 732,3149 819,3152 906,3152 993,3149 1080,3153 1168,3148 1255,3151 1342,3155 1429,3152 1516,3155 1603,3154 1690,3154 1778,3156 1865,3155 1952,3155 2039,3158 2126,3158 2213,3158 2301,3158"/>
                <TextEquiv>
                    <Unicode>Oberst: Dies ist eine evengelische Stadt</Unicode>
                </TextEquiv>
            </TextLine>
            <TextLine id="tr_1_tl_23" custom="readingOrder {index:22;}">
                <Coords points="522,3309 2249,3305 2249,3257 2078,3214 1849,3254 522,3216"/>
                <Baseline points="534,3278 620,3278 706,3281 792,3279 878,3281 964,3283 1050,3283 1136,3287 1222,3287 1308,3287 1394,3288 1480,3290 1566,3290 1652,3290 1738,3290 1824,3292 1910,3291 1996,3292 2082,3292 2168,3290 2254,3292"/>
                <TextEquiv>
                    <Unicode>meines Wissens.Willst du dich zu deinen</Unicode>
                </TextEquiv>
            </TextLine>
            <TextEquiv>
                <Unicode></Unicode>
            </TextEquiv>
        </TextRegion>
    </Page>
</PcGts>
