2792 3464
563 349 1313 485 Feinden schlagen?
560 495 2364 607 Erasmus: Nehmt mich in Euer Regiment.Herr
575 621 2272 746 Oberst.so seid Ihr mein Feind nicht und
570 757 1276 875 ich nicht Eurer.
565 849 2305 990 Oberst: Ist dir das gleicht, ob du an der
560 1001 2443 1104 Seite deiner Glaubensbrüder kämpfst oder an
542 1128 1058 1257 der unsern?
544 1262 2307 1365 Erasmus: Ich hab nur einen Glauben,den-j
570 1391 1646 1482 (auf das Schwert zeigend)
565 1517 2312 1623 (Wes Iekx Schwert ich schwingen darf, des
539 1642 1337 1761 Glaubens bin ich.)
544 1773 2218 1911 Ad jutant: Ist dir s do gleich wofür du
542 1904 910 2014 kämpfst?
539 2007 2272 2157 Erasmus: Ich weiss wofür.Für meirh Ruhr.
542 2141 2373 2298 Oberst: Du magst alle Anwartschaft auf ihn
544 2277 2300 2397 haben, aber es ist fraglich,ob du ihn er-
544 2411 818 2526 lebst.
530 2530 2368 2671 Eresmus: Das weiss keiner.Das hat auch der
523 2657 2333 2781 Herzog von Friedland nicht gewusst,als er-
537 2793 2258 2952 zum ersten Mal seinen Degen schwang.Und
532 2938 1151 3056 musstet Ihr s2
