2776 3464
559 576 2126 682 Oberst: Melde dich beim Hauptmann von 1
557 715 1565 826 Der hat die Werbung 체ber.
555 819 2365 944 Pfarrer: Lasst mir den. Wir gehen zum Vetter,
543 970 1286 1088 mein Sohn und ich.
538 1079 1475 1215 Hauptmann und Leutnant.
538 1201 2436 1331 Ha uptmann: Witz des Schicksals,mein Geburtsopt,
545 1357 2320 1473 ich schwor es, ihn nur als Oberst zu betreten.
545 1482 1421 1614 Genug davon: Spielen.
538 1619 2353 1739 Ad jutant kommt, verwehrt das Spiel, bzum Haipt-
904 1697 1140 1779 f체hrst.
538 1758 1881 1879 mani) u f채xxk morgen die Vorhut.
536 1881 2315 2025 Hauptmann: Ich weiss, er will mich los werden.
533 1999 1610 2107 Ad jutant: Du verkenist ihn.
1119 2089 1673 2169 (zum Hauptmann)
533 2148 2395 2282 Pfarrer: (kommt ) Du treibst ein trauriges Hand-
536 2270 748 2377 werk.
536 2377 2001 2525 Hauptmann? Und du? Wo ist deine Frau?
543 2518 1060 2650 Pfarrer: Tot.
526 2641 2077 2797 Hauptmann: Dein Sohn ? Gib ihn mir mit.
538 2775 2015 2896 Erasmus komnt, will sich werben lassen.
510 2886 2341 3044 Hauptmann: Du?Ich dachte, Ihr seid l채ngst fort.
522 3026 1444 3162 Was macht deine Mutter?
