3064 3624
357 1572 641 1691 Ableluver
264 1679 612 1831 nigobe de
352 1757 622 1872 mn un
345 2293 588 2467 Ju 16
722 483 2634 636 lette.Was hilft einem ein Nothemd, das fremde
710 624 2472 750 Jungfrauen gewebt? Dies wildchen, nur das
702 745 2479 888 war es. Damals trug sie dich schon unter
695 881 1986 1017 dem Herzen,als sie mir's gab.
702 1022 1760 1155 Erasmus: Meine Mutler...
702 1138 2415 1279 Dietr채ch: Deine Mutter, mein Weib., meine
693 1276 1398 1386 Gattin vor Gott.
691 1374 2110 1529 Erasmus: Ihr glaubt nun an Gottz
2329 1462 2760 1584 che des pu
693 1522 2548 1664 Dietrich: Damals. Iy dieser einen Naht.Und
686 1643 2538 1769 seither hat er mich auch verlassen. Nichts
681 1788 2096 1907 seither,was des Lebens wert war.
676 1903 1824 2062 Erasmus: Es ist nichtwahr.
641 2041 2531 2172 Dietrich: So wahr als du mir da gegen체ber-
667 2162 2443 2296 stehst und f체hlst es und f체hlst es schon
669 2312 902 2419 lang.
1305 2331 1572 2443 chelit
672 2400 2434 2574 Erasmus: Nein (Warum wehrst du dich? Was
669 2557 2396 2667 liegt dir daran? Komml Du wirst (de ineml
645 2688 2374 2819 du wirst den Pfarrer nicht wiedersehen,
655 2807 2562 2979 Erasnus: Darum sprach sie von Fuch kkurz vor
652 2948 1150 3062 ihrem rod-
650 3062 1769 3224 Dietrich: Was sprach sie?
