3256 4264
1096 1232 2863 1350 5. Der Schulm.kommt dazu. Bewillkommnet den
1096 1367 2996 1496 Hauptm. Gespräch, in dem der Hauptm. dem Schulm.
1104 1481 3006 1624 vorwirft, dass er den Burschen zu einem Duckmau-
1106 1631 3020 1771 der macht, ihn verhöhnt. Es kommt zu einem argen
1108 1754 2863 1900 streit, in dem sich Axk Frasmus mehr auf die
1104 1876 3015 2035 Seite des Hauptm. stellt. Der Schulm.erklärt, er
1111 2023 3059 2154 werde es a solut nicht erlauben, dass Frasmus ins
1111 2139 3023 2304 Feld ziehe. Zum Hauptm! Was ist schliesslich aus
1106 2280 3018 2432 dir ggeworden? Was bist du? was hast du errgichtz
1108 2408 2355 2563 Ein Landskliseht bist uu! u.s. W.
