3016 3608
737 517 2532 624 Erasus: Ihr habt es ja gehört,Hauptmann,
739 655 2650 808 nietrich: Nicht, was du denkst: Denkst du die
727 775 2403 916 Gedanken des Pfarrers, deines Vaters? B
729 899 2233 1052 du, ein rind oder bist du ein Mann?
727 1050 2523 1193 Erasmus: Ich möchte wohl ein Mann werden.
727 1167 2475 1308 Dietrich: In dieser Zeit wird man's über
717 1289 2477 1444 Nacht. Einmal im Gefecht und du hist es.
729 1411 2274 1566 Erasmus: Meine Sehnsucht,Hauptmann.
732 1564 1913 1648 Dietrich: aus dir wird was.
720 1683 2080 1822 Erasmus: Ein Hauptmann wie Ihr.
720 1810 2573 1973 Dietrich: Das wär verdammt wenig. Du wirst
708 1944 1473 2066 mehr Glück haben.
715 2042 2186 2178 Erasmus: ciehft man das einenian?
713 2190 2611 2343 Dietrich: Nach dich fertig. zu sollst heute
717 2324 2473 2468 nicht mehr in dähies Vaters Haus sthlafen,
713 2461 2630 2614 ich nehm dich mit in mein Quartier.. Was zä
725 2597 1349 2712 gerst du noch?
2157 2633 2336 2745 aber
717 2709 2532 2867 Erasmus: lchbin wohl entschlossen,her nun
717 2831 2217 2979 ist'’s mir doch hart.Mein Väter--
717 2965 2535 3128 nietrich: Nun ja. Warst du denn immer ein
701 3101 1559 3243 so gehorsames Kind?
