3288 4264
1486 1031 2323 1135 ata de hanent wed beme
1844 1120 2282 1225 Al. Er n
1079 1205 2381 1370 2. Der Schulmeister und Krasnus.
1077 1348 2948 1520 Der Schulm. ist viellzicht Ehrendoktor der Uni-
1084 1481 3008 1638 versität Leipzig. Einiges über die Vergaugenheit.
1087 1602 2940 1757 -Die Frossrutter. Sie ist die Mutter Ider Frau
1087 1740 3035 1880 des Schulmeisters, die im vorigen Jahr starb. Sie
1091 1854 3027 2030 steht mehr auf Seite des Ersamus und hat eine Ab-
1084 1999 3025 2166 neigung gegen die Art des. Schulmeisters. (:Es ist
1084 2125 2989 2280 möglich, dass sie die Wahrheit kennt, viellsicht
1087 2280 2906 2396 sopar, dass sie dem Ersamus Andeutungen macht.
1094 2379 3040 2524 :) In dieser Szene nuss auch die grosse Liebe des
1082 2524 2805 2684 Erasmus für den Schulmeister zutage treten.
1094 2643 2933 2798 vielleicht ist der Schulm.in der vorigen, szent
1096 2793 2289 2960 vom Friedhof heruntsgekommen.
