2776 3464
2180 264 2311 356 43
546 370 2432 587 Oberst: Ich weiss es auch heute noch nicht:
558 530 2404 682 Erasmus: Seid Ihr nicht der Oberst Colalto
553 651 2396 812 oder gar -ja, Ihr seid's, der Feldhauptrani
560 800 826 948 Tilly?
565 893 2361 1062 Oberst: Nein.Ich bin von hundert Obersten
560 1031 2392 1188 einer und du hast meinen Naren nie gehört.
520 1154 2280 1318 FFrasmus: Ein Regiment befehligen in der
598 1287 2304 1446 Schlacht auch namenlos ist Ruhms genug.
570 1413 2453 1608 Oberst: (zum Adjutanten) Was sagt Ihr zu dem
565 1589 898 1700 Jungen?
570 1665 2332 1819 Adjutant: Worgen, wenn die Sonne aufgeht.
572 1786 2418 1952 wirst du die Werbetrommel hören.Melde dich
570 1955 1242 2095 wit den andern.
577 2031 2487 2232 Oberst: Ja,bleib es dabei.Bist du dem Nerbe-
568 2216 1748 2358 kommissär nicht allzu jung.
575 2306 2337 2498 Erasmus: Herr Oberst,es braucht doch nur
575 2463 1387 2601 ein Wort von Euch.
584 2541 2209 2710 Adjutant: Gib dich endlich zufrieden.
582 2677 2214 2871 Oberst: (sich wieder zu ihm umwendend)
572 2840 1218 2995 Wie heisst du2
572 2971 1639 3161 Erasmus: Frasmus Dekner.
