3032 3560
364 1028 652 1185 H. Harr
354 1168 662 1333 kriti
770 481 2527 629 abwarten. Der Befehl des Oberst ist noch
1572 608 2346 741 Eir Hindl ein, wier
767 629 1183 744 nicht da.
758 744 2487 866 Erasmus: Ist es Euer fester Entschluss?
758 877 2604 1011 Dietrich: Wozu hätte ich so viel Worte ge-
755 1011 1049 1126 macht?
755 1145 2637 1281 Erasmus: Ihr schwört, dass es Euer Entschlues
753 1276 941 1403 ist2
748 1396 2201 1502 Dietrich: So wahr ich hier stehe.
746 1551 2614 1663 Erasmus: Nun,so weiss ich, warum der Schwee
744 1647 2363 1785 hier seinen gegen zurückgelassen hat.
746 1776 2147 1905 Dietrich: Bist du toll geworden?
746 1908 2609 2062 Frasmus: Noch einmal. Es bleibt ein Geheim
730 2041 913 2135 nis.
737 2156 2447 2309 Dietrich: komm zu dir, du bist nicht bei
725 2299 2520 2426 Besinnung. Du siehst,ich lasse meinen De-
727 2419 1269 2546 gen stecken.
725 2536 2600 2693 Brasmus: Ich habe Euch Zeit genug gelassen.
713 2665 2433 2801 Dietrich: Immer besser gefällst du mir.
716 2816 2581 2954 Erasmus: Glaubt Ihr mich nun als Knaben ba-
706 2933 1525 3074 handeln zu können?
706 3055 1645 3221 Lietrich: kein sohn..
