2872 3496
2353 257 2507 449 78
531 473 987 687 Enlerwrt
687 716 1832 862 Greissigjänriger Krieg: Dorf.
684 872 2557 987 Der Schulmeister hat einen Sohn, der auch in der
716 963 1710 1088 Krieg auf Abenteuer will.
682 1088 2505 1268 Das ist das Blut der Tutter, die vor zwei Jahr
692 1251 1057 1364 verstarb.
672 1321 2550 1503 Die Lucter disser leitter leht noch. Alte, weit-
660 1494 2591 1638 blickende Frau. Sie, ist nicht gegen ihres Enkels
670 1630 1016 1755 Absicht.
668 1755 2574 1907 Der Hauptmann komnt ins Dorf mit seinen Truppen,
711 1887 1995 2051 lagert hier, quartiert sich ein.
672 2041 2495 2171 Zum Spass möchte er aic! den Sohn wiedersehen.
672 2164 2579 2291 Er wird grau, alt, alle seine Tapferkeit hat ihn
670 2305 2589 2418 nicht weit geholfen – wo ist der Ruhn g-blieben?
668 2435 1991 2579 Ein Freund von ihm. Pflichttreue.
668 2536 2509 2687 Vor zwei Jahren kam er auch durch das Dorf, da
663 2665 2586 2785 lebt« noch die Wutter seines Kinds, die Frau des
658 2809 2420 2968 Schulmeisters. Er erführt, dass sie tot ist.
668 2939 1979 3076 Sein Sohn ist nun ganz erwaclisen.
675 3074 1734 3186 Er besucht den Schulmeister
1825 3069 2622 3182 seinen alten rreund.
656 3206 2334 3345 Schulmeister: Der will jetzt in den grieg.
