3048 3576
2466 444 2596 580 52
804 510 1046 655 mich?
804 613 2607 871 Dietrich: Eben dich. Dies würde die Hende
796 791 2610 976 bedeuten.Es gibt zeichen,der sonderbarste
788 907 2513 1093 aller Zufälle, dass ich heute wieder in
788 1043 2585 1220 meine Heimatstadt komme, dass deine Mutter-
785 1182 2616 1359 starb,die Worte, die mir früher der Pfarrer
768 1306 2627 1481 sagte - so viel sonderbare Zufälle auf ein
754 1423 2624 1634 mal, das ist das Schicksal. Wehre dich nicht
752 1528 2546 1747 dagegen. Und deine sehnsucht nach mir=Hat
752 1689 2496 1867 es dir nicht eine Ahnung gesagt, dass ich
735 1831 2496 1994 wiederkomme? Du selbst verrietest es mir
735 1936 1021 2075 früher
721 2058 2435 2241 Erasmus: Und was Ihr mir nun sagtet ist
710 2205 2505 2421 stärker als all das und spricht ggenfuch.
976 2363 2574 2580 Jeht der off ulle Webtee fde daef – vopeft
691 2496 2430 2727 Nun kommt eine Aufforderung an Dietrich
258 2521 552 2674 Gitet
222 2643 494 2771 klar 2
2502 2593 2649 2818 2.
696 2649 2455 2815 sich bereit zu halten.Der Leutnant über-
205 2738 560 2851 de Oberst
311 2813 582 2924 r
682 2788 2402 2954 bringt sie,zugleich die Mitteilung, dass
250 2887 513 3012 l
219 2887 2452 3090 dor Oborst in der Nähe ist. Dann gebt der
247 3051 577 3159 btentwert
624 3040 1384 3168 Leutnant wieder.
827 3148 2568 3340 Eiien mit umhoffen des Habel gut
