5620 8808
271 185 451 324 32
4576 172 4945 312 Nr. 24166
927 189 1367 357 Wien, Freitag
1982 201 2922 320 Neue Freie Presse
3496 209 4100 341 25. Dezember 1931
267 324 1756 456 Anastasia Karlowna. Es handelt sich um zwei
1921 365 5068 505 Iwan Matwejitsch. Keiner von uns kann auf kade nennen. Nun, ich wollte erzählen, kaum ist es zu
131 369 1728 546 blutjunge Menschen, beide aus der ersten Moskauer Gesell
3464 427 5064 546 glauben, wie da ein junger Offizier, der Stadthauptmann
1810 402 3283 546 der Bärenhaut liegen, Olga Petrowna. Mit Verlaub.
135 472 324 575 schaft.
3455 492 5039 595 hatte doch, um den Aufstand zu ersticken, die siebenten
1941 505 3386 607 Olga Petrowna. Treten Sie ruhig näher. Was
263 497 1744 673 Olga Petrowna. Ich habe Fürsten und Prinzen
3455 570 5060 673 Tragoner aus der Pawlowsk=Kaserne aus die Morskaja be-
1797 579 3377 710 wir zu verhandeln haben, können wir hier verhandeln. Führ
123 591 1666 726 beherbergt, Herzoginnen und Frauen von Staatsräten.
3455 636 5056 735 ordert, wie da ein junger Offizier von der Spitze seines Zuges
1802 640 2643 730 Sie etwas Besonderes zu mir?
259 677 1740 776 Anastasia Karlowna (plötzlich geschwätzig, um
3443 706 5060 804 zu den Rebellen überging. Schwenkt ein weißes Tuch in der
1933 698 3386 837 Iwan Matwejitsch. Die Pflicht, Olga Petrowna
144 739 1728 841 zu kaschieren, daß sie eine fast vollkommen erfundene Ge
3451 776 5134 886 Hand und ersteigt diese... also diese Barrikade. Der Oberst
1793 743 2101 862 die Pflicht.
156 829 1715 911 schichte erzählt). Die junge Person ist von ihrem Vater ge=
3447 829 5072 936 und die andern Herren Offiziere glauben zu träumen...
1912 796 3390 968 Olga Petrowna. Die darin besteht, unsereinen zu
131 882 1732 968 zwungen worden, einen siebzigjährigen Greis zu heiraten
3455 895 5117 989 wie denn auch... eine so ehrlose Tat von einem der
1789 870 2561 1001 kujonieren und auszupressen.
144 948 1728 1030 der einen hohen Posten bei der Regierung bekleidet. Am
3439 960 5056 1063 ihrigen... geht während der Schlacht zum Feind über...
1941 960 3386 1067 Iwan Matwejitsch. Ungerecht sind Sie, Aller¬
127 1001 1748 1108 Tag der Trauung schoß sich der Mann, der sie liebt und den
1793 997 5060 1108 lieblichste. Tun Ihren Mund zu Bösem auf. Hat man seine  als aber die Rebellen dem Deserteur die Hände entgegen¬
140 1071 1728 1161 sie liebt, eine Kugel in die Brust. Er verletzte sich schwer
3455 1108 5044 1202 strecken, um ihn in Sicherheit zu bringen, da heißt es
1810 1104 3127 1207 Freunde bei der Polizei, so lebt man im Paradies
140 1137 1736 1231 konnte aber gerettet werden. Die Sache hätte weniger Staub
3455 1174 5044 1276 Feuer! und eh der Unselige sich decken kann, treffen ihr
1929 1161 3390 1297 Olga Petrowna. Kostspielige Freundschaft. Eine
131 1215 1728 1293 aufgewirbelt, wenn man nicht auf seinem Tisch einen Ab¬
1793 1223 2717 1342 teure Hypothek auf das Paradies.
3455 1260 4990 1342 zwei Kugeln in die Brust, und er fällt leblos zu Boden...
140 1268 1732 1371 schiedsbrief an die heimlich Geliebte gefunden hätte. Er ist
3583 1305 5056 1395 Olga Petrowna (hat ihre Beschäftigung unter¬
1921 1284 3398 1395 Iwan Matwejitsch. Hochgeliebte! Was für sünd=
119 1334 1736 1428 Offizier, so waren die Folgen für ihn schlimm. Die Karriere
1793 1346 3373 1502 hafte Reden! Wozu lästern, ich bitte, wozu lieblose Be
3451 1367 5060 1498 brochen, sinnend). Ein Offizier, sagen Sie, Väterchen? Und
115 1408 2130 1531 war verscherzt. Der Gatte und der Vater haben sich beim
3451 1445 3890 1547 jung noch dazu
119 1477 1728 1564 Kommandeur beschwert, man hat seine Versetzung nach einer
1921 1469 3386 1600 Olga Petrowna. Ein Etablissement, wie das
3583 1498 5056 1600 Iwan Matwejitsch. Ein Milchgesicht, Olga
119 1539 1719 1625 sibirischen Garnison beschlossen. Ende dieser Woche soll er
1793 1572 3373 1662 meine, vorbildlich durch seine Ordnung... Die Herrschaften
3439 1564 4691 1674 Petrowna. Vier-, fünfundzwanzig, nicht mehr
115 1600 1736 1699 Moskau verlassen. Kaum genesen. Um jeden Preis sollte
1793 1629 3373 1736 die bei mir verkehren, sagen Sie selbst, gibt es da anrüchig
3570 1609 5056 1756 Olga Petrowna. Und haben sie ihn zu Tod
115 1662 1728 1765 verhindert werden, daß sie einander noch einmal sehen
1793 1695 3386 1814 Charaktere, Unterschlupf für zweifelhafte Existenzen? Und
3439 1687 3743 1818 getroffen?
119 1724 1732 1822 Darum die Eile. Er würde aber den mißglückten Selbst¬
1793 1761 3373 1863 doch heißt es täglich: Meldescheine vorlegen, immerfor
3574 1728 5060 1859 Iwan Matwejitsch. Das nicht gerade. Sein
127 1806 3369 1925 mordversuch wiederholen und mit besserem Erfolg, wenn er | Kontrolle, und obendrein ziehen Sie mir jeden Tag noch fün
3451 1830 5052 1937 Schicksal hat ihn der irdischen Suyne ausbewahrt, darf man
127 1867 1728 1962 nicht Abschied von ihr nehmen könnte. Und sie, sie schreckt
1793 1904 3390 1994 Rubel aus der Tasche, die ich zahlen muß, damit Sie mir
3439 1908 3628 2019 hoffen
107 1941 1728 2023 vor nichts zurück, auch für sie hat das Leben keinen Wert
1793 1966 3377 2085 nicht, wenn's Ihnen gerade paßt, in die Zimmer einbrecher
3570 1929 5056 2085 Olga Petrowna. Ist er denn nicht gleich fest¬
115 1999 1732 2093 mehr, wenn sie ihn nicht noch einmal in ihre Arme schließen
1781 2035 2795 2134 und illustre Gäste in Panik versetzen.
3451 2035 3993 2138 genommen worden?
127 2060 1715 2159 darf. Man muß sie also vor dem Schlimmsten bewahren
1912 2072 3377 2187 Iwan Matwejitsch. Liebenswerte! Mütterchen
3558 2072 5056 2183 Iwan Matwejitsch (schüttelt den Kopf). Jene
115 2130 1719 2220 Alle beide. Sie können sich die Schwierigkeit denken, ihnen
1793 2126 3390 2261 Olga Petrowna, warum betrüben Sie mich so? Wer bin
3455 2134 5060 2253 Fluchwürdigen nämlich, seine neuen Freunde, haben ihn
127 2204 1728 2282 zwei Tage zu ermöglichen, zwei armselige Tage, die ihnen
1777 2216 3377 2327 ich? Ein niedriges Werkzeug. Ein Organ. Wäre ich der Zur
3443 2245 5044 2327 eiligst auf ein Marktwägelchen gelegt, den Körper mit
127 2273 1732 2351 helfen sollen, den Gedanken an eine Trennung auf unab¬
1781 2290 3386 2425 ich würde befehlen: vor allem laßt’mir die herrliche Olga
3439 2302 5056 2380 Gemüse= und Salatblättern zugedeckt und in die Klinik ver¬
131 2335 1719 2413 sehbare Zeit zu ertragen. Ein richtiges Komplott mußte ein
1802 2360 2376 2454 Petrowna in Frieden.
3451 2368 5052 2454 bracht. Dort hat ihm zur selben Stunde ein Professor die
127 2405 1724 2487 gefädelt werden. Sie hat eine Freundin in Petersburg, die
3443 2425 5060 2524 Kugeln aus dem Fleisch operiert. Aber schon waren ihm die
1921 2388 3365 2536 Olga Petrowna. Dimka, ein Glas Wotka für da
115 2466 1732 2553 reist für ein Jahr in die Schweiz wegen ihrer Lunge. Zu der
1781 2466 2376 2589 Väterchen Kommissar
3439 2503 5056 2598 Unfrigen auf der Spur. Sie kommen ins Spital, wollen ihn
127 2520 1715 2626 fährt sie angeblich. Sie muß ja verschwinden. Und er auch
1802 2536 3377 2667 (Dimka ab. Während des folgenden bringt sie den Wolka, stell
3451 2569 5109 2659 verhaften. Der Professor führt sic an das Bett, worin der
111 2585 1732 2721 In der Welt können sie sich nicht sehen. Es muß... wenn
1793 2635 3377 2725 das Glas brummig auf den Tisch, öffnet ein Fenster nach dem
3451 2635 5052 2721 Operierte bewußtlos liegt, und sagt zu ihnen: mitnehmen
103 2651 1375 2750 ich so sagen darf... außerhalb der Welt sein.
1773 2717 3377 2815 andern, läßt die Jalousien herab, zieht die Vorhänge zu und
3451 2700 5052 2791 könnt ihr ihn, aber bevor ihr mit ihm das Haus verlaßt,
238 2708 1719 2819 Olga Petrowna. Höchst interessant. Immerhin
2183 2762 2996 2848 schlurft sodann in den Alkoven.)
3439 2766 5056 2860 tragt ihr einen Toten, besser, ihr wartet zwei Tage und habt
107 2770 1715 2881 scheint man Ihnen großes Vertrauen zu schenken, da man
3439 2836 5060 2922 dann eure Beute sicher. Was sollten die Unsrigen tun, sie
1904 2807 3386 2938 Iwan Matwejitsch. Sähe es in der ganzen Stadt
115 2840 1321 2942 Sie mit einer solchen Mission beauftragt hat.
3439 2897 5056 2996 erklären sich bereit zu warten und treffen ihre Vorkehrungen.
1797 2893 3386 3008 so aus wie bei Ihnen und in Ihrem hochangesehenen Hause,
246 2901 1715 3012 Anastasia Karlowna (die sich darein ergeben
3435 2963 5044 3074 War aber alles umsonst, als sie am dritten Tag erscheinen
1793 2975 3377 3078 Olga Petrowna, so gäbe es keine überflüssigere Einrichtung
103 2951 1715 3090 hat, daß die andere sie auszuholen sucht). Der junge Mensch
3439 3024 5044 3127 ist ihr Mann verschwunden. Da hätte man das ganze Spital
103 3053 1719 3148 ist wie mein eigenes Kind. Ich habe Mutterstelle an ihm
1789 3045 3377 3131 auf der Welt als die Polizei. Da aber doch das Verderben
3439 3090 5056 3193 samt dem Professor abführen müssen; was war zu machen.
1777 3111 3386 3205 die Rebellion, die menschliche Niedertracht vor keiner Tür
115 3119 1707 3230 vertreten. Ich kenne seine Beharrlichkeit, sein eigensinnige
3443 3164 5068 3262 Wir haben ihn in ein Haus nach dem Park von Sokolnikin
1781 3176 3377 3275 mehr Halt machen, was ist begreiflicher, als daß wir sie
115 3185 1715 3287 Herz. Ich habe ihnen den Weg zueinander geebnet, um sie
3439 3230 5056 3320 geschafft, hieß es, damit er in gesündere Luft kommt, aber
90 3246 1719 3386 dem Verderben zu entreißen. Ich fürchte, ich bin in meiner
1781 3242 2688 3336 hinter einer jeden suchen müssen?
3443 3308 5060 3406 wie sie dort nachfragen, ist das Nest abermals leer. Es ist
1912 3275 3377 3402 Olga Petrowna (im Zimmer herumhantierend)
103 3304 866 3418 Offenheit zu weit gegangen.
3443 3377 4949 3472 eine mächtige Organisation. Durchtriebene Teufel sind es
1781 3365 3377 3476 Sie sind ein Philosoph. Iwan Matwejitsch, Sie wissen sich
226 3361 1715 3480 Olga Petrowna (mit einer gewissen lüsternen
1785 3439 2466 3550 aus allem herauszureden.
103 3414 1724 3546 Wonne). Durchaus nicht. Ich fühle mich geehrt. Sie können
3574 3443 5072 3566 Olga Petrowna. Jedenfalls pfiffiger als ihr. Ist
1912 3459 3373 3607 Iwan Matwejitsch (liebäugelt mit dem Wotka
94 3500 1719 3652 sich denken, daß sich unter diesem Dach mancherlei Romane
3427 3500 4678 3607 nicht weit her mit euern berühmten Spürnasen
1777 3562 3377 3665 setzt sich breit auf das Sofa, als wolle er sich's für lange Zeit
3570 3554 5064 3673 Iwan Matwejitsch. Aufgeschoben ist nicht auf-
94 3574 378 3669 abspielen.
1781 3644 3381 3734 dort bequem machen). Ich sage so, Olga Petrowna: wir sind
222 3599 1707 3767 Anastasia Karlowna. Ich baue auf Ihre Ver-
3451 3636 5052 3747 gehoben. Mütterchen. Die Obrigkeit läßt ihrer nicht spotten.
1785 3714 3381 3808 allzumal schwache Menschen. Damit wir uns aber in der
3570 3718 5056 3812 Olga Petrowna. Desw schärfer seid ihr hinter den
90 3693 505 3808 schwiegenheit.
3443 3767 5044 3878 unschuldigen Leuten her, die ihr nützliches Gewerbe treiben
1781 3767 3381 3874 Schwäche nicht verlieren, hat Gott die Obrigkeit erschaffen
246 3747 1728 3878 Olga Petrowna. Keine Sorge. Wär' ich nicht
1785 3837 3377 3972 Die Obrigkeit ist für den Untertan, was der Erlöser für de###
3439 3837 5048 3960 Wie nennt er sich denn, der Gottvergessene, der des Kaisers
103 3821 1715 3952 verschwiegen, wie könnt' ich ein Geschäft wie dieses führen.
103 3911 1695 4046 Verlassen Sie sich darauf, daß meine Gäste mit exquisitesten
1785 3915 2503 4001 rechtgläubigen Christen ist.
3447 3903 4288 4005 Rock mit Schande bedeckt hat?
94 3981 759 4067 Takt behandelt werden.
1912 3944 3386 4112 Olga Petrowna. Ein tiessinniger Gedanke, Iwan
3570 3956 5044 4083 Iwan Matwejitsch. Das will ich Ihnen gern
1785 4022 2717 4132 Matwejitsch, und schön ausgedrückt.
3443 4018 5052 4141 verraten, Olga Petrowna. Habe natürlicherweise den Steck¬
246 4018 1703 4157 Anastasia Karlowna. In einer halben Stund
90 4096 406 4227 also. (Ab.)
1904 4063 3361 4223 Iwan Matwejitsch das Glas gegen das Lich-
3423 4112 5052 4223 brief bei mir. (Zieht das Notizbuch heraus, blättert.) Also
1773 4157 3361 4268 haltend). Sie können mir glauben, sehr geschätzte Spenderin
3443 4174 5027 4284 da: Jewgen Pawlowitsch Nadinsky. Alter fünfundzwanzig
1765 4235 3373 4338 Olga Petrowna, wenn ich mich mit solcher Strenge äußere:
3443 4231 5031 4342 Ein Meter einundsiebzig groß. Haare braun. Augen grau¬
213 4198 1715 4354 Olga Petrowna (reibt sich die Hände). Das
1785 4297 3373 4391 die verbrecherische Unzucht steigt nunmehr bis in die höchsten
3443 4297 5056 4424 blau. Schädel oval. Gesichtsfarbe blaß. Besondere Kenn¬
90 4313 1715 4424 kostet Geld. Das wird teuer. (Lacht. Rust in den Gang
1781 4366 3386 4477 Klassen. Also, da haben wir doch neulich den Aufstand auf
3443 4354 3792 4473 zeichen keine
90 4379 1707 4481 hinaus.) Dimka! (Da niemand kommt, drückt sie auf den
1773 4436 3295 4531 der Morskaja gehabt. Sie haben sicher davon gelesen...
3570 4420 5056 4539 Olga Petrowna. Sonst alles auf dem richtigen
86 4453 1707 4572 elcktrischen Taster bei der Tür. Schrilles Glockensignal
3451 4494 5052 4621 Platz. Und wer ihn sieht, der schreit. (Stimmen im Flur.)
1900 4502 3373 4592 Olga Petrowna (etwas nervös, lauscht zuweilen
74 4514 1309 4617 durch das ganze Haus. Lauter.) Dim—ka!
3423 4555 5044 4682 Kommen Sie mit hinunter, Väterchen. Hier werden Gäste
1769 4518 3361 4678 in den Korridor, da die Tür nur angelehnt ist). Ich erinner
213 4576 1715 4691 Dimka vor der Tür; eine Magd, ältliche, mürrische
1781 4645 3365 4732 mich. Sie sollen es ja ziemlich wild getrieben haben. Vor
3439 4641 5048 4748 erwartet. Alles fertig, Dimka? Dann troll dich. Nach links,
78 4617 1280 4764 Person, weiße Haube auf dem Kopf). Ja?
1773 4703 3390 4834 Barrikaden hat man gesprochen. Eine ganz neue Ein¬
3435 4695 5056 4834 Väterchen. Die Herrschaften lieben nicht Begegnungen.
234 4711 1715 4818 Olga Petrowna. Nach dir muß man sich die
3443 4752 4083 4871 (Alle ab. Kurze Pause.)
86 4756 1707 4900 Seele aus dem Leib schreien.ix. Das Zimmer ist vergeben.
1793 4769 2097 4867 führung...
1888 4810 3373 4929 Iwan Matwejitsch. Genau wie Sie sagen,
94 4851 1650 4937 Den Ofen heizen, Jalousien herunter, die Betten richten
1773 4879 3365 5027 Mütterchen. Barrikaden. Hab' sie mit meinen eignen Augen
217 4908 1703 5027 Dimka (deutet hinter sich, auf Iwan Matwejitsch, den
3755 4916 4703 5044 Nadinsky und Lukardis.
1773 4974 3353 5068 gesehen. Solch eine Barrikade, das ist ein Ding... erf
90 4933 1707 5076 Isprawnik). Väterchen Kommissar wartet schon ewige Zeit
3443 5011 5031 5134 Jemand, der unsichtbar bleibt, hat sie bis an die Tür geführt
1769 5044 3373 5126 reißen sie das Pflaster auf und schichten die Steine über¬
90 5068 1695 5191 im Bureau. (Zum Ofen, kniet nieder, setzt Späne in Brand.)
3439 5097 5039 5199 Nadinsky im Pelz, mit weichem Hut, dessen Krempe Stirn und
1752 5093 3365 5208 einander, eine gemeingefährliche und hochverräterische
3439 5154 5044 5261 Augen verdeckt. Er geht mühsam zu einem der Fauteuils, in den
1761 5163 3361 5265 Handlung also, dann schleppen sie Balken. Leitern, Körbe
222 5163 1703 5306 Olga Petrowna. Entschuldigen Sie mich, Iwan
3427 5224 5031 5314 er erschöpft hineinfällt. Lukardis starrt ihn wortlos ersprocken
1752 5224 3361 5327 Säcke herbei, kümmern sich hiebei nicht um die behördlichen
90 5261 1420 5384 Matwejitsch. heute hab’ ich alle Hände voll zu tun.
3423 5290 5031 5372 an. Dann gleitet ihr Blick furchtsam durch das Zimmer. Auch
1744 5298 5031 5450 Vorschriften, und so steht das auf einmal da, was sie Barri¬
209 5425 1695 5528 Ein hochgewachsener, ganzengerer Mensch. Quadrat-
1769 5446 3369 5552 Eigensinn mit Augen zu erkennen, an seinem Gesicht, an
86 5483 1707 5598 schädel, dem das kurzgeschorene, dunkle Haar tief die niedere
3558 5487 5039 5589 „Wenn Sie wirklich fest und unbedingt entschlossen
1769 5515 3361 5618 seinen Bewegungen, an seinem Schritt, an feinem Dasitzen
3427 5524 5027 5647 sind“, sagte ich, und seine Augen riefen: „Fest entschlossen“
90 5565 1691 5659 Stirn umsäumte. Ein eiserner Kopf. Und das dürre, ab
1756 5589 3361 5692 Jetzt war dieser Eigensinn zu hören aus dem Inhalt wie aus
3427 5626 5031 5737 „wenn Sie nur an die Befreiung der Prinzessin denken und
90 5634 1691 5729 gezehrte Gesicht eines Fanatoders. dunkle, brennende Augen
1765 5655 3353 5749 dem Klang seiner Worte. Mochten die Leute immer sagen, e
3427 5688 5031 5786 an nichts anderes...“, seine Augen schrien: „An nicht=
82 5708 1703 5807 ein Mund, dessen dünne Lippen sich fest auseinanderpreßten
1756 5721 3357 5811 sei so eigensinnig wie ein Steinesel oder wieein Büffel
3439 5758 5031 5860 anderes!" „dann sind Sie stärker als alle Wächter der
205 5766 1711 5885 Das konnte auf den ersten Blick ebenso ein Lamp wie
1756 5794 3365 5885 Möglich, daß er etwas von einem Esel an sich hatte, meinet¬
3423 5811 5044 5918 Prinzessin“, setzte ich ihm abseinander. „Jeder Wächter, von
86 5803 599 5918 ein Märtyrer sein.
1761 5860 3361 5950 wegen auch von einem Büffel, aber es gab kaum noch den
213 5848 1691 5987 Die verwunderte Frage, warum er zu so später Nacht
3427 5877 5031 5979 Professor Pierson angefangen bis zum Torhüter, hat seine
1752 5914 3361 6049 leisesten Zweifel mehr für mich, dieser Mann war weder ein
3418 5934 5035 6045 eigenen Angelegenheiten, seine Wünsche, Sorgen und
90 5942 1691 6090 stunde komme, erledigte er mit den Worten: „Ich bin ent¬
1761 5991 3111 6078 Lump noch ein Verbrecher, sondern ein Märtyrer.
3418 6012 5031 6119 Freuden, zwischendurch gibt er acht, daß die Prinzessin Luise
82 6024 1691 6131 lassener Zuchthäusler, kann nicht bei Tag...“ Er schwieg
1888 6037 3365 6160 Unvermittelt stieß er die Worte hervor: „Glauben Sie
3427 6090 5044 6184 nicht entwischt oder nicht entführt wird. Sie alle haben Eifer,
226 6094 1691 6180 Ganz schlicht hatte er das gesagt in seinem kroatisch
1744 6123 5044 6258 daß ich kann... das Prinzelsin befreien?“ Dabei hatte er | Wachsamkeit, Pflichtgefühl — aber zwischendurch. Nur Sie
86 6110 1695 6262 ungarisch gebrochenen Teutsch, wie man etwas Selbswerständ¬
1756 6180 3336 6295 Angst in den Augen. Als ich wie unter einem Zwang „Ja
3418 6225 5031 6320 allein denken an nichts anderes, wollen nicht anderess,
78 6225 1683 6340 liches ausspricht. Ohne Komödie. Ein Unterton der Verbitte
1761 6250 3176 6344 sagte, schlug er die Hände vors Gesicht und schluchzte.
3410 6275 5027 6377 können durch nichts, durch keine Sorge, duch keine Freude
90 6287 751 6410 rung klang freilich mit.
1896 6320 3353 6422 Das brach plötzlich in ihm aus. Ein trockenes Schluchzen
3427 6353 5027 6439 von Ihrem Entschluß abgelenkt werden. Sie sind wie ein ab¬
217 6316 1695 6455 Er fing nicht an, von sich zu erzählen, wich jeder Frage
1761 6373 3365 6484 das seine Schultern, seine Brust, ja seinen ganzen Körper
3431 6418 5031 6517 geschossenes Projektil aus seiner Flugbahn zum Ziel. Sie
78 6418 1699 6513 die seinen Fall berührte, absichtlich aus. Mit einer zitternden
1761 6459 3373 6554 mit den Zuckungen eines Krampfes schüttelte. Dazu ein
3418 6484 5035 6603 werden Ihr Ziel vermutlich erreichen, denn Sie sind sehr
90 6492 1707 6582 stockenden Stimme, in der sich ein Sturm von Erregung und
1761 6521 3115 6619 Stöhnen, das nun nicht mehr zurückzudrängen war.
3418 6541 4490 6648 stark! Viel stärker als alle zusammen!"
78 6578 1695 6648 eine wilde Energie verrieten, begann er: „Das Prinzessin ist
1888 6591 3349 6681 So ziemlich um meine Fassung gebracht, verharrte
86 6628 1703 6722 nicht wahnsinnig! Ist ganz gesund! Wird ohne allen Grund
3533 6607 5039 6730 Er lachte nicht erfreut, er rührte sich nicht. Saß still und
1761 6628 3357 6755 ich stumm, bis er sich erholte. Tann fragte ich, warum ihn
90 6693 1691 6816 im Irrenhaus gehalten. Heißt das: Ich bin einziger Grund
3418 6685 5027 6796 grübelnd eine kleine Weile. Dann sprach er unvermittelt von
1744 6710 2622 6820 mein Ja so sehr erschüttert habe
3418 6763 5035 6870 den Demütigungen, die der Prinzessin zugefügt worden
74 6742 628 6866 daß sie muß leiden.
1875 6763 3365 6903 Er entgegnete: „Weil Sie der einzige sind, der mich
3410 6816 5019 6931 waren, von der Brutalität, mit der man sich ihrer bemäch¬
213 6808 1691 6915 Immer und immer wiederholte er diese Sätze in den
1744 6808 2470 6935 nicht auslacht oder warnt.
3402 6898 5044 7022 tigt, von den Qualen, die sie erduldet hatte und jetzt noch
74 6874 1691 7030 verschiedensten Abwandlungen. Es war dauernd dasselbe
1875 6878 3349 7046 Mit der Raschheit eines Menschen, der gelernt hat, sich
3402 6944 3829 7054 erdulden mußte
78 6964 1038 7063 was er sagte. Wie ein Monomane.
1785 6972 3365 7091 u beherrschen, fand er seine Sammlung wieder. „Schau'n
3529 6993 5039 7136 Zwei lange Stunden blieb er, wurde in seinen Schilde¬
213 7001 1687 7112 Sein Ton hatte etwas Bohrendes, enthielt bald ein
1785 7050 3349 7145 S'“, fuhr er fort, „alle Leut’, was ich frag', sagen: Sie sind
74 7083 1683 7202 flehentliches Bitten, bald ein Drohen, bald einen Anspruch
3410 7095 5031 7206 rungen immer ausführlicher, in seinen Phantasien, die er fui
1740 7120 3349 7231 ja närrisch! Oder sie sagen: Geben S' schon endlich Ruy
3402 7161 5039 7264 vom Irrenhausdasein der Prinzessin machte, immer lebendiger.
70 7141 1391 7272 der — längst fällig — endlich Erfüllung heischt
1748 7194 3353 7280 mit Prinzessin, und alle werden dann wütend und drohen:
3402 7235 5019 7333 Seine eigene Angelegenheit erwähnte er mit keinem Wort,
209 7210 1695 7350 Für sich selbst und seine eigene Sache interessierte er
1740 7243 3349 7358 Wollen S' noch einmal in Zuchthaus! Aber Sie sind der
3406 7280 5007 7403 ging über jede Frage mit einer Handbewegung hinweg
78 7284 431 7403 sich gar nicht
1744 7329 3345 7411 erste...“ Er überwand die Erschütterung, die ihn wieder
3410 7354 5052 7461 geringschätzig wie über eine Kleinigkeit, die nicht der Rede
209 7325 1683 7461 Aber ich besinne mich unterdessen, daß Mattachich
1744 7391 3357 7481 packen wollte, und drang mit der Frage in mich: „Warum?
3402 7424 5064 7530 wert sei. Die vier Jahre Zuchthaus waren ja überstanden, die
78 7432 1683 7514 eigentlich zu sechs Jahren Zuchthaus verdonnert worden war
1744 7452 2971 7547 Warum glauben S', daß ich befreien kann?“
3398 7485 5039 7633 nahm kein Herrgott mehr von ihm ab. Und er verzichtete
78 7493 1678 7580 besinne mich, daß er nach vier Jahren aufgefordert wurde, ei
1867 7502 3345 7621 Nun befand ich mich innerlich schon mehr auf der Seite
3406 7543 4502 7645 darauf, seine Unschuld noch zu beteuern.
74 7567 1691 7653 Gnadengesuch einzureichen, daß er sich geweigert hatte, dieser
1748 7571 3349 7723 der Zweifler und Werner; hätte jedoch mein Ja um keinen
3533 7612 5027 7736 Als er fortging, war ich von seiner Unschuld durch¬
74 7629 1695 7748 Aufforderung zu folgen, und daß er trotzdem, ohne darum
1748 7641 2232 7748 Preis widerrufen.
3398 7670 5019 7805 drungen. An diesem Mann hatten hochgestellte Personen, zu
66 7703 1194 7789 gebeten zu haben, begnadigt worden war.
1871 7715 2076 7805 Heftige
2060 7674 3349 7855 t, spannungsvoller wiederholte er: „Warum?
1736 7773 2072 7883 Warum?/.
3402 7768 5044 7863 einem Klüngel gesellt, ein Verbrechen verübt. Nicht an ihm
209 7764 1683 7863 In der Zeit, da ich abwartete, daß Mattachich mich be¬
3402 7822 5031 7937 allein. Dieses Verbrechen dauert an, denn eine geistig gesunde
90 7826 1678 7928 suchen werde, hatte ich das kleine Büchel gelesen, darin e
1859 7809 3345 7961 Lieber Himmel, warum hatte ich Ja gesagt? Jetzt aber
3414 7883 5019 8006 Frau wird im Irrenhaus gehalten. Ich brachte alles an die
78 7908 1683 7990 unbeholfen und ohne Pathos oder Sentimentalität sein
1740 7900 3349 8031 gab mir der Anblick seines Gesichtes wieder Mut, diese von
3402 7961 5031 8080 Oeffentlichkeit. Schrieb, nachdem ich alles dargelegt hatte:
74 7969 1683 8056 Martern im Kerker erzählt, seine Unschuld ebenso wie die
1748 7982 3336 8084 Hoffen erhellten Züge, diese Augen, die; eben vorhin noch
3398 8031 5027 8142 „Dieser Mann ist, ohne anwesend sein zu dürfen ohne Ver¬
86 8043 1691 8138 geistige Gesundheit Louisens beteuert hatte. Jetzt stand dieser
1748 8064 3349 8179 verzweifelt und erloschen, jetzt bereit schienen, voll Zuversicht
3402 8093 5023 8203 teidiger abgeurteilt und in den Kerker geworfen worden. Die
74 8109 2101 8232 Diensch in meinem Zimmer. Jetzt war sein monumentaler aufzublitzen.
2196 8142 3086 8273 11 „ „ —„
3156 8179 5023 8335 einzige Zeugin, die Auskunft geben konnte, wurde nicht ge¬
