5572 8808
4469 156 4817 283 Nr. 24168
3367 188 3965 303 25. Dezember 1931
1860 197 2781 311 Neue Freie Presse
811 197 1249 324 Wien. Freitag
115 205 295 315 34
3318 315 4944 438 uns gemacht. Meine Tat: Meine Tat fällt von mir ab wie
0 356 1606 451 das Herz liegt mir wie ein Stein in der Brust. (Küßt Lukar-
1659 369 3265 451 gepflegt, zum Leben überredet, ist mit den Leuten von der
3318 397 4944 516 die Frucht vom Baum, wenn ihn der Wind schüttelt. Ich
0 434 1327 516 dis auf die Stirn und beide Wangen.) Leb' wohl
1659 442 3252 520 „Iskra“ wegen des Auslandpasses in Verbindung getreten
3326 467 4539 578 spür s. Ich spür's. Gehört sie dann noch mir?
1667 504 3261 594 hat alles für mich durchgesetzt. Dabei hat sie nie zuvor einen
0 487 1606 627 (Der Vorhang fällt, um nach wenigen Sekunden wieder auf
3445 504 4948 680 Lukardis. So könnte auch ein Mörder sprechen und
1659 561 3273 639 Revolutionär nur mit Augen gesehen. Was ist in sie
688 582 954 688 zugehen.)
3326 614 3826 717 wäre außer Schuld
1671 627 3277 721 gefahren? Sieht aus wie eine Kleinbürgerin und benimmt
3445 614 4940 758 Nadinsky. Wahr. Aber wer kann sagen, ob wir
1671 700 2392 799 sich wie eine Luise Michel.
12 692 1606 799 Die grelle Beleuchtung ist abgestellt. Der Mittelleuchter brenn=
3318 733 4956 832 die Mörder nicht zu Unrecht verurteilen? Wie eines Mörders
1798 717 3269 844 Lukardis. Es ist wahr, sie hat nie derartige
12 786 1618 852 nicht mehr, statt seiner brennen zwei Lampen links und rechts
3318 811 4322 922 Anklage aussicht, bevor er mordet?
1671 799 3265 926 Neigungen gezeigt. Wir nannten sie die Aengstliche. Niemand
20 840 1614 909 vom Konsolspiegel, eine Lampe auf dem Tisch und die Nacht¬
3437 844 4940 954 Lukardis. Dagegen sträubt sich alles in mir. Damit
1671 893 2908 991 konnte sich so vor der Polizei fürchten wie sie.
20 905 1540 987 lampe im Alkoven. Nadinsky liegt im Pyjama auf dem S
3326 942 4956 1028 verfinstern Sie mir die Welt. Sie werden doch nicht be¬
25 967 1540 1049 Die offene Jacke läßt ein Stück des Verbandes sehen. W
1790 942 3252 1036 Nadinsky die Apathie verläßt ihn allmählich, auc=
1679 991 4952 1139 seine Gestern werden lebhafter; es wirkt wie Austrieb des haupten, daß Sie ohne zwingenden Grund zu den anderen
29 1020 1622 1090 später Igor auftritt, schließt er eilig die Knöpfe der Jacke.
25 1086 1618 1155 Lukardis steht im Limono und in Schlafpantoffeln in der Mitte
1671 1081 3277 1167 Fiebers). Schen Sie, der Funke hat gezündet. Das erlebt
3326 1077 3887 1180 übergegangen sind?
3461 1086 4961 1225 Nadinsky (sichtlich aufgewühlt). Und wenn ich’s
20 1143 1606 1221 der Bühne, ihre Haare sind aufgelöst. Mit vorgebeugtem Kop
1671 1151 3265 1233 man jetzt oft. Solche verbrennen dann alles um sich her
3330 1184 4952 1282 doch behaupte? Ich weiß ihn nicht, den Grund. Ich kenn
12 1196 1618 1278 lauscht sie hang auf die Geräusche des Hauses. Wie am Anfang
1679 1217 3265 1303 Jeden Menschen, den sie brauchen, wersen sie in den Ofen
12 1262 1606 1335 vernimmt man wieder das mechanische Klavier, ferner das Ge
3338 1266 4956 1352 ihn nicht. Keine Ahnung. Vielleicht die Luft. So wie man
1688 1282 3265 1360 ihrer Idee, und dort verbrennt er. Fester Blick au
25 1319 1630 1397 schnatter einer Frau und zwischendurch die rohe Lachsalve eines
3338 1327 4961 1434 Cholera bekommt. Ein Anfall von Verrücktheit vielleicht.
1688 1348 3281 1425 Lukardis.) Sie tun mir leid. Lukardis. Warum wollen Sie
20 1372 1618 1479 Mannes. Dann eine widerlich keisende Stimme vom Flur
3326 1409 4625 1520 Ich weiß es nicht. Auf einmal war's geschehen.
1667 1409 3265 1503 im Ofen irgendeiner Idee verbrennen? Was haben Sie
659 1442 1004 1536 Igor! Igor!
3449 1438 4965 1577 Luhardis. Das sagen Sie nur, um mich zu täuschen.
1688 1483 3265 1565 damit zu schaffen? Kaum noch hat Ihre Jugend angefangen
131 1466 1630 1618 Nadinsky (vor sich hindämmernd). Ich will auf-
1688 1552 3904 1647 zu blühen Anastasia Karlowna hat mir erzählt. Sie spielen
25 1577 1626 1692 stehen. Ich möchte fort. Ich machte weg aus dem Haus...
1671 1626 3142 1700 noch mit Puppen... Sie erröten, also ist es wahr...
3457 1593 4952 1720 Nadinsky (brütend). Der Mensch und seine Hand¬
37 1663 938 1765 (macht Anstalten, sich zu erheben)
1802 1704 4821 1757 Lukardis. Wie hochmütig ihr alle seid. Auch Sie... langen sind zweierlei Dinge. Tun, immer tun..
152 1692 1626 1827 Lukardis (erschrocken). Nicht. Nicht. Liegen bleiben
1671 1761 3285 1843 Was soll ich da sagen. Wenn man jung ist, lebt man in einem
3330 1757 4977 1839 Tummüssen ist eine ansteckende Krankheit. (Wieder wie
12 1778 1630 1852 doch... Jeden Moment kann der schreckliche Mensch wieder¬
1688 1823 3285 1946 Gefängnis... Man kann die Welt nur träumen, aber in
3330 1819 4875 1921 delirierend.) Geh fort, Natascha. Auch du bist angesteckt.
29 1847 1614 1958 kommen. Er muß doch das Essen bringen, muß den Tisch
1679 1880 2785 1983 dem Traum ist sie wahrer, als ihr denkt.
3465 1880 4977 2024 Lukardis (befremdet). Warum nennen Sie mich
12 1921 254 2019 decken.
1802 1909 3285 2052 Nadinsky. Und doch, man darf das eigene Leben
3338 1958 3625 2081 Natascha?
152 1933 1614 2085 Nadinsky. Wird noch lang dauern. Hat Zeit
1671 2024 3273 2114 nicht in seinen äußersten Kontrast stürzen. Da steht man
3465 1999 4961 2134 Nadinsky. Bist du nicht Natascha? Bist ihr jeden=
29 2024 647 2151 Dahier hat man Zeit.
1684 2105 3289 2191 plötzlich vor dem Nichts. Wie ich. Fliehen Sie, Lukardis. So
3343 2105 4961 2196 falls ähnlich. Ja, bei Gott. Ich hatte eine Schwester. Sie
156 2081 1081 2204 Lukardis. Bitte liegenbleiben.
1696 2171 3289 2245 schnell Sie Ihre Füße tragen. Noch ist es Zeit. Ich erfinde
3343 2187 4977 2273 war meine vertrauteste Freundin. Sie hat mich empfinden
143 2155 1639 2269 Nadinsky (der Stimme auf dem Flur lauschend).
1700 2237 4965 2327 schon eine Ausrede für mein Alleinsein. Hundert Rubel, und denken gelehrt. Bruder und Schwester, die gehören oft
25 2241 1630 2323 Igor... ja, so heißt er. Haben Sie sich sein Gesicht an¬
1696 2314 3289 2388 zweihundert Rubel, was kann eine Ausrede hier kosten
3355 2302 4969 2396 so wenig zusammen, als sei jedes von einer anderen Rasse,
25 2323 1630 2400 gesehen? Ich kann mir auf einmal keine Gesichter mehr
1688 2372 3289 2441 Keine Minute länger dürfen Sie bleiben. Es war eine
25 2376 1630 2462 merken... aber das... Als ich ihm die zehn Rubel in die
3338 2372 4965 2462 manchmal aber ist es wie ein Irrtum der Natur, daß sie
1696 2433 3293 2540 Niedertracht von mir, ein Narrenstreich von Anastasia
3347 2454 4973 2527 zwei sind, und sie gleicht den Fehler aus durch die Nähe der
29 2450 1524 2523 Hand drückte, sah er aus wie ein gekrümmter Leichnam.
1684 2482 2572 2605 Martow. Gehen Sie. Gehn Sie.
3343 2507 4977 2613 Beziehung. Eigentlich gab es für mich kein anderes weib¬
152 2486 1643 2581 Lukardis. Was für Menschen mögen das sein
1815 2552 3302 2667 Lukardis. Ach... gehen Sie... sehr einfach
25 2548 1630 2671 ringsherum... wieviel Stimmen man hört... Und diese
3359 2564 4879 2658 liches Wesen als sie. Jede Frau maß ich mit ihrem Maß.
1692 2630 3289 2724 syricht sich das aus. Jewgen Pawlowitsch. Warum beleidiger
29 2646 365 2736 Musik
3367 2638 4973 2773 (Zwei Stimmen gröhlen das Stenka=Rassin=Lied. Er macht eine
1684 2720 3285 2790 Sie mich? Wollen Sie, daß ich mich verachten soll? Daß ick
143 2654 1639 2790 Nadinsky (immer ein wenig wie delierend). Wär=
3760 2720 4555 2822 gequält abwehrende Bewegung.)
1688 2773 3306 2851 mein Wort brechen soll? Daß ich mich zum Spott dieser
25 2761 1643 2851 die eine Kugel einen Zentometer mehr rechts gegangen
3478 2765 4989 2896 Lukardis (näher). Und... wo ist sie, Ihre
25 2839 1630 2925 braucht ich nicht hier zu liegen. It is a special providence in
1684 2843 3289 2941 Frau mache, die mehr Mut besitzt als die meisten Männer
3355 2831 3650 2945 Natascha?
25 2900 1303 2990 the fall of a spatrow, heißt es im Shakespeare
1827 2917 3277 3007 Nadinsky. Gut hat man Sie dressiert. Und ich
3474 2871 4997 3035 Nadinsky (dumpf). Sie hat sich umgebracht. Ja.
156 2937 1639 3064 Lukardis (nähert sich ihm). And of a man. Es ist
1704 2937 3293 3072 Was soll ich antworten, wenn man mich fragt: Warum has
3359 2966 3908 3080 Umgebracht. (Pause.
29 3019 1626 3125 Ihnen bestimmt, daß Sie weiterleben sollen. (Das roh
3490 3003 4518 3154 Lukardis. Ach... und warum?
1696 3044 3289 3125 du diese Seele in den Schmutz gezerrt? Ihr Vater?Ihr
29 3105 1032 3199 Gelächter; sie fährt zusammen.) Oh
3474 3109 4338 3199 Nadinsky. Weiß ich nicht.
1700 3113 2908 3224 Mutter? Ihr Verlobter? Wie alt sind Sie?
160 3158 1643 3257 Nadinsky. Passen Sie auf: sobald der Kerl mit
1827 3179 2683 3261 Lukardis. Achtzehneinhalb.
3474 3138 4989 3265 Lukardis. Sie wissen es nicht? Ist das wahr?
29 3191 1643 3318 dem Champaaner kommt, müssen wir trinken. Wegen der
1831 3207 3302 3330 Nadinsky. Ein Kind. Aber das schützt Sie nicht
3355 3232 4977 3355 Stampfendes Geräusch von oben. Der Glasluster klirrt. Schwach¬
37 3293 1639 3384 Verbesserung der Laune. (Leutnantston, Versuch zu singen.
1696 3289 3293 3404 das schützt Sie nicht. Das kann man nicht mehr wegtun aus
3879 3314 4428 3404 Töne einer Balalaika.
37 3359 1004 3457 Trinke, Liebchen, trinke schnell..
1692 3375 2966 3474 der Erinnerung. Lieben Sie Ihren Verlobten?
3490 3347 4633 3478 Nadinsky. Da oben wird getanzt..
156 3384 1639 3527 Lukardis. Sehen Sie, Jewgen Parlowitsch, jetzt
1839 3437 2757 3515 Lukardis. Ich glaube... ja
3486 3420 5002 3584 Lukardis (dringender). Ist es wahr... Sie
37 3470 856 3588 gefallen Sie mir schon besser.
1827 3465 3289 3621 Nadinsky. Er ist doch ein Mann, der Achtung ver
3355 3478 3953 3617 wissen nicht, warum?
156 3539 1651 3650 Nadinsky. Sie sprechen meinen Namen so geläufig
1692 3539 2900 3658 dient... Können Sie offen mit ihm sein?
3486 3551 4985 3703 Nadinsky (widerstrebend, von Schmerz gepackt
25 3633 1630 3740 aus... als wäre er Ihnen längst vertraut. Wie heiße
1827 3588 3302 3719 Lukardis. Er ist fünfzig Jahre alt. Seine An-
3371 3670 4989 3748 vor sich hin). Sie hat teilgenommen... Sie war ganz er¬
25 3683 377 3797 denn Sie?
1720 3687 3314 3789 schauungen sind sehr streng. Die Ehre geht ihm über alles.
3379 3728 5002 3814 füllt von diesen... Ideen... Sie lebte ganz mit dem
160 3707 1344 3834 Lukardis (mit Hast, aber fast artig).
1712 3769 3318 3867 Wenn ich ihn wiedersehe, bin ich, ihm ein Geständnis schuldig.
3367 3789 5002 3879 leidenden Volk... auf alles hatte sie verzichtet, aus alles
29 3822 1561 3904 Lukardis Stephanowna Schmost. Mein Vater ist der
1827 3838 3318 3941 Nadinsky. Und was dann geschieht, wissen Sie...
3363 3855 5002 3961 Glück und auf alle Freude... nur das eine noch... Sie
37 3887 1643 3982 admiral Schmoll. Meine Mutter, Helene Philippowna, ist
1827 3904 3093 4014 Lukardis. Ich weiß es. Es ist nicht wichtig
3371 3928 5010 4014 verstehen... eines Tages wurde sie denunziert... im
37 3965 1671 4051 eine geborne Trubetzkoi. Ich bin verlobt mit dem Senator
1823 3965 2859 4059 Nadinsky. Was ist denn wichtig?
3363 4002 4989 4092 Gefängnis dann... ein Polizeioffizier vergewaltigte sie..
25 4027 1655 4150 und Staatsrat Kussin. Er ist ein hoher Beamter in der
1839 4010 3314 4113 Lukardis. Wichtig ist, daß Sie, Jewgen Paw-
3371 4059 4989 4145 in der Nacht schnitt sie sich mit Glasscherben die Adern auf..
1708 4072 3302 4219 lowitsch, gerettet werden. Daß Sie... wie soll ich sagen..
29 4092 639 4199 politischen Abteilung.
3486 4133 4985 4227 Lukardis (erschüttert). Heiliger Gott.. ich wußt
156 4113 2613 4256 Nadinsky. Ich weiß. Wer kennt den Namen Ihrer Tat erhalten bleiben.
3379 4199 4997 4293 es ja... hab' immer gewußt, daß eure Welt erfüllt ist von
41 4195 1655 4301 Kussin nicht. Da haben wir also eine ganze Lebensgeschichte
1827 4207 3318 4330 Nadinsky (lacht krampfhaft, fast hysterisch, in
3392 4264 4248 4346 Blut und Schmerz und Tod
41 4289 1667 4371 Jetzt erinnere ich mich auch. Anastasia Karlowna nannte wir
1733 4264 3314 4379 steigender Erregung). Meine Tat... Was begreifen Si=
3502 4289 4637 4420 Nadinsky. Warum: eure Welt —?
49 4342 1655 4465 ja Ihren Namen. Seltener Name: Lukardis. Schön. Und..
1720 4367 3338 4449 davon? Hätten Sie unter anderen Umständen von ihr
3510 4395 4567 4469 Lukardis. Die Welt der Männer.
37 4403 1327 4506 diese Anastasia? Ist sie verwandt mit Ihnen?
1725 4432 3326 4514 gehört, Sie würden sie verabscheuen. Sie müßten es, sonst
3515 4436 5014 4551 Nadinsky. Glauben Sie, die Welt der Frauen
172 4481 3343 4592 Lukardis. Sie war bei uns im Hause, als ich ein könnten Sie sich in der Gesellschaft, in der Sie leben, nicht
3379 4510 3789 4616 wäre anders?
33 4539 1671 4653 Kind war. Sie hat mich erzogen. Bis zu meinem zwölften
1716 4559 3338 4666 halten. Schlecht und gut sind die launischen Lichter, die unser
3506 4551 4645 4686 Lukardis. Ja. Anders. Ganz anders.
29 4596 1139 4727 Jahr. Ich dachte, Ihnen stünde sie nah=
1716 4629 3314 4727 Geist auf die Dinge wirft. Je nach der Partei, zu der ich mich
3502 4649 5010 4760 Nadinsky (in sich hinein). Von da an hakk' ich
172 4674 1667 4772 Nadinsky. Mir? Noch vor drei Tagen hab ich sie
1720 4690 5010 4821 schlage, bin ich ein Märtyrer für die eigene oder ein Schuft / dann keine Ruhe mehr. Da las ich die Bücher und sah mir
37 4723 1671 4829 überhaupt nicht gekannt. Sie ist die Schwester von Nicolai
1720 4760 3326 4854 für die andere. Man kann die Rollen tauschen wie Hand¬
3379 4780 4997 4883 die Menschen an. Da war etwas aufgewacht in mir... ein
61 4805 1655 4895 Martow, dem berühmten Gelehrten, Mitglied der Akademie
1720 4829 3334 4916 schuhe. Die Freunde, die mich preisen, solange ich ihre An¬
3388 4854 4997 4961 fauler, blöder Schläfer... schlug die Augen auf und schämte
37 4870 1659 4969 Sie führt ihm die Wirtschaft. Martow hat mich großmütig
1720 4899 3330 4985 sichten teile, werden mich mit ihrem Haß bespunken, wenn
3388 4924 5014 5006 sich... begriff nicht, daß einer schlafen kann, statt vor
49 4936 1671 5030 bei sich aufgenommen. Der Professor, der mich operierte, hat
1720 4973 3326 5051 ich nicht mehr ihrer Meinung bin. Und bin doch genau der¬
3396 4977 5014 5088 Angst und Zorn und Bitterkeit alles um sich herum zu Brei
49 5006 1692 5096 ihn dazu bestimmt. Und sie hat mich gepflegt. Mehr als
1720 5026 4997 5149 selbe Mensch, nachher wie vorher. Das hat die Politik aus zu zerstampfen.. und ein anderer war da, der hatte keinen
184 5149 3347 5255 Tann sind wir so weit. Mattachich ist wieder da, um sich monomanisch besessen. Jeder andere, an den er sich gewendet
3506 5194 5002 5288 Die beiden warteten, bis es Mitternacht war. Alles
53 5223 1667 5309 zu verabschieden. Nun die Entscheidung unmittelbar bevor¬
1725 5243 3326 5329 hatte — und er hätte nicht geruht, bis er den anderen fand
3404 5223 5002 5387 schlief im Hotel. Mattachich zog seine Schuhe aus und schlich
61 5296 1671 5370 steht, hat er seine ganze Energie beisammen. Er ist bis zum
1765 5313 3326 5407 — jeder andere mußte ihm den gleichen oder einen sehr
3392 5333 4907 5440 in Strümpfen, „auf unhörbaren Sohlen" zur Prinzessin.
49 5354 1655 5448 Explodieren damit geladen. Dabei bewahrt et äußerliche
1720 5354 2417 5468 ähnlichen Plan entwersen.
3523 5382 4989 5489 Sie hatte im ersten Stock, am Ende eines langen Kor
53 5419 1679 5509 steinerne Ruhe. Aber jedes seiner Worte vibriert leise und
1864 5428 3343 5559 Endlich, endlich die Abendblätter. Große Schlagzeilen:
3392 5423 5014 5567 ridors das allerletzte Zimmer. Ticht nebenan, Tür an Tür,
53 5493 2908 5604 zeigt jedem, der diesen Mann kennt, den Zustand an, in dem: I „Flucht der Prinzessin Louise von Koburg.
3408 5522 5010 5628 schlief ihre Hofdame, die in Wahrheit ihte wachsamste Hüterin
45 5571 1581 5653 er sich befindet. Glücklicherweise kennt ihn fast niemand.
1852 5546 3343 5694 Am Morgen nacher in allen Blättern Sympathie für
3404 5604 5010 5694 war. Auf der anderen Seite des Korridors, gerade dem
180 5620 1671 5710 Er hat sich Gift verschafft und spricht davon: „Dieses
1745 5616 2359 5735 Louise und Mattachich
3404 5657 5018 5772 Zimmer der Prinzessin gegenüber, saß in einem Stübchen,
61 5677 1679 5780 Gift wirkt im Augenblick! Faßt man uns — dann lieber
1852 5681 3343 5792 Ferner in allen Blättern: Es ist unbekannt, wohin die
3388 5735 5014 5858 bei geöffneter Tür, Nacht für Nacht ein Kriminalbeamter
74 5751 1684 5870 sterben — als noch einmal der infamen Bande in die Hände
1737 5755 3338 5899 Flüchtlinge sich gewendet haben. Unbekannt, wo sie sich
3392 5788 3867 5895 und hielt Wache.
86 5821 315 5919 geraten!
1729 5837 2007 5944 aufhalten.
3535 5813 5010 5968 Plötzlich erschien Mattachich Der Schlastrunkene hatte
197 5849 1675 5993 Wir verabreden, er-soll, wenn die Flucht gelingt, mit
1868 5907 3330 6005 „Vergnügt packe ich meinen Koffer und fahre nach Paris
3416 5915 4887 6034 ihn nicht kommen gehört und blickte entsetzt zu ihm auf.
78 5956 1675 6054 dem Wagen zunächst nach Hof in Bayern fahren, dort der
1852 5989 3347 6075 Die Flucht aus dem Hotel in Bad Elster ist nicht bloß
3527 5960 5018 6112 Mattachich hatte in der linken Hand einen Tausend¬
70 6030 1688 6132 Nachtzog nach Berlin benützen. In Berlin wird man weder
1733 6038 3347 6136 ein tollkühnes Wagnis zweier Liebenden, zweien Verzweifelten
3412 6042 4625 6153 markschein, in der anderen einen Totschläger.
74 6103 1679 6198 ihn noch Louise suchen. Wird sie auch kaum verfolgen. Denn
1749 6116 3351 6230 gewesen. In ihrem Verlauf war sie Tragödie und Posse, war
3535 6116 5030 6243 „Da bin ich!“ redete er leise den Verblüfften an. „ich,
78 6165 1679 6259 Wilhelm II. ist gegen Philipp von Koburg nicht gut ge¬
1733 6181 2937 6300 Charakterbild und Kriminalkomödie zugleich.
3408 6169 5018 6316 der Mattachich! Was is Ihnen lieber? Wollen S' die tausend
90 6234 1671 6329 stimmt. Einige Tage der Ruhe werden den Flüchtlinger
1880 6222 3338 6341 Ein Parterrezimmer, mit Veranda und Ausgang in der
3396 6251 4920 6345 Mark oder soll ich Ihnen eins auf den Schädel hauen?“
86 6308 1692 6435 Erholung sein. Dann im Auto nach Köln und von Köhn im
1749 6308 3330 6415 Garten, bewohnte der Wiener Gastwirt Waitzer als Ver
3531 6333 4997 6456 Der Wackere zog es vor, die tausend Mark zu akzep
86 6370 627 6476 Expreß nach Paris.
1749 6386 3322 6480 trauensmann. Er hatte einmal das Hotel auf dem Kahlen
3408 6390 4813 6501 tieren. Tamit war diese Schwierigkeit glatt behoben
205 6431 516 6529 Abgemacht.
1745 6456 3343 6554 berg geleitet und hatte zuletzt ein Wirtshaus in Floridsdorf
3531 6464 5038 6611 Jetzt betritt Mattachich das Zimmer der Prinzessin, die
205 6464 1679 6587 Beim Weggehen sagt er: „Uebermorgen wissen Sie
1745 6521 3343 6620 betrieben. Waitzer war ein echter Wiener Bierwirt. Klein
3408 6505 4367 6632 fix und fertig angezogen bereitstand.
86 6550 1679 6665 schon aus den Abendblättern, ob wir tot sind oder frei." Er
1745 6587 3355 6673 sehr dick, sehr blind, Feldwebelschnurrbart. So zerfließend
3523 6607 5030 6718 Von diesem Wiedersehen nach so langen Jahren und
78 6644 1696 6730 sagt das wie etwas Nebensächliches. Und er fügt hinzu:
1757 6669 3355 6751 gemütlich, daß man dachte, er sei nicht imstande, einen Hund
3408 6673 5026 6787 nach solch einer Trennung verlautet nichts. Man mag sich's
78 6718 1692 6800 „Sind wir frei, hol' ich Sie in Paris aus dem Grand Hotel,
1745 6738 3351 6812 vom Ofen zu locken. So heiter, daß ihm niemand zugemutet
3416 6755 5026 6857 ausmalen wie man will. Doch es bleibt auch zu bedenken,
74 6783 1696 6861 nicht wahr?“ Auch das, wie man irgendein gleichgültiges
1745 6800 3351 6890 hätte, er sei fähig, einen ernsten Gedanken festzuhalten. Seine
3404 6804 5022 6919 wie wenig Zeit die beiden hatten und wie gefährlich ihre
74 6845 1700 6972 Stelldichein vereinbart. Aber sein Händedruck] ist stärker
1757 6861 3351 6955 Stimme hatte trotz chronischem alten Bier= und Raucher¬
3404 6890 5030 6992 Situation war. Das kleinste Geräusch war imstande, die
74 6910 381 7017 als sonst.
1757 6923 3359 7029 katarrh doch das Schnalzende und Schmalzige der Natur¬
3404 6939 5026 7054 „Hofdame“ im Nebenzimmer zu wecken. Das hätte Alarm
193 6947 1692 7070 In der folgenden Nacht läßt mich begreiflicherweise
1753 6992 3355 7107 sänger vom „Heurigen“. Was er sprach, klang bieder, treu¬
3408 7021 5026 7132 und der Alarm hätte für beide ein rasches Sterben bedeutet
74 6996 1696 7132 Nervosität nicht schlafen. Wird es gelingen? Wird nicht ein
1757 7062 3351 7152 herzig, weltfremd ehrlich. Aber in seinen vergnügten, feucht=
3535 7095 5034 7234 Die Prinzessin gelangte mit Mattachich glücklich in das
78 7115 1684 7201 Zufall, irgendein kleiner, unvorhergesehener Zufall alles ver
1757 7127 3355 7230 schimmernden Aeuglein sunkelte doch immer List und Ver¬
3424 7132 3994 7283 Parterre, zu Waitzer.
78 7185 1679 7283 eiteln? Wird Mattachich keine Voreiligkeit, keine Unvor
1761 7193 2073 7300 schlagenheit
3539 7222 5030 7361 Der drängte zu sofortiger Flucht. Draußen, etwa fünfzig
90 7238 627 7340 sichtigkeit begehen?
1876 7234 3351 7353 Eingenistet im Hotel, eine Etage nur unter den Zimmern
3416 7295 5026 7418 Schritt vom Hotel entfernt, wartete die Kalesche. Waitzer
217 7271 1692 7410 Um zwei Uhr morgens schaue ich nach der Uhr. Jetzt ist
1745 7320 3343 7422 der Louise von Koburg, von keinem Menschen beachtet oder
3416 7369 5055 7496 mahnte: „Alsdern schnell zum Wagen!" Jeder wird ihn
78 7386 1602 7463 alles entschieden! Jetzt sind sie tot oder auf der Flucht!
1757 7402 3351 7492 gar beargwöhnt, ging Waitzer dreist und gottesfürchtig an
3416 7451 5063 7586 verstehen. Aber nur sehr wenige gibt es, die das Verhalten
1757 7463 3355 7562 seine Arbeit. Er gewann die Kellner, die ihn kannten oder
205 7447 1696 7541 Zwei Menschenleben standen während der letzten beiden
3416 7504 4440 7619 der Prinzessin ganz begreifen werden.
86 7496 1708 7615 Stunden auf dem Spiel. Zwei Menschen, die unendlich viel
1765 7541 3351 7623 ihm, der doch selber Hotelier war, gern zu Diensten standen
74 7599 1122 7689 ertragen, unendlich viel gelitten haben.
3547 7562 5042 7717 Luise nahm von dem kleinen, dicken Gastwirt, der jetzt
1757 7594 3351 7689 Durch diese Kellner, die oft, die fast immer schlaue und ver=
217 7656 1163 7754 Warten, bis gegen Mittag warten
3416 7648 5038 7787 in seiner Aufregung beim Sprechen noch mehr als sonst
1757 7660 3355 7758 schwiegene Menschen sind, erreichte er Verbindung mit der
205 7676 1700 7807 Gewissensbisse wollen sich regen. Wozu der Rat? Wozw
1761 7742 3355 7824 Prinzessin, ließ ihr Zettelchen zustecken, in denen er sie von
3416 7730 4317 7836 röchelte, nicht die geringste Notiz
86 7775 1708 7865 der Plan? Er hätte seine unbeholfenen Versuche immer
1757 7795 3359 7889 dem ganzen Plan unterrichtete und ihr Instruktionen erteilte
3547 7775 5042 7934 Sie wandte sich zu Mattachich und befahl: „Herr Graf
90 7857 1696 7934 wieder und wieder erneuert, er wäre nie von selbst auf dieser
1888 7865 3367 7967 Am Abend der Entscheidung traf Mattachich ein. Er
3506 7865 4227 7984 holen Sie meinen Koffer!
86 7934 1700 8016 genauen, geduldig auszuführenden Plan verfallen, den ick
1761 7918 3375 8025 begegnete Waitzer, als es schon völlig dunkel war, an einem
3539 7934 5038 8061 Blindlings gehorchte Mattachich, ging wieder leise die
1761 8008 3355 8094 vorher bestimmten Platz und ging mit ihm durch den Hotel
107 8004 1712 8086 jetzt schon halb und halb bereue, und die beiden wären nie
3412 8012 5038 8143 Treppe hinauf, wieder den Korridor entlang und kam nach
98 8070 1700 8156 in so furchtbare Lebensgefahr gestürzt. Ich beruhige mich
1765 8082 3371 8188 garten, über die Veranda direkt in Waitzers Zimmer. Keine
3424 8098 5042 8221 einer Weile, die Herrn Waitzer ewig zu dauern schien, mit
86 8123 2404 8217 mühsam: Er war nicht abzuhalten, war von seinem Vorsatz
3416 8156 4932 8291 dem Kriminalbeamten zurück, der den Koffer schlepyte.
