5764 8952
162 178 620 410 Nr. 24103
901 243 1387 372 Wien, Freitag
2023 237 2951 378 Neue Freie Presse
3501 248 4122 383 26. Dezember 1931
4726 270 4931 432 35
151 388 1764 496 Mut und keinen Glauben, der leugnete seine Mitschuld mit
1937 410 3415 507 Lukardis. Und man muß auch fähig sein, den Geist
3588 421 5066 540 Nadinsky. Man sollte denken, daß der Preis, den
135 464 3410 583 wollte nicht hören und nicht sehen, weil doch alles so bequem auf etwas zu richten, was noch nicht Wirklichkeit ist, und
3453 469 4985 604 ich zahle, uns auch gegen Zudringlichkeit zu schützen hat.
146 534 2606 626 war... und das ging so und going so, bis..ja, bis es eben
3593 550 5071 637 Olga Petrowna (unverwundbar, süßlich). Die
146 604 1764 696 nicht mehr weiter ging und einem das bequeme Leben, das
1937 620 5061 701 Nadinsky Auch das. Es klopft heftig. Lukardis / Neutralität meiner Person gibt mir ein kleines Ausnahme¬
146 669 3437 804 Lügenleben, wie Arsenik in den Eingeweiden fraß und man | wartet noch einen Moment, bis die Tür vonogor aufgerissen
3469 696 5061 804 recht. Immerhin habe ich eine Erziehung genossen, die sich
146 734 3307 858 immer Natascha vor sich sah, mit den aufgeschnittenen Adern, wird, dann springt sie auf und länft gegen den Alkoven
3469 766 4284 869 nicht verleugnet, wie ich hoffe.
129 809 1775 901 von einer Bestie zertreten... und Natascha einen rief, als
1937 831 3172 944 Nadinsky (nicht befriedigt). Das war gnt.
3588 793 5066 923 Nadinsky (kann sich nur mit Mühe beherrschen)
129 874 1775 982 wär's die Stimme von allem Volk... (kann nicht weiter)
3469 858 4445 1009 Haben Sie ein Anliegen, Madame?
281 944 1770 1020 Lukardis (zaghaft, ganz hingenommen). Können
3604 923 5061 1041 Olga Petrowna. Nur ein menschenfreundliches
151 982 1775 1090 Sie sich nicht vorstellen, Jewgen Pawlowitsch, daß ich ein
1910 976 3420 1101 Igor, der Aufwärter (in der linken hocherhobenen
3474 1014 5093 1133 Wenn Sie den Arzt benötigen sollten, wegen einer Verletzung
146 1068 1775 1160 wenig, ein ganz klein wenig Natascha für Sie sein kann?
1818 1068 3415 1171 Hand eine umfangreiche Platte, auf der sich in gedeckten
3474 1111 4667 1198 etwa, lassen Sie es mich durch Igor wissen.
151 1138 1764 1252 Ich weiß wohl, nicht jedes Mädchen kann Schwester sein..
1818 1149 3410 1257 Silberschüsseln die bestellten Speisen, Teller, Besteck usw
3609 1171 4305 1246 Nadinsky (sprachlos).
281 1208 1775 1300 Nadinsky (hat sich gefaßt). Kein Mensch kann für
1818 1208 3431 1306 befinden. Hinter ihm Timka, die den Eiskübel mit dem
3598 1192 5077 1338 Lukardis (macht einen Schritt nach vorn, dann wie
129 1246 1775 1381 einen anderen stehen. Niemals würde Natascha billigen, was
1813 1273 3415 1381 Champagner trägt. Die Art, wie Jgor die Platte balanciert
3480 1268 3744 1403 gelähmt)
151 1338 1770 1430 Sie tun. Sie haben sich gebunden, ohne zu wissen, an wen
1818 1365 3431 1440 auf ein Seitentischchen ablegt, den Mitteltisch deckt, hat etwas
4289 1316 5093 1457 Vieljährige Erfahrung mit
3598 1333 4240 1457 Olga Petrowna.
135 1413 1764 1494 ohne recht zu ermessen, wofür, das bindet mich doppelt
1829 1430 3426 1511 von der prahlerischen Oirtuosität, mit der sich ein Clown
3485 1419 5077 1505 Gästen befähigt mich, meine Beobachtungen auf alles aus-
135 1473 1780 1565 Enthusiasmus ist etwas Herrliches, wenn er einer Person gilt.
1818 1484 5077 1570 produziert. Er ist untersetzt, kurzhalsig und wirkt in seiner zudehnen, was den Interessenkreis meines Hauses berührt
151 1538 1764 1629 für die es der Mühe wert ist, sich zu opfern. An mir ist ver¬
1840 1559 3431 1656 Phantasielivree mit den silbernen Knöpfen und den obligaten
3480 1559 5066 1672 Mein Blick ist untrüglich. Der Verband unter Ihrem Schlaf
151 1597 1770 1689 dammt wenig gelegen. Sie bürden mir eine Schuld auf, die
1840 1629 3415 1721 Filzpantoffeln durchaus gespenstisch). Bitte um Vergebung
3480 1635 4392 1737 anzug konnte mir nicht entgehen.
135 1662 1764 1807 ich nicht bezahlen kann, Lukardis. Ich habe die Mittel nicht
1834 1689 3426 1780 (Feixt.) Zu stören war nicht die Absicht. (Aufdeckend.
3609 1656 5087 1797 Nadinsky (heiser). Doch nur mit Hilfe von
135 1737 944 1850 dazu. Der Preis ist zu hoch.
1834 1764 3431 1840 Potage à la reine. Beluga=Kaviar. Die Toasts. Cotelettes
3485 1753 3857 1877 Spionage...
1829 1818 3415 1910 fines herbes. Salade concombre. Purée de pommes. Kä
3604 1802 5071 1926 Olga Petrowna (geht darüber hinweg). Ich ver¬
1818 1899 3415 1985 und Dessert. Champagner göut américain. Sehr zu emp
3491 1877 5077 1980 mute, der Herr ist blessiert. Ein Duell, nehme ich an. Ich
1376 1942 1775 2045 Auch ich haben
1834 1953 3410 2045 fehlen. Unsere Hausmarke. Findet den Beifall aller Herr
3485 1969 5082 2066 darf es auch aus der Miene und dem Aussehen der jungen
1829 2023 3420 2104 schaften, die bei uns verkehren, Fürsten, Barone, Exzellenzen
3501 2029 3901 2142 Frau schließen.
1834 2099 3426 2169 (Läßt den Pfropfen knallen.) Springt bis an die Decke
3609 2050 5093 2196 Nadinsky (dem ein Stein vom Herzen fällt). Sie
3491 2147 4618 2266 sind nicht weit von der Wahrheit entfernt.
3615 2207 5093 2325 Olga Petrowna (maliziös). Ich hoffe auch die
3496 2282 5071 2395 kleine Streche zurückzulegen, die mich noch von ihr trennt
3491 2379 5087 2460 Besser, man hilft mir freiwillig, als man läßt sich von
3491 2444 5082 2519 Resultat überraschen. Ich gehe selten fehl. Wer sich mir an
3491 2514 5093 2584 vertraut, ist meines Beistandes gewiß. Eine Hand wäscht die
3491 2579 5087 2665 andere. Ich will damit sagen... ich meine, in einem Fall
3491 2644 5093 2730 wo ich auf das Eingreifen der Militärbehörde (mit drohendem
3501 2714 5087 2816 Nachdruck auf dem Wort) gefaßt sein muß, vielleicht sogar
3496 2778 5098 2865 der... der politischen, wäre über eine besondere Vergütung
3496 2849 5114 2929 zu verhandeln. Sie dürfte nicht allzu niedrig bemessen sein,
3491 2903 5104 3010 das verhehle ich nicht. Je prends mon bien, où je le trouve.
281 1786 1786 1915 Lukardis (bittend): Und wenn ich doch etwas von
156 1861 1770 1991 Natascha in mik hätte... Warum verurteilen Sie mich
151 1942 1333 2018 Ein Mensch hat viele Möglichkeiten..
156 1980 1780 2136 geschlafen. Auch ich bin aufgewacht. Auf ich will mit in die
151 2066 771 2185 Zukunft hinaus
286 2142 3437 2271 Nadinsky (erschreckt über ihre zu laut gewordene) niemand darob erschrecke. Bitte die portische Ader nicht
167 2190 1770 2298 Stimme). S=s=t! Denken Sie an die Wände und Türen
1829 2212 2876 2304 ungünstig aufzunehmen. (Schenkt ein.)
151 2261 1764 2379 Vor allem müssen wir uns auch unter vier Augen so anreden
1953 2250 3437 2379 Dimka (kauert beim Ofen, den sie frisch auffüllt)
156 2347 1203 2455 als ob wir wären, was wir vorstellen.
1818 2309 3453 2433 Lumpenvieh. Schwatzt und schwatzt. Gottloses Vieh. Keinen
281 2379 1678 2498 Lukardis. Es ist wahr. Aber dann werden Sie
1829 2417 3437 2503 Sonntag in die Kirche, seit Jahr und Tag. Mästet sich mit
286 2466 1467 2552 Nadinsky (korrigiert). Dann wirst du
1845 2487 3431 2595 dem Unzuchtsgeld. Speichellecker. Leuteschinder. Wie die
286 2514 1770 2617 Lukardis. Dann wirst du sagen, ich hätte mich
1840 2541 2455 2654 Herrin, so der Knecht.
156 2568 1791 2708 noch ärger kompromittiert... (Verbessert sich rasch.) Ja, ich
1958 2573 3447 2708 Igor (schlägt nach hinten mit dem Fuß gegen sie aus,
146 2665 1020 2757 weiß, es ist ein dummes Wort
1834 2681 3453 2773 zischt). Still, Hexe. (Zugleich Kratzfuß.) Madame est servie.
281 2708 1786 2822 Nadinsky. Nein, es ist kein Wort dafür. Du kannst
1845 2757 3431 2859 (Vertraulich zu Nadinsky.) Bitte die Gegenwart dieser
151 2762 1780 2886 nicht mehr mit einem Gläubiger verhandeln, wenn du dein
1834 2805 3183 2897 Wahnsinnigen nicht zu verübeln. Voilà la canaille
156 2865 1770 2956 ganzes Vermögen verloren hast. Komm näher zu mir, sei
1975 2876 3426 2967 Dimka (starrt ins Feuer). Quatscht französisch, cha
146 2919 1780 3010 dich zu mir, ich will's dir erklären. (Richtet sich zum Sitzer
1840 2935 3431 3032 Als ob's das wirklich gäbe, französisch. Damit tun sie ja nu
151 3000 1775 3097 auf, ergreift ihre Hand, zieht sie neben sich.) Merk auf
3636 2989 5087 3081 Lukardis (bestürzt). Sie sehen doch... mein..
1850 3010 3442 3134 so, die Herren und Damen. Sind doch alle nackigt unterm
146 3054 1791 3151 Wenn jetzt dieses Tier, der Jgor, erscheint, läufst du von mir
3491 3054 5028 3151 mein Freund ist momentan nicht in der Verfassung...
1834 3075 3178 3183 Hemde. (Ab, als Igor die Faust gegen sie ballt.)
135 3134 1775 3221 weg, als geniertest du dich. Das wirkt glaubwürdiger, al-
3620 3097 5114 3199 Olga Petrowna. Gewiß. Die Dame kann
1964 3134 3442 3269 Nadinsky. Wir haben weiter nichts nötig. Wie
3491 3178 5093 3269 unbesorgt sein. Halsabschneiderische Allüren liebe ich nicht
151 3199 1662 3291 wenn wir eigens ein lebendes Bild für ihn arrangieren
1840 3205 2660 3318 wollen nicht mehr gestört sein.
3491 3253 5093 3340 Die Dame ist mir sehr sympathisch. Es hat unter allen Um
291 3264 1678 3399 Lukardis (gepeinigt). Was für Winkelzüge,
1953 3248 3447 3383 Igor. Dero Gnaden gehorsamster Diener. (Retiriert.
162 3291 674 3437 Ueberlegungen
3501 3318 5093 3404 ständen Zeit. Wenn man die Geiseln im Hause hat, sind
1829 3334 3447 3458 Draußen Stimmen Igor!ogor! Er ruft über die Schulter.)
3501 3399 5114 3469 andere Bürgschaften überflüssig. Ich empfehle mich den
281 3350 1786 3491 Nadinsky. So ist es eben. Nun hör zu, was ich die
1845 3431 3442 3507 Zur Stelle! (Aefft.) Igor! Igor! Ja doch. Von früh bis
173 3442 1770 3555 sagen will. Es wäre weniger unheimlich, wenigen folgen
3501 3458 5098 3528 Herrschaften. Darf ich mich den Herrschaften bekann
1845 3501 3442 3582 spät: Jgor. Igor. Nicht zu fressen ist einem erlaubt, bitt¬
3501 3523 5147 3615 machen? Olga Petrowna Uglassew. Ug—las—sem. Ein nicht-
156 3523 1791 3631 schwer für dich, wenn wir in einer Kerkerzelle zusammen¬
1840 3566 3442 3642 untertänigst um Nachsicht. Können es nicht erwarten: Igor
3507 3588 5104 3679 unberühmter Name, schmeichle ich mir. Geruhsame Nacht zu
167 3604 1786 3696 geworfen worden wären. Nicht in dem Grad wär's das
1834 3631 3447 3712 Igor! Aber Agor zahlt's ihnen heim. Igor durchschaut alles
3501 3652 5093 3739 wünschen. (Wie sie die Tür öffnet, vernimmt man laute-
151 3663 3442 3776 Unterste des Lebens, sein Bodenschlamm, nicht so müßten  Igor weiß alles. Vor Jgor bleibt nichts verborgen, entdeckt
3496 3723 5114 3803 Gekicher, zwei halbnackte Frauenzimmer huschen vorbei
156 3728 1770 3825 wir mit jedem Laut und Blick erst über seine infamste Häß
1840 3771 3453 3847 er’s nicht heut, entdeckt er's morgen. Bitte nochmals die
146 3787 1791 3879 lichkeit hinwegkommen, während wir uns glauben machen
3501 3782 5114 3868 kehren um, als sie Olga Petrowna gewahren, hängen
1840 3830 3458 3911 poetische Ader nicht ungnädig aufzunehmen. (Stößt bei der
3512 3852 5125 3922 sich ihr links und rechts an den Hals, offensichtlich schwer
146 3863 1791 3949 daß wir einer heiligen Sache dienen. Verstehst du, was ich
1834 3901 3178 4008 Tür mit Olga Petrowna zusammen.) Pardon...
3512 3917 5109 4014 betrunken, und unter dem Bemühen, sie abzuschütteln, schließ
156 3928 1780 4019 meine? Du schaust mich so seltsam an... verstehst du
1964 3949 3453 4062 Olga Petrowna (zornig). Kannst du nicht auf-
156 3998 1780 4089 mich? Verstehst du, daß du den Anspruch dasoben, in deine
3507 3976 3863 4089 sie die Tür.)
1834 3998 2422 4138 passen, du Schwein?
135 4052 1764 4160 Welt, verwirkt hast! Daß du dich endgültig zu denen
3620 4084 5136 4230 Pause. Nadinsky und Lukardis sehen einander schweigend an.
156 4122 1775 4219 schlagen hast, von deren Qual und Not wir alle bishe
151 4197 1780 4278 unseren Frieden, alles, was wir Glück und Schönhei
1953 4133 3469 4289 Lukardis (von Grauen und Ekel überwältigt, weicht
3636 4197 4699 4311 Nadinsky. Mausefalle. Was tun
146 4257 1791 4348 nennen, bezahlt haben? Verstehst du das? Gut. Und ver¬
1829 4230 3340 4343 gegen den Hintergrund zurück). Was für ein Mensch!
3652 4213 5131 4354 Lukardis (verstört). Die entsetzliche Person weise
151 4316 1780 4408 stehst du, daß wir, du und ich, uns durch den Aufenthalt in
1953 4305 3469 4402 Olga Petrowua (phrasenhast). Ich bitte für mein
3512 4321 5136 4429 mehr, als sie sagt. Man müßte Anastasia Karlowna benach
146 4370 1797 4489 diesem Haus besudeln, aus welchen Motiven immer wir es
1840 4354 3458 4478 Eindringen um Verzeihung. Derlei Belästigungen liegen
3523 4402 3793 4499 richtigen.
151 4445 1780 4532 tun? Die Umstände haben es erzwungen, schön.. Aber was
1834 4456 3453 4532 meiner Gewohnheit sonst fern. Aber eine gewisse Ihnen be=
3647 4419 5141 4548 Nadinsky. Ausgeschlossen. Wir sind Gefangene
156 4510 1780 4602 dann? Was später? Wir müssen einander... wir drück
1850 4516 3453 4602 kannte Dame hat mir die Sorge für Ihr Wohlergehen so
3523 4526 5120 4607 Riegeln Sie die Tür zu. Drehen Sie die Lichter vor den
151 4575 1780 4661 ich's aus... wir müssen einander zu Bildnissen werden, damit
1850 4580 3464 4661 dringend ans Herz gelegt, daß ich nicht umhin kann, mich
3512 4591 5125 4677 Spiegel ab. Danke, Danke. Vanke, Natascha. Denke
156 4640 1780 4726 uns die Wirklichkeit nicht erdrosselt. Wir dürfen keinen Lei¬
1845 4650 3464 4769 zu erkundigen, ob Sie nach Wunsch bedient werden und sich
3523 4656 5125 4742 Lukardis. Willst du mir aufsteh'n helfen... mir ist heiß und
162 4710 1802 4802 mehr haben. Wir müssen miteinander umgehen wie die
1850 4710 2519 4818 bei mir zu Hause fühlen
3523 4726 5125 4796 kalt. Ich sollte mich ins Bett legen. Aber es graut mir von
173 4769 1786 4866 Geister im Geisterreich. Das allein kann uns vielleicht retten
1975 4791 5131 4872 Nadinsky (eisig). Danke. Wir sind zufrieden. Wenn dem Bett. Jetzt, wo du nicht mehr fortgeh'n kannst, brauch
291 4845 1802 4942 Lukardis. Ich verstehe. Nicht ganz, aber ungefähr
1850 4845 3070 4936 wir es nicht sind, werden wir uns beschweren
3512 4856 5152 4931 ich dich auf einmal. Durst... Durst... (Nimmt das Glas¬
173 4866 1791 5001 Sie wollen... du willst die Wirklichkeit unwirklich machen
1975 4904 3442 4990 Olga Petrowna (unempfindlich). Freut miö
3523 4915 5114 5001 mit Champagner, trinkt es aus, reicht Lukardis das zweite
167 4963 1252 5050 Dazu muß man ungeheuer stark sein.
1850 4974 3453 5093 zu hören. Auch das Fräulein... will sagen die jungen
3523 4990 5120 5066 die es mit einer Geste des Widerwillens zurückweist, woran
302 5001 1618 5125 Nadinsky: Ja. Dazu muß man stark sein.
1850 5034 2287 5131 gnädige Frau?
3507 5044 4338 5131 er auch dieses noch leertrinkt.
318 5093 1824 5266 „Geh'n ma! Geh'n mais!“ flehte, drohte. bettelte
1861 5066 3474 5271 alles, aber auch alles zu danken. Seinem Geld, seinem Ver¬
3512 5098 5125 5271 wartet, die Zeit drängt, der Pariser Zug darf in Köln um
173 5222 1791 5341 Waitzer, war einem Schlaganfall nahe und hatte ein blau
1856 5255 3469 5357 trauen und seiner großen Geschicklichkeit, die so manchen
3512 5266 5125 5352 keinen Preis versäumt werden. Doch Louise steht gelassen da
162 5314 1559 5433 rotes Gesicht, als würde er jeden Moment ersticken
1861 5314 3075 5433 Diplomaten oder Verschwörer beschämt hätte.
3528 5325 5141 5406 und beschäftigt sich damit, an ihren Handschuhen, die bis
318 5336 1802 5471 Für die Prinzessin blieb er Luft. Sie würdigte den
1985 5390 2978 5481 Die drei im Wagen schwiegen lange
3528 5395 5168 5487 zum Ellbogen reichen, die vielen, viele Knöpfe, einen nach
173 5438 1818 5524 kleinen, dicken Mann, der sich ihr überall dicht vor die Augen
1975 5422 3469 5535 Endlich brach Herr Waitzer los. Die Glückseligkeit über
3528 5454 4230 5568 dem anderen, zu schließen.
173 5514 1813 5611 stellte, keines Blickes und keines Wortes. Sie hörte nicht,
1856 5476 3469 5600 das Gelingen, der Jubel über das Vollbrachte wollte ihn
3658 5498 5120 5627 „Aber, königliche Hoheit“, mahnt die Gattin des Ab-
167 5578 1419 5692 was er ihr mit gedrosselter Stimme zukeuchte
1867 5578 3485 5659 schier die Brust zersprengen. Er wäre geplatzt, hätte er seinem
3534 5546 4969 5686 geordneten, „das können Sie ja unterwegs besorgen!
1867 5659 3480 5729 Enthusiasmus jetzt nicht Ausdruck gegeben. Er neigte sich
313 5627 1797 5740 „Herr Graf“, sprach sie, „ich habe meine Kassette ver
3647 5659 4089 5751 Keine Antwort.
173 5719 1813 5832 gessen. Briefe und Andenken von Ihnen. Sie werden so gut
1861 5713 3447 5805 vor, zur Prinzessin, die ihm gegenüber saß, stürmisch ergri=
3652 5686 4510 5810 „Es eilt sehr, königliche Hoheit.
173 5778 976 5875 sein, die Kassette zu bringen
1856 5794 3469 5864 er ihre beiden Hände, und in seiner röchelnden Stimme war
3658 5778 5109 5881 Die Prinzessin dreht der Dame, die ihr Gastlichkeit ge
318 5805 1807 5934 Unverzüglich wollte Mattachich das Zimmer verlassen
1856 5864 3469 5945 nun wieder das Schnalzen der Natursänger, als er ausrief
3539 5843 5136 5934 boten hatte, den Rücken, setzt ihre Beschäftigung gelassen bis
178 5918 1807 6005 Waitzer, ganz starr vor Staunen über den tollen Befehl
1856 5934 3480 6032 „Na, i gratalier', Hoheit — i gratelier' Ihna! Dös war
3528 5924 5120 6010 ans Fertigwerden fort und geht dann, mit leichtem Kopf
173 5988 1818 6064 über den bis zur Tollheit unbedingten Gehorsam, zugleich
1872 5994 2525 6091 haba a schware Geburt!“
3523 5999 5125 6086 nicken aus dem Haus. Ohne sich daran zu kehren, daß dieses
173 6048 1818 6150 auch von beiden, von Befehl wie Gehorsam, auf das äußerste
2002 6026 3491 6140 Vielleicht hoffte der dicke, einfältige Mann, ein Wort
3534 6064 4731 6172 Haus tagelang ihr rettendes Asyl gewesen.
183 6118 1338 6215 verwirrt, suchte, Mattachich zurückzuhalten
1856 6118 3469 6199 des Dankes zu hören. Vielleicht sehnte er sich nach solch
3663 6118 4683 6210 Indessen sitze ich zu Paris und warte
313 6166 1802 6274 Der aber ließ sich nicht hindern. Auch für ihn war dein
3663 6156 5125 6285 Kein Mensch in aller Welt weiß, wo die beiden hin
1872 6183 3491 6274 einem warmen Wort, das man ihm doch schuldig war. Er
183 6220 1807 6328 dicke Waitzer jetzt Luft. Zum drittenmal machte er sich au
1867 6269 3464 6345 mag erst in dem Augenblick, in welchem er unter dem Zwan
3545 6264 5131 6339 geraten, wo sie versteckt sind. Die Zeitungen melden einmal
189 6312 1813 6398 den Weg. Zum drittenmal stieg er die Treppe hinauf, schlich
3545 6334 5136 6442 Mattachich und seine Prinzessin hielten sich in Genf auf. Da¬
1867 6334 3485 6415 seiner eigenen Gefühle zu reden anfing, gedacht haben, daß
183 6382 1807 6474 den Korridor entlang und zum drittenmal in das Zimmer
1867 6398 3480 6485 er damit die Prinzessin zu einer Aeußerung bewegen könne
3539 6404 4440 6501 nächste Mal in Zürich, in London
189 6458 642 6560 der Prinzessin.
1856 6463 3480 6566 Jedenfalls wäre er mit dem flüchtigsten Dank zufrieden
3669 6452 5136 6566 Aus Wien telegraphiert mir der Herr, der zu Anfang
324 6479 1818 6609 Als er glücklich wieder zurückgekehrt war, hatte der
1872 6533 2142 6647 gewesen.
3545 6533 5136 6625 Mattachich an mich empfohlen hatte, abwechselnd: „Fahren
189 6550 1813 6674 Kriminalbeamte derweil den Koffer auf das Dach des
2012 6571 3491 6701 Aber die Prinzessin entwand ihre Hände heftig der Um¬
3545 6609 5136 6701 Sie fort nach Cowes, Insel Wright. Dort treffen Sie
189 6663 1829 6738 Wagens verstaut und blieb, von der Finsternis des Gartens
1867 6657 3491 6749 klammerung Waitzers und richtete an Mattachich das kühle
3539 6663 3992 6776 unseren Freund.
183 6728 761 6841 geschützt, unsichtbar.
1867 6733 3480 6819 Ersuchen: „Bitte, Herr Graf — sagen Sie die Herr Waitz
3658 6711 5147 6819 Ich bleibe in Paris und warte. Nicht ganz mit dem
334 6755 1818 6906 Jetzt wurden in Waitzers Zimmer die Lampen gelöscht
1867 6803 3485 6906 heer, daß man eine königliche Prinzessin nicht bei die Händ¬
3539 6782 5163 6884 Gefühl der Sicherheit. Das räume ich ein. Wer kann denn
183 6830 971 6965 und man sollte eilig davon.
1872 6879 2412 6976 packt und schüttelt
3545 6873 5147 6960 auch ahnen, welche Hindernisse, weiche Zufälle dem Vorsatz,
329 6889 1818 7024 Eilig? Nur Herr Waitzer, der die von ihm so bitten
2002 6889 3491 7024 Eisige Dusche für den armen Waitzer. Mäuschenstille
3539 6943 5141 7019 nach Paris zu fahren, unversehens entgegenstanden. Ferner
1867 6965 3485 7105 im Wagen, der weiter und weiter rollt. Immer noch auf
205 6976 1824 7078 gehaßte Kassette übernommen hatte, lief, was er konnte.
3539 6997 5152 7121 wer kann fest darauf bauen, daß Mattachich zuverlässig sein
183 7051 2363 7148 Mattachich aber bot der Prinzession auf ihr Begehren sächsischem Boden
3539 7078 4586 7165 und die Verabredung einhalten wird?
216 7138 1829 7224 seinen Arm, und so schritten die beiden, langsam, wie bei
2002 7094 3491 7240 Die Nachtluft reizt den alten Katarrh. Waitzer hustet
3679 7111 5147 7256 Aber ich habe in Paris Rendezvous mit ihm und ich
194 7213 1834 7305 einem Spaziergang, über die Kurpromenade durch den
1877 7197 3496 7289 und das klingt, wie wenn man den Blasebalg einer ver¬
3539 7197 3971 7316 bleibe in Paris
194 7256 1392 7370 Garten hinaus auf die Straße, zum Wagen.
1877 7278 3480 7359 jährten Orgel zu treten beginnt. Er muß sogar spucken. Un
3669 7289 5147 7402 Es sind da Angelegenheiten zu erledigen, die ihm wich¬
329 7305 1818 7429 Der Kriminalbeamte war längst wieder in seine Stub=
1877 7343 3501 7434 jetzt wird er zum erstenmal einer direkten Ansprache der
3555 7348 4251 7467 tiger sein müssen als mir.
194 7407 1435 7504 geschlüpft, wo er bleiernen Schlaf maakierte
1883 7407 2449 7515 Prinzessin gewürdigt
3685 7402 5174 7548 Seine Rehabilitierung. Das offizielle Zugeständnis, daß
329 7456 1834 7564 Der Pferde zogen an, der Wägen rollte durch die Nacht,
2002 7434 3496 7580 „Pfui, Herr Waitz-heer, Sie husten und spucken, geh'n
3539 7472 4424 7612 die Prinzessin geistig gesund ist.
1883 7526 2395 7634 Sie auf die Bock!
205 7542 1824 7623 hinaus aus Bad Elster, erreichte die Landstraße. Die Fluch=
3685 7542 5152 7688 Also Geduld! Wenn auch schon etliche Tage über den
194 7618 1818 7704 war beinahe gelungen. Beinahe, denn noch befand man sich
2007 7564 3491 7704 Der Wagen muß halten. Waitzer muß aussteigen, muß
3550 7656 4559 7742 anberaumten Termin verstrichen sind.
194 7682 825 7785 auf sächsischem Boden
1883 7650 3496 7785 den Kutschbock erklettern. Und man ist immer noch in
3663 7709 5152 7817 Richtig, eines Morgens tritt Mattachich zu mir in den
318 7704 1824 7834 Im Wagen waren die drei zusammen. Das Liebespaar
1877 7742 2120 7850 Sachsen
3555 7785 5141 7893 Frühstücksaal des Grand Hotels. Schlendernd und ge¬
205 7817 1818 7898 das sich nach so schrecklichen Erlebnissen, auch so schmach
2012 7774 3496 7904 Endlich wird Hof erreicht, der Expreßzug bestiegen, und
3561 7882 5147 7963 mächlich, wie irgendein Pariser Trottoirbummler, so ziel¬
205 7871 1834 7963 voller Trennung, nach solch ungeheuren Hindernissen, mit
1883 7877 3496 7985 in Berlin finden die beiden ein Asyl bei einem Mitglied des
3555 7941 5168 8017 sicher und so ganz ohne Verwunderung, mich gerade hier zu
194 7947 1818 8033 dem Einsatz des Lebens nun doch wieder vereinigt hatte. Un=
1899 7952 2228 8055 Reichstages
3555 8001 5174 8103 treffen, als sei es ihm in jahrelanger Gewohnheit bekannt,
205 8022 1824 8098 der dicke Wiener Gastwirt, dessen wilden Hernalser Dialek
2029 7974 3507 8103 Louise behält ihr gebieterisches Wesen auch ihren Be¬
3555 8071 4467 8179 mich immer wieder hier zu finden
194 8092 1824 8173 die Prinzessin nicht ganz verstand, ebenso wie ihm das dünne
1894 8071 3491 8168 schützern gegenüber. Noch am letzten Morgen, in jenem Hause
194 8157 1824 8238 noble Französisch=Deutsch der Prinzessin fast unverständlich
1899 8152 3501 8227 da sie mit Mattachich die Autofahrt nach Köln antreten soll
3669 8119 5174 8271 Ein ganz kurzer Gruß. Tann gleich: „Die Prinzessin
194 8222 4532 8341 blieb. Immerhin, diesem einfachen Herrn Paitzer hatte wan I bleibt sie dem bestgemeinten Rat unzugänglich. Das Auto | erwartet Sie — kommen E' gleich!
