5668 8952
277 253 666 366 Nr. 24168.
1079 265 1535 413 Wien, Freitag
2127 312 3058 436 Neue Freie Presse
3661 343 4281 456 25. Dezember 1931
152 393 1776 565 Lobes zu enthalten hat. Er könnte sich leicht der Fahrlässig-
4783 347 4986 518 37
1955 460 2968 565 Timon. Ich werde mich hüten...
152 460 1577 627 keit schuldig machen. Dein lauterer Charakter jedoch
3595 510 5079 596 Simonides. Wir Geschäftsleute leihn Geld, damit
1955 534 3163 647 Kairon.... ihm eine Aufgabe zu geben?
296 553 1453 662 Timon. Ich bin hergekommen um Geld.
3474 584 5079 670 es arbeitet, für dich und für mich. Was ist Reichtum?
1948 588 3416 740 Timon.... ihm das Bild eines Krieges verführerisch
277 623 1757 732 Kairon. Dein lauterer Charakter. Und die Kunst
3474 647 5075 724 Dauernde Bewegung, Veränderung, aus Ueberflüssigkeiten
1835 654 2103 775 zu malen.
277 689 1566 791 Timon. Es handelt sich um zwanzig Talente.
3486 709 5071 826 Bedürfnisse machen und sie buchen. Etwas fließt dauernd
1932 682 3416 837 Kairon. Aber es könnte einmal auch ohne dich darauf
296 717 3404 931 Kairon. Was hast du alles für die öffentliche Kunst kommen, daß der Frieden auf die Dauer keine Aufgabe ist
3482 767 4865 876 durch die Finger, der Kopf läuft dauernd hinterher.
140 791 335 904 getan-
3607 830 4596 911 Timon. Meine neue Schafzucht..
284 837 1761 1013 Timon. Auch dieses Geld will ich nur für die Oeffent¬
1948 869 3428 993 Timon. Eine Aufgabe, an der es zugrunde gehn
3607 876 5056 1005 Simonides. Wird dein Kopf bei den Schafen sein
1835 911 2006 1009 würde.
129 892 370 1036 lichkeit.
3482 950 5075 1106 Nein, bei Homer, du hast es selbst gesagt. Aber Homer zahlt
1948 954 3408 1133 Kairon. Ich überlege, ob dir noch eine Wahl bleibt
284 950 1768 1118 Kairon (nickt). Du mußt immer alles in der Oeffent¬
3482 1032 3840 1122 keine Zinsen.
1811 1028 2804 1165 als selbst zugrund zu gehen, oder..
148 1032 1757 1235 lichkeit tun, als ob ein Mensch wie du diese Bestätigung
3607 1063 4569 1184 Timon. Laß mir meinen Homer.
1948 1122 3408 1239 Timon (ruhig). Meine Wahl ist groß. Aber ich muß
152 1130 600 1231 noch brauchte.
3595 1126 4978 1278 Simonides. Du bist eben kein Geschäftsmann.
1823 1161 2228 1274 weiter, verzeih.
296 1157 1546 1332 Timon. Ich will mein Odeum fertig bauen.
3595 1219 4764 1332 Timon. Irgendwie finde ich mich zurecht
1936 1207 2913 1340 Kairon. Du bist kein Aristokrat.
280 1262 1266 1410 Kairon. Wieviel fehlt dir dazu?
3611 1274 5071 1379 Simonides (lächelt). Ober ein ganz gefährlicher,
1944 1285 3171 1426 Timon. Ich danke dir, Kairon. (Rasch ab.)
269 1328 736 1422 Timon. Alles
3463 1355 5079 1445 wie so oft die mit der Literatur und Wohltätigkeit. Viel¬
284 1371 1102 1496 Kairon (vorsichtig). Alles?
2294 1394 2949 1542 Szene 5. Bei Simonides.
3470 1429 5064 1562 leicht hast du die Schiffe versichert und verschweigst et
277 1445 1546 1577 Timon (lächelt). Ich sitze vor dir als Bettler
3463 1484 3755 1581 mir nur?
1940 1476 2610 1597 Timon (rasch herein).
265 1535 1749 1671 Kairon (lacht). Der eine öffentliche Stiftung
3591 1511 4830 1675 Timon. Warum sollte ich es verschweigen?
1948 1546 3400 1714 Simonides. (beim Essen). Endlich kann ich dich auch
129 1581 522 1702 machen will.
3607 1620 4771 1706 Simonides. Damit ich dir Geld leihe.
1819 1616 2286 1741 einmal bewirten.
288 1659 1761 1764 Timon. Ich bettle selbstverständlich nicht für mich,
3599 1683 4787 1761 Timon (erste Angst). Ich versteh dich nicht.
1948 1702 2937 1792 Timon. Nur auf einen Augenblick
140 1690 1753 1854 sondern für alle. Welche Sorgen könnte man um sich selbst
3607 1725 5064 1842 Simonides. Wenn du die Schiffe versichert hast,
1932 1768 3256 1893 Simonides. Ein Glas Wein. (Schenkt ein.)
152 1784 382 1901 haben?
3470 1807 5067 1905 kannst du dir ja mit diesem Geld die Schafe kaufen, auch das
1940 1831 2836 1924 Timon. Es ist nicht so einfach.
277 1862 1745 1994 Kairon. Mit zwanzig Talenten wird ein Mensch als
3467 1873 4674 1971 Gelände, und ich brauche dir nichts zu leihn.
1936 1881 3404 2045 Simonides. Ich habe schon gehört. (Trinkt.)
136 1889 740 2014 in Saus und Braus.
3583 1951 4709 2025 Timon. Ich habe sie ja nicht versichert.
1823 1932 2158 2053 Phönizischer.
265 1963 1550 2123 Timon. Vielleicht. Ich jedenfalls will sie...
3595 1975 5067 2138 Simonides. Würdest du dann nicht mein Geld wer
1936 1986 2804 2119 Timon. Was hast du gehört?
273 2060 880 2150 Kairon. Verbaun?
3459 2076 4775 2158 weiß wofür gebrauchen? Das mußt du zugeben.
1936 2076 3213 2197 Simonides. Sie bauen immer noch nicht?
284 2119 818 2216 Timon. Verbaun.
3595 2131 5071 2232 Timon (bedrückt). Als deine Wechselbank in
1936 2158 3050 2255 Timon. Ich brauche Geld, Simonides.
261 2115 1741 2310 Kairon. Wiewohl du für deinen persönlichen Ge¬
3447 2197 5052 2321 Schwierigkeiten war, habe ich dir ausgeholfen ohne ein Wort
1936 2236 2984 2321 Simonides (nickt). Fürs Odeum.
132 2208 612 2372 brauch also
3595 2275 4810 2395 Simonides. Wieviel Schiffe sagtest du?
1936 2286 3124 2407 Timon. Das Odeum wird warten müssen.
261 2282 943 2411 Timon (lacht). Nichts.
3595 2329 4409 2411 Timon. Vier, Simonides.
1936 2360 3065 2458 Simonides. Du schädigst deinen Ruf.
265 2380 1005 2481 Kairon (starrt ihn an).
3587 2360 5106 2508 Simonides (erregt). Vier Schiffe, und du hast sie
1924 2430 3151 2524 Timon. Kein Mensch gibt mir Geld dafür.
265 2399 1745 2575 Timon. Du kannst es dir nicht vorstellen? Plötzlich
3451 2438 3914 2563 nicht versichert?
1928 2489 3408 2621 Simonides. Tagelang einen angefangenen Bau
129 2477 1632 2617 sagt dir jemand: du hast keine hundert Drachmen mehr.
3583 2489 4919 2621 Timon (stärker). Wie oft fragst du mich noch?
1811 2516 3315 2649 herumstehen lassen, in einer neugierigen Stadt wie Athen.
269 2567 1725 2695 Kairon. Wie soll ich mir das vorstellen, ich bitte dich
3583 2555 5064 2688 Simonides (verzweifelt). Für vier Schiffe Ver¬
1924 2625 3393 2734 Timon. Wenn ich daran vorübergehn muß, schnür
269 2649 1519 2746 Timon. Ich konnte es mir gleich vorstellen.
3467 2637 5052 2797 sicherungsgeld hättest du dir tausend Schafe kaufen können
1811 2649 2652 2789 es mir den Hals zusammen.
2711 2695 3393 2824 Ich will mir eine kleinen
253 2703 1725 2816 Kairon. Du dürftest einen guten Verwalter haben
3459 2726 4448 2828 mehr Schafe, als du je gehabt hast.
1803 2734 2306 2836 Schafzucht kaufen.
253 2781 1476 2875 Timon. Den treuesten Menschen der Welt
3591 2754 5056 2929 Timon (verzweifelt). Ich brauche ja keine tausend
1924 2785 3334 2921 Simonides (verblüfft). Eine kleine Schafzucht?
249 2836 1737 2976 Kairon. Man sieht's. — In welcher Lage sich Athen
3470 2828 3650 2956 Schafe
1940 2878 3272 2972 Timon. Wieviel kannst du für mich erübrigen?
117 2886 798 2999 befindet, ist dir bekannt.
3587 2871 5075 3042 Simonides (schreit). Um so besser, dann hättest du
1924 2937 3396 3081 Simonides. Vor allem trink den Phönizischen.
253 2949 1749 3077 Timon (sofort). Niemals nähme ich das Geld vom
3451 2976 4312 3085 dir eben etwas anderes gekauft.
1803 2995 2656 3089 Warum eine kleine Schafzucht?
117 2999 985 3167 Staat, nur von dir persönlich.
3587 3026 4966 3135 Timon. Zwanzig Schafe, eine ganz kleine Zucht.
1924 3073 3396 3174 Timon. Ich muß von vorn anfangen. Ich hatte mir
241 3077 1722 3213 Kairon. Leider gibt nicht jeder Athener so gern wir=
3587 3108 5083 3252 Simonides. Kannst du denn im Kleinen leben?
1792 3132 2956 3248 das anders vorgestellt, kein Geld zu haben
109 3182 1725 3280 du und ich. Wir Aristokraten leben nicht von der Bauern
3459 3159 4101 3264 Denk an deinen Palast.
1924 3209 3408 3299 Simonides (vorsichtig). Kein Geld sagt wenig. Wir
109 3248 1725 3346 arbeit, wie Lykos, auch nicht vom Geldgeschäft, wir Simo
3583 3206 4806 3357 Timon. Ich will gar nicht mehr reich sein.
1788 3248 3385 3381 Geschäftsleute haben oft kein Geld, aber wir haben Reserven
129 3315 1733 3396 nides. Wir leben für eine Idee. Ein heute daniederliegendes
3583 3303 5048 3451 Simonides. Aber ob du auch etwas anderes kannst?
1799 3330 3396 3459 Manchmal sind die Reserven größer als das Geld, das wir
117 3369 1745 3474 Athen wartet auf uns, um wieder groß zu werden. Du bist
1792 3400 2064 3490 je hatten.
3572 3424 4931 3513 Timon. Es kommt auf das an, was in mir ist.
105 3447 1725 3568 ein Aristokrat, also muß dir bei diesem Gedanken das Her
1916 3443 2913 3552 Timon. Du glaubst es mir nicht?
3583 3486 5087 3591 Simonides. Du bist eine verkrochene Schnecke, aber
109 3498 639 3603 im Halse schlagen.
1916 3537 2913 3630 Simonides. Sprich dich nur aus
3470 3544 5052 3646 soviel wissen wir von dir, daß du nicht im Kleinen leben
253 3541 1729 3692 Timon. Auch wenn mir ein Krieg sinnlos und aus-
1924 3587 3396 3689 Timon. Es berührt mich weiter nicht, mit meinem
3463 3615 5067 3751 kannst. Orgien, wie Lykos sagt. Aber im Kleinen, du ver-
117 3615 627 3724 sichtslos erscheint?
1780 3626 3404 3763 eigentlichen Leben hat das nichts zu tun. Ich bleibe ich, auch
3459 3685 3724 3786 stehst..
241 3665 1725 3786 Kairon. Ein Aristokrat fragt nicht nach dem Sinn
1792 3728 3400 3837 wenn ich dabei zwei Schafe zu bewachen hätte wie ein
97 3763 1733 3848 Ich frage auch nicht nach dem Sinn deines Odeums. Aus¬
3576 3712 4226 3868 Timon (springt aus).
1780 3782 2282 3883 homerischer Hirt.
129 3837 1733 3918 sichtslos aber war unsere Schlacht bei Salamis gegen die
3572 3782 5091 3957 Simonides. Ich muß dich vor Enttäuschungen be-
1916 3809 3061 3938 Simonides (vorsichtig). Zweihundert 7
3439 3887 3673 4012 wahren.
117 3907 1733 3977 achtmal so große Flotte der Perser. Wir haben gesiegt. Denn
1912 3903 3393 4031 Timon. Mit den Schiffen ist auch diese Möglichkeit
109 3969 1725 4055 es kommt auf den Glauben an und nicht aus den Sinn. Ich
3595 3922 5075 4070 Timon (Ausbruch). Willst du mir also etwas leihn?
1780 3977 2758 4086 gesunken. Heute bin ich ein Bettler.
97 4039 1722 4109 glaube an eine Auferstehung des alten attischen Reiches. Für
1912 4024 3381 4172 Simonides. Bei wem waren deine Schiffe ver
3459 4004 5052 4133 Daß ich dir noch zuhöre, beweist, wie weit ich gekommen bin
105 4094 1737 4175 diesen Glauben bin ich bereit, mein Geld zu opfern. Was ist
1780 4082 1983 4199 sichert
3587 4121 5067 4210 Simonides. Von Schafen versteh ich nichts, muß
105 4156 1718 4234 Reichtum? Eine Macht, die es mir ermöglicht, meinen
1912 4140 3385 4261 Timon (schüttelt den Kopf). Ein homerischer Bettler
3459 4168 5071 4308 ich hinzufügen. Ich treibe keine Landwirtschaft. Bei Schafen
105 4222 1722 4292 Glauben körperlich in die Welt zu setzen, damit er ihre Herr¬
1776 4218 2407 4312 der ungerufen erscheint
3451 4234 4090 4335 tappe ich im Dunkeln.
105 4281 1710 4362 schaft antritt. Die heutige magedonische Konstellation und die
1924 4253 3385 4370 Simonides. Du hast die Schiffe nicht versichert?
3583 4292 4717 4405 Timon (erschöpft). Wieviel sagtest du?
105 4351 1710 4425 geniale Erfindung des Alkibiades bestätigen mir, daß der
1905 4351 3396 4483 Timon. Ich kenne nur eine einzige Versicherung: bei
3587 4370 5083 4468 Simonides. Lykos zum Beispiel ist Landwirt. Du
105 4417 1722 4503 ruhmvolle Augenblick gekommen ist. Er wird übrigens auch
1776 4413 2376 4507 den attischen Göttern.
3459 4452 5091 4577 mußt zu Lykos gehn, er kann dich auch beim Einkauf
101 4471 1118 4581 dir aus deinen Schwierigkeiten helfen.
1912 4444 3377 4604 Simonides. Ich wäre zu Gynikakolos gegangen..
3459 4499 3673 4608 beraten.
245 4526 1200 4604 Timon. Ich verlange keine Hilfe
1768 4514 2353 4619 Koste einen Tropfen.
3576 4538 4277 4674 Timon. Ich danke dir.
234 4584 1729 4678 Kairon. Nenn es, wie du willst. Ich stelle mir vor,
1916 4565 3389 4705 Timon (trinkt). Morgen früh fahre ich aufs Land,
3572 4612 5067 4736 Simonides. Und noch etwas: Von den attischen
97 4635 1722 4783 daß du für diese neuen Waffen zeichnest, aber du zahlst nicht,
1792 4639 3326 4756 ich will mir die Tiere und ein billiges Grundstück ansehn.
3439 4709 5060 4803 Göttern bekämst du keine Handvoll Wolle, wenn es wahr
105 4725 358 4822 ich zahle
1916 4736 3326 4826 Simonides. Du hast auch kein Gelände mehr?
3459 4783 5064 4869 sein sollte, daß du die Schiffe nicht versichert hast. Ich emp¬
241 4748 927 4892 Timon (sieht ihn an).
1924 4795 2859 4880 Timon. Keine zwanzig Drachmen
3451 4849 5052 4970 fehle jedermann Gynikakolos. Meine Erfahrungen mit ihm
230 4806 1714 4958 Kairon. Der Ruhm, gezahlt zu haben, gehört natür-
1916 4841 3381 4986 Simonides. In diesem Umfang weiß man das noch
3439 4900 3790 5017 sind günstig.
105 4884 1036 5036 lich dir: in voller Oeffentlichkeit.
1788 4919 2049 5028 gar nicht.
234 4958 1722 5075 Timon (auf). Ich danke dir. Aber ich habe dem Volk
3576 4954 5052 5110 Timon (plötzlich). Aber ich habe ja keine Zeit.
1916 4947 3061 5071 Timon. Du siehst, es drückt mich nicht.
1916 5009 3381 5169 Simonides. Mich drückt, daß du die Schiffe nicht
105 5028 1348 5145 ein Odeum und nicht einen Krieg versprochen.
3443 5021 3794 5161 (Stürmt ab.)
222 5114 1718 5219 Kairon (stärker). Fürs Volk ist es doch. Man muß
1776 5099 2173 5212 versichert hast.
3576 5091 5079 5235 Simonides (ihm nach). Deinen Wein hast du nicht
97 5141 756 5274 es ihm nur beibringen.
1916 5145 3100 5270 Timon. Leih mir also für zwanzig Schafe.
3404 5188 4047 5286 ausgetrunken, Timon.
97 5317 1733 5410 wurde. Sie war ganz anders als die reizend anmutige,
3428 5336 5044 5453 tasche irgendwohin gehen, um zu fühlen, daß sie wie andere
109 5398 1714 5476 durchaus und naw ihrem Triebleben hingegebene Kron¬
3435 5406 3743 5492 Kinder ist.
2376 5402 2808 5558 Meli.
105 5472 1725 5550 prinzessin von Sachsen, die ich kaum zwei Jahre zuvor in
3560 5430 5040 5570 Aber nach ein paar Wochen ist auch das Spielen auf¬
105 5535 1725 5617 Genf wiederholt zur Heimkehr bewogen hatte, die sich aber,
3447 5515 5025 5659 gegeben. Meli bekam davon Rückenschmerzen. Sie ist zu
2251 5519 2910 5667 Von Selma Lagerlös.
105 5613 1737 5679 entzückend leichtsinnig und lächelnd, fallen ließ. Luise von
3428 5617 4674 5679 klein, sie muß bis zum nächsten Jahr warten.
97 5663 1729 5737 Koburg war keineswegs in die Liebe verliebt, sondern mit
1901 5632 3385 5745 Jeder, der sie auf der Straße sieht, kann nicht umhin,
3556 5671 5036 5753 Was für ein Leben wird das werden, denkt man, für
105 5726 1722 5807 der Intensität ihrer herben Persönlichkeit nur in diesen einen
1788 5714 3381 5819 zu denken: Wie unglücklich sie ist! Ein armes, backliges
3435 5722 5032 5858 eine, die so schwach und verkrüppelt ist. Wie unglücklich
105 5800 296 5905 Mann.
1776 5800 3373 5881 Kind, wie unglücklich sie ist! Sie ist nicht älter als sieben
3451 5800 3634 5897 sie ist!
1449 5815 1702 5959 fortgesetzt
234 5815 1406 5944 Die Gespräche wurden jeden Vormittag
1776 5870 3373 5948 Jahre, und schon hat sie das lange Gesicht und die langen
3564 5827 5099 5967 Aber Melis Mutter merkt, daß das Kind bekümmert
109 5932 1714 6010 Mattachich wohnte, wie ich, im Grand Hotel und kam
1780 5940 3377 6026 dünnen Hände. Wenn sie auf die Straße hinaus soll, zieht
3435 5936 5032 6010 aussieht, als sie davon spricht, daß das Spielen aufhören
3428 6010 5032 6103 müßte. „Aber das macht gar nichts, denn Meli hat zu Hause
105 5994 1710 6084 morgens in mein Zimmer zum Frühstück. Jedesmal brachte
1788 6006 3373 6103 ihr die Mutter einen langen Mantel an, mit einem großen
97 6065 1702 6150 ihm der Bote aus dem Hotel Mirabeau einen Brief de
3447 6072 4370 6177 so viel zu tun. Nicht wahr, Meli?"
1764 6065 3167 6177 Kragen, der in tiefen Falten über den Rücken fällt.
117 6142 1722 6232 Prinzessin, einen großen, sechzehn bis zwanzig Seiten langen
3564 6100 5056 6232 „Ja“, sagt das Kind und nimmt seine Mutter bei der
1901 6131 3369 6240 Sie ist klein und zart, niemand würde glauben, daß sie
97 6205 1718 6287 Brief. Jedesmal gab ihm Mattachich einen schon fertig
1780 6201 3373 6302 älter als fünf Jahre ist. Auch hat man sie bis jetzt immer
3435 6205 5048 6290 Hand und eilt heimwärts, um all die vergessenen Pflichten
97 6263 1710 6364 bereitgehaltenen ebenso umfangreichen Brief für die Prin¬
3439 6287 5083 6399 zu erfüllen, die ihrer harren. Und die Mutter geht mit, sieht
1780 6287 3373 6380 für zu klein gehalten, um in die Schule zu gehen, aber nun,
105 6341 1725 6442 zessin mit. Und doch waren die beiden den vorigen Tag bis
3439 6345 5032 6431 sich aber um und wirft den Vorübergehenden einen Blick zu,
1776 6349 2594 6458 zum Herbst, soll sie anfangen.
105 6427 1196 6528 zum späten Abend beisammen gewesen.
3428 6411 5110 6509 der gewiß keinen Kummer ausdrückt, viel eher bewundernden
1905 6411 3361 6512 „Ach! Amelie, wie lustig das für dich sein wird, in di¬
222 6462 1718 6559 Noch immer wußte niemand, an welchem Ort sich die
3428 6481 3599 6583 Stolz.
1768 6485 3361 6575 Schule zu kommen und Kameradinnen zu haben, mit denen
105 6528 1710 6629 zwei versteckt hielten. Aber die Gespräche mit der Prinzessin
3548 6497 5032 6625 Das ist ein Blick, der einem zu denken gibt. Melis Vater
1768 6559 3373 6684 du spielen kannst. Das ist etwas anderes, als immer daheim
93 6598 1706 6699 die in Wien zum Abdruck gebracht wurden, fanden in der
3428 6606 5021 6688 arbeitet bei einem Tischler, Melis Mutter ist ein armes Ding
1776 6625 2349 6727 bei Mutter zu hocken
97 6684 1710 6762 ganzen Weltpresse lauten Widerhall. Erschien ein solches
3435 6680 5036 6766 die Tochter eines Grubenarbeiters. Als sie heiratete, war sie
1893 6668 3369 6805 Sie erhebt ihr kleines, durchsichtiges Gesichtchen und
105 6738 1698 6812 Gespräch mit seinen Zeugenaussagen und Enthüllungen de
3439 6746 5032 6828 frisch, tüchtig, laut und vielleicht ein bißchen derb, ein bischen
1776 6746 3377 6844 lächelt hoffnungsvoll. Aber Kameradinnen, Schule und
105 6808 1698 6882 Morgens in Wien, dann riefen abends auf den Boulevard¬
3428 6820 5040 6894 gewöhnlich, ja genau wie jede andere. Aber jetzt ist sie sehr
1772 6832 3361 6910 Spielen — das sind sicherlich nur tote Worte für sie. Dieses
86 6867 1710 6972 die Camelots die Pariser Abendzeitungen aus und brüllten
3435 6879 5017 6976 verändert, ihre Stimme ist weicher geworden, und die Züge
1757 6890 3369 6992 kleine, empfindliche Wesen ist natürlich gezwungen, ein ganz
97 6937 1098 7034 „L'affaire du Princesse de Coburg!“
3428 6941 4951 7027 werden weiblicher mit jedem Jahr. Macht das Meli?...
1764 6960 3174 7077 anderes Leben zu führen als ein gewöhnliches Kind
230 6984 1725 7085 Bald kam ein Tag, da brachte die Pariser Presse eine
3544 7007 5025 7093 Melis Eltern haben sich ein kleines Häuschen ein paar
1877 7011 3346 7116 Und richtig, kaum daß sie mit dem Schulbesuch ange=
97 7046 1683 7155 Wiener Meldung. Mattachich wurde vom Militärgericht für
3416 7073 5028 7163 Minuten vor der Stadt gebaut, auf dem freien, offenen Felde
1768 7077 3361 7182 fangen, hat sie auch schon wieder aufgehört. Ihre Mutter
86 7143 1698 7233 unschuldig und rehabilitiert erklärt! Der kaiserliche Ho
3416 7147 4982 7233 dort draußen. Ihr glaubt nicht, was das für ein Platz ist!
1780 7159 3361 7264 flüstert leise, daß Meli es nicht vertrug. Sie wurde so müde
109 7210 1718 7291 hatte ferner die geistige Gesundheit der Prinzessin offiziell
3552 7214 5028 7288 Die Stadt ist eine alte Bergwerksstadt, und vor den
1761 7225 2949 7315 daß sie den ganzen Nachmittag liegen mußte
93 7280 1690 7373 anerkannt und ihr die persönliche Freiheit unbedingt zu
3416 7264 5017 7362 Toren standen in früheren Zeiten eine ganze Menge Schmelz¬
1881 7272 3361 7389 So gratuliert man ihr, daß sie daheim bei Mutter
93 7338 386 7455 gesichert!
3428 7342 5028 7412 hütten zum Rösten des Erzes. Die Hütten sind nun ver¬
1761 7330 3357 7447 bleiben darf, so wie man ihr früher gratuliert hat, von dor
234 7369 865 7490 Das Ziel war erreicht.
3428 7412 5025 7494 schwunden, aber die Natur hat sich gleichsam von ihnen noch
1768 7424 3354 7510 fortzukommen. „Ja, jetzt wirst du bei Mutter lesen lernen
218 7424 1698 7556 Ein paar Tage nachher saß ich mit Mattachich, der jetzt
3420 7482 5021 7580 nicht erholen können. Sie ist wie tot, und niemand hat sie
1757 7482 3350 7611 Meli, und du mußt dir einen Hahn anschaffen, der bei jeden
93 7537 1706 7619 wieder unter Menschen ging im Café de la Paix. Da näherte
3416 7533 4086 7630 wieder auferstehen lassen.
1764 7556 2820 7654 neuen Buchstaben, den du lernst, kräht.
93 7603 1706 7689 sich uns mit raschem Schritt ein Herr, der Attaché der da¬
3548 7603 5028 7700 Melis Vater hat ein paar Quadratmeter vor seiner Hütte
1889 7603 3361 7720 „Nein, Meli soll noch nicht lesen lernen“, sagt ihre
93 7681 1706 7755 maligen k. u. k. österreichisch=ungarischen Botschaft. Ein
3420 7654 5040 7771 mit einem Drahtzaun eingefriedet. Es ist vielleicht geplant,
1764 7665 3143 7806 Mutter. „Sie soll nun zuerst Klavierspielen lernen.
93 7743 1694 7837 Graf Palffy, glaub' ich. „Servus, Mattachich“, rief er freudig
1889 7751 2466 7845 „Soll Meli spielen?“
3416 7747 5040 7829 daß da ein Garten werden soll. Aber vorderhand ist alles mit
86 7802 1702 7922 und streckte ihm über den Tisch die Hand entgegen, „Servus
3416 7821 5032 7911 ziemlich großen grauen Felsblöcken bedeckt, und dazwischen
1877 7786 3354 7911 „Ja. Meli spielt so gerne. Und jetzt geht sie zu einer
93 7860 841 7985 wie geht's dir?“ Er lachte.
1764 7864 3350 7981 Lehrerin, die sie unterrichten will. Das macht Meli nich
3420 7887 5021 7969 liegen kleine kantige Schlackenstücke. Es ist dort wie über¬
226 7883 1706 8020 Mattachich regte sich nicht, seine Mienen blieben un=
3420 7965 5052 8063 all in dieser Gegend der Stadt. Man sieht keine Erde, und es
1757 7957 3354 8051 müde, allein mit der Lehrerin in einem hübschen Zimmer zu
86 7989 1702 8098 beweglich. Er blickte dem ehemaligen Freund traurig in die
1768 8020 3354 8152 sitzen und zu spielen. Aber in der Schule, da war so viel
3420 8012 4031 8121 wächst kein Hälmchen.
93 8074 1379 8187 Augen und burg dabei die Hände unterm Tisch
1761 8086 1955 8187 Lärm."
3541 8059 5056 8199 Es ist ein sonniger Sommertag, und die kleine Bucklige
230 8102 1706 8230 „Kennst' mich jetzt wieder, Palffy?“ sagte er leise.
1901 8117 5025 8254 Und dann flüstert die Mutter wieder, daß Meli irgend¬ ist in ihrem Garten, der nur aus grauen Felsblöcken und
78 8203 1500 8324 Dann drehte er den Kopf zur Seite und schaute weg
1733 8203 4249 8343 eine Arbeit außer Hause haben muß, sie muß mit einer Schul- vielfärbigen Schlachen besteht.
4253 8230 5017 8363 Sie ist allein, denn ihre
