5220 9000
499 252 954 410 Wien, Freitag
0 394 1303 536 ardis. Hören Sie... hörst du das Klavier?
0 516 909 637 insky. Eine Saite ist zerrissen.
0 593 1295 694 ardis. Jetzt kommt die Stelle. Immer wenn
0 678 991 759 kommt, ist ein Loch in der Melodie.
0 723 1311 836 insky. Wie eine Zahnlücke in einem grinsenden
0 812 1291 901 das Schlimmste ist dieser Parsümgeruch. Er dring
0 889 788 970 Mauern. Er ist alt und gifig.
0 905 1311 1064 tardis (die ihn beim Gehen zum Alkoven stützt)
0 1019 974 1112 werden Türen auf= und zugemacht.
0 1043 1332 1198 insky. Du zitterst, Natascha. Du Zitterst ja
0 1149 459 1234 Leib, Lukardis
0 1181 1336 1328 ardis. An der Wand dort raschelt es. Hinter
20 1275 585 1372 Was raschelt denn?
12 1311 1332 1433 linsky (zwischen Fieber und leichter Trunken-
12 1417 1315 1498 hast du nun deine wirkliche Welt Gefällt sie dir?
12 1486 1319 1563 ernis kupplerisch, die Helligkeit betrügerisch. Was
12 1547 1315 1636 hüllt gewesen, schamlos vor dir, kein Geheimnis
12 1616 1311 1689 t lockt dich noch was am Geheimnis? Was will
12 1681 1319 1762 räumen, wenn du diese Nacht hinter dir hast?
12 1742 1328 1827 antasie wird wie ein rostiger Ring sein, aus dem
0 1815 1332 1892 are Stein herausgefallen ist. Hör nur, wie sie toben,
0 1884 1319 1957 nicht, ist's links oder rechts, ober oder unter uns
8 1945 1328 2062 das Leben, Natascha! das sind alles Menschen
0 2010 654 2107 Glaubst du mir nicht?
8 2071 1328 2168 kardis. Es ist Zeit, den Verband zu erneuern.
0 2140 658 2245 hin, du mußt schlafen...
8 2188 1328 2290 dinsky. Steht nicht jemand vor der Tür? Haft
0 2282 1336 2367 lachen gehört? Ohne Morphium werd ich nicht
0 2351 1319 2436 können. Und solang du wach bist, nehm ich kein
329 2444 739 2570 Vorhang.
0 2607 1206 2805 Durchlauf neue Gedichte.
191 2753 905 2907 Von Franz Werfel.
45 2870 1027 3021 Im Kaffeehaus zu Kairo.
0 2984 877 3098 den Wolken meiner Wasserpfeife
0 3049 978 3195 mt die Knospe aller Zeit zur Reife
8 3155 966 3268 Ruhe nenn ich Gott zum Ruhme
0 3248 922 3354 Bergängnis windgeschützte Blume
0 3321 857 3443 hte Wichtigkeiten, Pflichtigheiten
8 3414 1080 3536 im Lärm und Straßenstaub vergleiten
0 3500 1015 3622 vom Planen, Heischen, Unternehmen
0 3589 1080 3715 ibt im Herzen nur ein leichtes Schämen
24 3678 987 3800 gedankenlos durch Schattenscharten
0 3780 934 3889 hert Tag mir vom Gezirah=Garten.
0 3853 913 3995 tentönig näselnd hält durchdrungen
0 3963 861 4068 gende Befriedigung die Lungen.
0 4060 1157 4166 geschieht es, — Ohnmacht löst die Sinne.
0 4125 812 4251 ich tiefer meiner werde inne,
0 4194 978 4336 daß ich schon bei der zweiten Pfeife
0 4308 832 4413 nen Mundvoll Ewigkeit begreife.
45 4409 1100 4555 Im Tiergarten von Kauro.
345 4515 812 4657 (Pragment.)
0 4592 1218 4722 askenverleihung! Ich kann sie nicht fassen,
0 4697 1157 4775 öfig und Weiher, auf Felsen und Daum.
0 4738 1319 4868 das watschelt und trippelt, dahinhuscht und ruht!
8 4831 885 4913 Milpferde schlafende Riesenmassen,
0 4909 836 4978 und wie aufgeworfener Schlamm.
0 4957 954 5079 doch, auch in ihnen rollt rotes Blut
0 5043 897 5156 Seelen sind zum Fasching befohlen,
0 5144 759 5237 kistellen Hyäne und Schwan,
0 5193 1060 5290 in Pelz-, in Federkostümen zu wohnen.
1494 223 2529 394 Neue Freie Presse
1417 390 2489 483 Manchmal erstarren sie wie verstohlen,
1421 475 2615 564 Und man sieht den traurigen Tier=Personen
1433 544 2525 650 Staunen, Schreck und Verstimmung an.
1421 609 2643 743 Der Marabu senkt seinen Schnabel zur Erde
1429 715 2383 796 Wie einer, den die Sonne verlacht
1441 759 2460 853 Das Lama ziert sich in seiner Wolle.
1429 828 2712 938 Als wollt es gestehn mit verschämter Gebärde.
1441 913 2513 995 Daß es für den Maskenball diese Rolle
1441 978 2533 1084 Und seine Verkleidung nicht ausgedacht
1433 1052 2477 1181 Ins Weite schreiten beleidigte Reiher
1433 1157 2334 1246 Flamingshälse wie Wettersahnen
1433 1194 2525 1307 Drehn sich nervös auf sumpfiger Flut.
1445 1283 2700 1384 Der Pelikan scheint das Geheimnis zu ahnen
1433 1344 2412 1445 Nur ein unversöhnlicher Gänjegeier
1458 1413 2497 1539 Hütet sein Fleischstück wie Kohlengluk
1453 1498 2513 1608 Das Känguruh sieht seine Vorderpfoten
1433 1579 2631 1669 Und findet sie krüppelhaft sinnlos verkürzt
1445 1652 2720 1758 Ja selbst hinter zierlich erzwitscherndem Gitter
1433 1721 2424 1811 Ist das dottergoldene Vogelgezitter
1433 1770 2578 1888 Mit tausend fragend zersplitterten Noten
1445 1868 2436 1965 Wie vor Gewittern seltsam bestürzt.
1458 1941 2598 2079 Wird endlich der kleine Kopf der Giraffen
1445 2034 2440 2132 Im oberen Laub der Akazie landen
1445 2107 2408 2201 Leise geniert im blättrigen Dunst?
1466 2152 2566 2257 Ach, einzig die alten Gaukler, die Affen,
1466 2237 2525 2310 Sind mit sich selber tief einverstanden,
1453 2270 2712 2428 Diese Herzen voll Lüge, Wahnsinn und Kunst
1742 2408 2655 2546 Der kranke alte Mann.
1506 2537 2639 2631 Der alte Herr, der täglich mir begegnet,
1531 2582 2765 2692 Wird immer müder. Selbst im Sonnenschein
1522 2680 2757 2781 Stellt er den Kragen auf, wie wenn es regnet.
1522 2769 2655 2866 Alltäglich schmilzt sein Antlitz kleiner ein
1539 2826 2793 2923 Und tropft wie Totenwachs in sich zusammen
1535 2903 2667 2996 In wenig Tagen wird es nicht mehr sein.
1535 2972 2870 3114 Die Krallenhändchen einen Schirm umklammern,
1539 3061 2761 3167 Der Rock umschlottert leerer stets die Brust,
1535 3134 2631 3236 Indes die Augen immer voller flammen
1539 3211 2631 3301 Oh Augen, wessen seid ihr euch bewußt,
1535 3293 2712 3366 Daß ihr ein Lächeln noch könnt zubereiten.
1535 3349 2639 3447 Da eure Höhlen schon der Tod berußt?
1539 3423 2732 3536 Mit Gier erforsch ich die Durchsichtigkeiten
1543 3516 2562 3593 Des Angesichtes und die süße Kraft,
1535 3540 2838 3678 Die mich durch seine Scheibe trifft vom Weiten
1539 3642 2537 3768 Ist Sterben eine wehe Wissenschaft.
1547 3731 2578 3820 Ist es ein Ausflug nur in leere Hage
1531 3755 2919 3898 Wo man im Gras liegt, traum- und pflanzenhaft?
1547 3881 2964 3991 Lähmt dich die Angst nicht vor dem letzten Tage.. 7
1547 3958 2700 4040 Oh alter Herr, wie du dich jetzt entfernst,
1539 4023 2680 4129 Antwortet mir dein Gang aus jede Frage:
1547 4097 2753 4231 Was fürchtet ihr? Es ist nicht halb so ernst
1701 4186 2781 4344 Elegie der Schöpfungsliebe.
1441 4328 3045 4454 Wer liebt nicht, wenn der Himmel tiefblau ist, die Menschen?
1563 4405 2399 4482 Alles sonnt sich an allen Ufern,
1571 4474 2745 4555 In allen Augen flutet und ebbt das Meer
1441 4539 2765 4632 Sie stoßen die Boote ins Wasser, Knaben schreien
1429 4608 2684 4693 Ein uralter Fischer sammelt das Netzgarn auf
1441 4653 2952 4775 Seine unermüdlichen Kiefer kauen emsig den Frühling
1441 4742 2700 4823 Dort eine Kranke schleicht, auch sie vergoldet.
1429 4775 2830 4909 Und all die Gestalten der eitel schreitenden Frauen
1421 4872 2550 4994 Umfängt unsre tiefe, wunschlose Freude.
4170 187 4519 300 Nr. 24168
3069 207 3686 378 25. Dezember 1931
3021 337 4462 471 So vielleicht lieben uns die Engel, so die Dämonen,
3025 434 4133 548 Die nicht einbezogen sind in das Spiel.
3021 512 3995 593 Sie sehn das farbenselige Verwesen
3037 560 4446 658 Und das Licht, das im Herzen der Fäulnis brennt.
3033 601 4661 739 Da faßt die Engel ein staunendes, ein entzücktes Erbarmen,
3045 723 4202 808 Ein Schauer aufschluchzender Heiterkeit...
3171 763 4559 922 Und vielleicht ist diese leichte vergleitende Nührung
3163 877 4340 1007 Der hochgerühmte Lobgesang des Himmels.
3467 978 4239 1145 Flucht des Werkes.
3301 1108 4117 1226 Es ist ein großer Widerstand
3301 1194 3792 1295 In allem Werk.
3313 1218 4393 1356 Ihr wißt es ja: Kein Werk will werden
3321 1340 4109 1486 So weigerte der Gotteshand
3313 1437 3885 1539 Sich auch die Welt.
3309 1466 4381 1624 Ungern entstanden Stern und Erden.
3309 1583 4470 1701 Die Schöpfung schlief in warmen Decken
3325 1685 4271 1762 Und wehrte sich, das müde Kind,
3309 1758 4291 1847 Als Gott hereinkam, es zu wecken.
3309 1823 4312 1949 Auch was wir bilden und ersinnen,
3321 1924 4316 2034 Will durch die Finger unsrer Hand,
3325 1989 4328 2103 Der bastelnden, geschwind entrinnen
3199 2156 4539 2387 „Timons Glück und
3455 2351 4263 2533 Untergang.
3211 2505 4547 2643 Zwölf Szenen von Ferdinand Bruckner.
3195 2635 4685 2732 Wir veröffentlichen im nachstehenden den zweiten Akt des
3061 2716 4701 2810 demnächst im Burgtheater zur Uraufführung gelangenden
3057 2789 4701 2866 neuen Schauspiels „Timons Glück und Unter-
3069 2862 4689 2943 gang“ von Ferdinand Bruckner, einem der führenden
3082 2927 4677 3004 modernen deutschen Dramatiker, Dichter der „Verbrecher
3069 2988 4689 3073 und der „Elisabeth von England“. Das Schauspiel Bruckners
3069 3057 4697 3138 das sich, wie seine meisten Dramen, in Bildern aufbaut, hat
3069 3122 4689 3207 mit dem Trauerspiel Shakespeares, das in düsteren Farber
3069 3191 4693 3264 das Schicksal des verschwenderischen, in seiner Armut durch
3082 3252 4706 3345 seine Freunde bald enttäuschten Timon von Athen schildert,
3069 3325 4697 3410 nur die Umrisse des Geschehens gemeinsam. Im Gegensatz
3069 3390 4697 3467 zu dem figurenreichen Drama Shakespeares geht bei Bruckner
3073 3455 4706 3540 die Handlung nur zwischen sieben Personen vor sich: Timon,
3082 3528 4701 3613 Alkidiades, Lykos, dem reichsten, Simonides, Kairon,
3086 3605 4710 3686 angesehenen Männern der Stadt, Myrthis, der jungen
3086 3650 4697 3739 schönen Geliebten des Alkibiades, und Nikiäs, Timons ge¬
3086 3735 4710 3808 treuem Verwalter. Timon ist in der Auffassung Bruckners
3086 3796 4697 3881 ganz modern gedacht — ein philosophischer Kopf, leiden
3094 3869 4714 3946 schaftlicher Bejaher des Lebens und seiner wirklichen geistigen
3082 3926 4722 3999 Güter, Feind des Krieges und der Politik. Im ersten Akt
3082 3999 4710 4088 des Werkes, das zur Zeit des siegreichen Alexanderzuges
3082 4060 4710 4153 vor sich geht, lernt man im Gespräch mit Alkibiades und
3098 4129 4718 4214 beim Gastmahl den siebenundvierzigjährigen, als überreich
3098 4202 4706 4275 geltenden Timon kennen, den Kunst= und Schönheitsfreund
3098 4263 4710 4332 der das Odeon auf seine Kosten bauen läßt, aber eine
3098 4328 4710 4421 Truppenausrüstung verweigert. Am Schluß des Gastmahls
3094 4401 4714 4494 erfährt man, daß er durch seine Sorglosigkeit verarmt, zu-
3098 4458 4332 4576 grunde gegangen, ein Bettler geworden ist...
3658 4551 4162 4693 Zweiter Akt.
3390 4665 4442 4787 Szene 4. Bei Kairon. (Timon, Kairon.)
3228 4754 4718 4888 Timon. Ich bin nicht hergekommen, um mein Lob
3094 4848 3390 4969 zu hören.
3240 4909 4726 5010 Kairon. Aber es gebührt dir gerade aus meinem
3106 4978 3305 5091 Munde
3240 5006 4515 5132 Timon. Laß es uns rasch erledigen, Kairon.
3224 5071 4710 5189 Kairon (immer vorsichtig). Aus dem Munde eines
3069 5148 4714 5282 Generalsteuereinnehmers, der sich sonst berufsmäßig jedes
1571 4969 2205 5083 Ein Aufschluchzen lang
1421 5026 2680 5160 Diese Ahnung des bunt umzauberten Sinnes
1445 5132 2566 5237 Ein staunendes, ein entzücktes Erbarmen
1417 5189 2318 5294 Mit unserer ganz kurzen Welt!
3207 5319 4722 5408 Sie verteidigte sich außerordentlich geschickt gegen den ihr
1437 5335 3049 5432 vorbei an der hofknixenden Bedienerin, vorbei on Mattachich
0 5351 1380 5428 betrachtete diesen Menschen, der während der letzten
3130 5408 4710 5481 zugemuteten Schwachsinn. „Man hat den Leuten vorgeschwin
1433 5416 2745 5501 der sich wie ein Zeremonienmeister tief verbeugte.
0 5420 1380 5497 je, nur die eine Woche gerechnet, mehr erlebt hat
3118 5457 4722 5538 delt, ich sei schwachsinnig, weil ich hundertzwanzig Paar
1563 5473 3049 5550 Da ich nicht wußte, wie ich mich in dieser Operetten¬
0 5489 1384 5574 lose in ihrem ganzen Dasein. Nichts ist ihm an¬
3118 5526 4726 5603 Schuhe und über hundert Kleider in meiner Garderobekammer
1453 5534 3073 5643 szene zu benehmen hatte, blieb ich, wo ich war, an dem Tisch,
0 5558 1380 5639 n. Seine zugeschlossene Miene läßt kaum eine leise
3134 5591 4722 5680 hatte. Man soll die Garderobekammern der anderen Prin¬
1453 5611 2586 5712 um den sich einige Fauteuils gruppierten.
0 5615 1380 5721 er ausgestandenen Gefahren, keine Spur des Glückes
3130 5672 4722 5745 zessinnen, der amerikanischen Millionärinnen revidieren
1571 5652 3045 5757 Die Prinzessin, während die Bedienerin die Flügel
0 5688 1218 5765 s heißersehnte, endlich erreichte Ziel merken.
3122 5721 4722 5802 Vielleicht besaß ich ein wenig mehr, viel war es gewiß nicht
1445 5741 3049 5826 türen von innen zugeschlossen hatte, segelte, mit dem Kur
0 5729 1380 5838 ir gehen in das nahe Hotel Mirabeau. Das war
3118 5794 4738 5879 Und sicher besitzen andere Damen meines Ranges und
1445 5806 3057 5907 auf mich, sacht immer näher. Sie erhob ihre Hand bis nah=
0 5818 1380 5895 ein altes, kleines und dürftiges Haus in der Ru=
3118 5859 4726 5940 meines Reichtums mehr, wie ich besaß. Schwachsinn!“ Sie
1445 5879 2598 5984 an mein Gesicht, und ich küßte diese Hand
0 5879 1368 5980 Baix, war mit seiner Bescheidenheit sehr weit entfern
3122 5932 4734 6017 lachte ironisch. „Das kann man kleinen Reportern einreden
1563 5915 3061 6029 Länger als eine Woche verbrachte ich jeden Vormittag
0 5956 544 6041 ner heutigen Eleganz.
3130 5997 4750 6070 Die schreiben ja, wenn ein Defraudant erwischt oder ein
1445 5984 3069 6098 bei ihr, denn diese Frau hatte ein übervolles Herz auszu¬
0 5993 1397 6110 ne steile Treppe führt in den ersten Stock, direkt
3134 6066 4734 6143 Bankrotteur vor Gericht gestellt wird: „Er hat schon immer
1445 6086 3049 6175 schütten. Jedesmal vollzog sich ihr Einzug unter dem gleichen
0 6094 1376 6179 ppartement der Prinzessin. Wir sind in einem alt
3118 6131 4738 6224 ein luxuriöses Leben geführt!“ Und wie sicht das luxuriöse
1466 6143 3049 6240 Zeremoniell. Immer trug sie denselben abgenützten Schlaf
8 6163 1364 6248 en Salon, der durch seine kraftlos gewordene Be¬
3130 6204 4730 6273 Leben aus? Dreizimmerwohnung, Besuch von Theater und
1466 6216 3069 6297 roch und immer stand Mattachich aufrecht und regungslos
0 6224 1397 6313 g um Pracht und Noblesse nur einen noch tristeren
3118 6273 4750 6350 Rennplatz. So stellen sich diese Leute ein luxuriöses Leben
1458 6281 3082 6370 hinter dem Fauteuil der Prinzessin. Ich habe ihn in ihrer
0 6293 528 6382 geren Eindruck weckt.
3134 6338 4738 6419 vor!“ Mit einer unsäglich geringschätzigen Haudbewegung
1458 6350 2692 6447 Gegenwart kein einziges Mal sitzen gesehen.
0 6350 1389 6451 attachich verneigt sich vor mir, so förmlich wie nie=
3130 6407 4750 6472 wies sie dabei nach unten, wie zu einer fernen Welt. über
1583 6366 3073 6500 Die Frau, der ich mich nun gegenüber befand, war sehr
8 6431 1384 6553 zeremoniell wie nie: „Einen Augenblick, bitte...
3122 6468 4762 6545 die sie sich hoch erhaben fühlte. „Schwachsinn wegen hundert
1453 6476 3061 6581 gealtert und sichtlich vom Unglück gezeichnet. Durch ih
0 6492 658 6589 ab ins Nebenzimmer.
3134 6537 4738 6606 Toiletten! Das schwätzen diese armseligen Reporter den
1474 6553 3073 6642 reiches, blondes Haar spannen viele, vielen graue Fäden. Das
0 6533 1397 6646 Nach wenigen Minuten öffnet eine Frau, die wie ein
3130 6597 4734 6679 kleinbürgerlichen Frauen vor, und dann heißt es natürlich
1466 6610 3065 6719 Antlitz der Prinzessin erschien bleich, ihr Teint war unrein
0 6622 1405 6727 Bedienerin aussieht, ganz weit beide Flügel der Tür=
3130 6662 4722 6748 diese Prinzessin ist verrückt, die gehört ins Narrenhaus!
1466 6691 2704 6780 und in ihren Augen wohnte großes Müdesein.
0 6695 1177 6784 nkt dann in einem tiefen Hofknix zusammen
3260 6731 4746 6817 Den nächsten Tag redete sie vom Wiener Hof. Sie
1600 6748 3069 6853 Sogleich fing sie mit dem Prozeß Mattachich an. Als
0 6772 1405 6849 ist eine Person mittleren Alters, weder hübsch, not
3146 6805 4766 6882 geriet in Flammen. Es gab vom Kaiser Franz Josef an kein
1474 6817 3061 6922 setze unsere Unterredung nur eine lange Reihe vorher
0 6841 1421 6922 ich reizvoll. Mattachich erzählte mir später, sie sei die
3130 6861 4750 6955 Mitglied der Dynastie, auf dessen Haupt ihr Zorn, ihre Wut
1474 6902 3073 6987 gegangener Gespräche fort, war sie mit den ersten Worten
8 6910 1417 6995 seines Kerkermeisters gewesen, habe ihm manches
3142 6943 4762 7024 ihr blutiger Schimpf sich nicht entladen hätte. Das zischte,
1470 6959 3073 7068 tief im Zentrum der Sache. Sie legte ausdrücklich und klar
0 6987 1421 7068 im Zuchthaus erleichtert, sei ihm dann in die Freihen
3146 7012 4758 7089 prasselte und knallte nur so. Als ich fragte: „Und Ihr
1470 7024 3073 7129 Zeugenschaft ab für Mattachich. Er hatte keinen Wechse
0 7040 1417 7129 und diene jetzt der Prinzessin. Diese Frau gehörte
3146 7077 4766 7158 Vater?“ hob Mattachich hinter ihr beschwörend die Hände
1482 7093 3086 7182 gefälscht. Es gab keinen Wechsel zu fälschen. Und er wäre
0 7117 1413 7227 r zu den vielen Geheimnissen, die es im Leben
3142 7150 4762 7231 zu mir auf. Aber es war schon gesagt. So fuhr ich fort: „Ihr
1474 7166 3073 7243 der letzte, der dazu fähig sein könnte. Sie sprach von ihm
0 7178 1421 7267 hich' gegeben hat. Er hat nicht mehr von ihr ge¬
3142 7202 4750 7296 Vater, Hoheit, ist der einzige, gegen den Sie nichts sagen.
1470 7239 3094 7324 der stramm wie ein Diener hinter ihr stand, als sei er gar
0 7243 1417 7328 n und ich habe nichts weiter gefragt. Irgendwelche
3146 7276 4750 7353 Und doch hat er sich Ihrer nicht angenommen, hat Ihre
1486 7300 3069 7381 nicht da. Schilderte ihn als vollendeten Kavalier. Er war es
0 7316 1417 7397 e Zusammenhänge hielt ich, wenn auch nicht für aus-
3146 7336 4746 7426 Schwester vom Sarg der Mutter wegjagen lassen.“ Sie sal
1470 7357 3073 7454 der ganz uneigennützig Geldopfer gebracht hatte. Die Hotel
0 7381 1417 7462 sen, so doch keineswegs für jedenfalls anzunehmen
3146 7409 4766 7491 mich mit plötzlich nassen Augen an. „Mein Vater“, ant¬
1486 7434 3090 7519 rechnung zum Beispiel, damals an der Riviera, zwanzig¬
0 7446 1429 7543 chich war eben ein Mann, dem sich die unbedingte
3142 7474 4770 7584 wortete sie, „ist ein großer und weiser König! Ich an seiner
1470 7507 3082 7580 tausend Francs, sei sie ihm heute noch schuldig. Sie trat jetzt
0 7531 1421 7604 be wie die demütige Ergebenheit solch einfacher und
3155 7543 4137 7625 Stelle hätte nicht anders gehandelt!
1486 7576 3086 7661 zuerst und vor allem für ihn ein, genau wie Mattachich bei
0 7580 1303 7661 er Einfachheit oft rätselhafter Naturen zuwandte.
3264 7568 4750 7690 Merkwürdig war diese Frau. Von einem stärken
1482 7637 2846 7738 mir zuerst und vor allem von ihr gesprochen hatte.
0 7612 1417 7734 Die Frau also versank an einem der beiden Türflüge
3155 7633 4762 7763 stolzen Bewußtsein threr Abkunft und ihrer Stellung erfüllt.
1620 7698 3086 7787 Dann am anderen Tag kam die Rede auf ihr eigenes
0 7722 1429 7811 em Hofknix. Jetzt erschien Mattachich, ging feierlichen
3155 7730 4758 7824 Außerordentlich klug und zugleich vollständig weltfremd. In
1482 7746 3086 7840 Schicksal. Sie wurde von dem heftigsten Zorn befallen, als
0 7779 1421 7872 es bis zur Mitte des Salons, stand still und ver
3142 7820 4762 7905 allen menschlichen Angelegenheiten zeigte sie scharfes
1494 7820 3086 7913 sie die Stunde, den Ort und die Umstände ihrer Festnahme
0 7844 1445 7941 e: „Ihre königliche Hoheit, die durchlauchtigste Frau
3159 7885 4750 7962 unbarmherziges Beobachten, den praktischen Dingen, ins-
1498 7897 3098 7982 schilderte. Ihre Schilderung klang so plastisch, als wäre ihr
8 7913 1433 8051 sin Louise von Koburg=Belgien!" Dann nahm er
3146 7941 4766 8018 besondere dem Geld gegenüber, blieb sie total ahnungslos.
1482 7966 3102 8047 das gestern oder vorgestern passiert und nicht vor sieben
0 7990 1145 8067 tellung im Profil zur weitgeöffneten Tür.
3159 8002 4758 8083 Sie war kühl und dennoch leidenschaftlich, besaß eine enorme
1482 8035 3082 8112 Jahren. Trotzdem konnte man sich nicht darüber wundern
0 8043 1429 8136 Und nun kam Louise. Umhüllt von einem husaren¬
3142 8079 4770 8152 Willenskraft, sich zu verstellen und zurückzuhalten, bis ein
1498 8104 3086 8173 Diese Frau hatte sieben Jahre lang schweigen müssen. Wenn
0 8112 1441 8213 ein wenig mit Cremespitzen besetzten Schlafrock, der
1498 8152 4762 8238 sie jetzt sprach, wußte sie, daß ihre Worte von der breitesten I Moment kam, da sie alle Hemmungen zu verlieren schien
0 8181 1441 8274 mehr ganz sauber war, aber eine mächtige Schleppe
3106 8209 4775 8327 und in jähem Aufbrausen ohne Besinnen mit fortgerissen
8 8242 2424 8376 sich herzog. Langsam und feierlich kam sie herein, Oeffentlichkeit vernommen würden.
