5748 8824
210 271 589 379 Nr. 24tes
886 282 1347 446 Wien, Freitag
2002 302 2929 405 Neue Freie Presse
3472 318 4097 415 25. December 1881
4742 307 4901 461 31
2376 538 2704 686 A
1915 630 2653 732 C. A. P.
2725 594 3103 717 Ilmoitetaan
4302 609 4553 865 Aufgenommen
3150 615 3380 794 T
4635 886 4860 1004 H
666 865 4466 1065 Weihnachtsbeslage der „Neuen Freien Presse“.
707 1142 1188 1255 lääneissä sekä.
1388 1157 1613 1270 N.P.
2397 1203 2755 1352 ΔΟΟῖ·ου
1541 1424 3641 1685 Das neue Drama.
1168 1782 4005 1915 Werke von Jakob Wassermann und Ferdinand Bruckner.
323 1956 599 2079 The Rechte von
732 1992 1449 2105 Den Bühnen und Bereinen 9-3
1490 1997 1700 2095 der Mann-
1782 1997 3390 2110 ruft; Klirren, wie wenn Gläser auf einer Metallplatte vorbei¬
1490 2048 1705 2151 Verfangen sind
727 2054 1439 2130 uf Aufführung, Versilmung und Ue¬
3549 2018 5029 2120 Olga Petrowna. Wird per Mahlzeit berechnet
1782 2095 5039 2192 getragen würden, dazu von Filzschuhen gedämpfte Schritte (samt=) Man sperst à la carte. Den Herrschaften wird von einem Auf=
456 2115 1531 2182 durch S. Fischer Verlag A. G., Berlin, zu erwerben.
1782 2161 3370 2228 liche bedienenden Personen tragen Filzschuhe); entfernter di
282 2141 1700 2269 Coqyrigi 1831 by S. Fischer Verlag A. G., Berlin. Printel in Germann
3447 2171 5039 2258 wärter in Livree serviert, dem man die Nota bezahlt. Er bleibt
1792 2212 3385 2294 Töne eines mechanischen Klaviers sowie eine Frauenstimme, die
3441 2248 5039 2325 den Herrschaften zu besonderen Dienstleistungen zugewiesen.
1787 2279 3395 2356 einen banalen Gassenhauer plärrt. Nach einer halben bis einer
3570 2320 5039 2402 Anastasia Karlowna (merklich angewidert, was
604 2264 1260 2417 Lukardis.
1782 2330 3380 2412 Minute wird der Schlüssel im Schloß gedreht, durch die geöffnet
3441 2366 4829 2468 sie nach Kräften verbirgt). So wäre das in Ordnung
1787 2392 3395 2463 Tür fällt Licht vom Kokridor herein, Olga Petrowna, die
430 2402 1465 2550 Schauspiel in drei Akten
3559 2422 5039 2535 Olga Petrowna. Für welche Zeit ist das Apparte¬
1782 2458 3395 2545 zuerst eintritt, dreht den elektrischen Mittelluster auf. Sie ist
1792 2520 4077 2607 eine verblühte Dame zwischen Vierzig und Fünfzig mit großartigen | ment instand zu setzen
487 2509 1383 2668 Von Jakob Wassermann.
1787 2571 3385 2653 Allüren und affektierter Sprechweise. Hinter ihr Anastasi
3580 2556 5034 2668 Anastasia Karlowna. Jetzt. Gleich. Es ist
1782 2632 5055 2735 Karlowna, über Fünfzig, graue Haare, bescheidene Kleidung, acht... In einer halben Stunde sind sie da. Man wartet nur
737 2637 1147 2760 Personen:
1798 2699 3406 2791 kluges Gesicht. Die Situation, in der sie sich befindet, flößt ihr
3447 2714 4829 2791 auf meine Verständigung. (Wendet sich zum Gehen.
123 2714 1511 2842 Peter Iljitsch Kussin, Staatsrat und Senator
2182 2755 3011 2847 sichtlich das größte Unbehagen ein
3570 2776 5126 2888 Olga Petrowna. Einen Augenblick noch, wenn
123 2827 1741 2929 Lukardis Stephanowna Schmoll, Tochter des Bize-
3452 2827 4266 2924 Sie die Güte haben wollen..
246 2883 717 2981 admirals Schmoll.
3559 2888 5039 3032 Anastasia Karlowna (ärgerlich). Was ist ge¬
1900 2929 3406 3016 Olga Petrowna. Dieses Appartement wäre als
123 2919 1183 3073 Anastasia Karlowna Martow.
1782 3001 3390 3093 eines der besten zu empfehlen. Es entspricht allen Wünschen
133 3032 538 3124 Krasnuka.
3580 3011 5060 3150 Olga Petrowna. Sie verzeihen, aber ich habe in
1787 3068 2678 3170 Es ist alles ruhig und vornehm.
128 3068 1060 3221 Wera Fedorowna, seine Frau
3447 3114 5055 3216 meiner Praxis selten mit einer Quartiermacherin zu tun
1931 3139 3385 3237 Anastasia Karlowna. Es wird das richtige sein
3452 3180 3646 3272 gehabt
123 3175 379 3267 Gljeb.
1926 3206 3390 3303 Olga Petrowna. Ich habe es erst im Herbst frisch
3570 3201 5060 3360 Anastasia Karlowna (über die Achsel). Es sind
123 3226 507 3344 Olminsky
1792 3247 2248 3365 herrichten lassen.
3452 3298 4071 3406 besondere Umstände..
128 3283 1086 3411 Olga Petrowna Uglassewa.
1926 3303 2899 3416 Anastasia Karlowna. Rein
3580 3349 5050 3498 Olga Petrowna. Ungewöhnlich. Das Un¬
128 3406 1163 3518 Iwan Matweijitsch, Kommissar.
1915 3395 3395 3493 Olga Petrowna. Garantiert. Ungeziefer finde
3457 3436 4179 3549 gewöhnliche gibt zu denken
1782 3467 2934 3595 man bei mir nicht, wenn Sie das meinen
128 3467 635 3564 Igor, Aufwärter.
3570 3493 5055 3636 Anastasia Karlowna. Bin ich Erklärungen
1910 3539 3057 3621 Anastasia Karlowna. Der Preis
128 3539 568 3636 Dimka, Magd.
3457 3554 3713 3672 schuldig?
1915 3595 3385 3698 Olga Petrowna. Dreißig Rubel per Nacht. Be
128 3595 722 3713 Ein Diener bei Kussin.
3570 3600 5065 3739 Olga Petrowna (argwöhnisch). Ich bin der
1787 3646 3401 3774 vierundzwanzigstündiger Benutzung fünfzig Rubel. Von sech=
123 3651 1055 3795 Wassilji, Diener bei Krasnuchs
3462 3687 5055 3800 Polizei gegenüber verantwortlich. Täglich kommt ein Be¬
1782 3733 3196 3846 bis sechs. Die angebrochene Mehrstunde fünf Rubel
128 3728 1736 3872 Erste, zweite, dritte Männerstimme, Frauenstimme bei der Spiel
3457 3779 5050 3856 amter zur Inspektion. Wenn ich politisch Verfolgten Asy
1915 3800 3411 3908 Anastasia Karlowna. Für zwei volle Tage also
225 3836 435 3918 partie.
3452 3851 5091 3928 gewähre und es wird entdeckt, sperrt man mir den Betrieb.
1803 3836 2289 3979 hundert Rubel
3585 3902 5070 3984 Anastasia Karlowna (sarkastisch, aber unvor-
123 3861 640 3995 Stimmen im Hause
1926 3902 3293 4030 Olga Petrowna. Ganz recht. Vorauszahlbar
3462 3954 5075 4051 sichtig). Sollten Sie versäumt haben, auch dafür einen Preis
123 3959 620 4092 Zwei Prostituierte.
1910 4010 5065 4107 Anastasia Karlowna. Ich werde es vor dem anzusetzen? Oder sind Sie der einzige Mensch in Rußland
574 4015 1311 4164 Zeit: 1905. Ort: Moskau.
1782 4051 2289 4169 Weggehen regeln.
3457 4092 5096 4179 der einen Beamten nicht zu bestechen versteht? (Erschrickt
1941 4097 3267 4215 Olga Petrowna. Ich bin Ihnen verbunden
3452 4158 4578 4256 über sich selbst, beißt sich auf die Lippen.
691 4123 1137 4240 Erster Akt.
1900 4194 3237 4271 Anastasia Karlo die Verpflegung:
128 4189 1736 4297 Geräumiges Zimmer im Maison de rendez-vous der Olga Petrowna
3590 4189 5121 4348 Olga Petrowna. Ich scheine keine Patriotin vor
128 4286 1736 4358 Uglassew. Die Ausstattung hat den Schein von Zweideutigkeit
3452 4235 3861 4368 mir zu haben.
138 4353 1746 4440 und verlogener Eleganz, der solchen Häusern eigen ist. Stühle
3595 4302 5157 4445 Anastasia Karlowna (lenkt erschrocken ein).
133 4404 1746 4476 und Sofa mit verschossener rosa Seide überzogen. Mitteltisch. Die
3457 4363 5096 4481 Sie haben in dieser Beziehung nicht das mindeste zu fürchten.
123 4466 1741 4543 Wände sind zum Teil mit Spiegeln verkleidet. Im Hintergrund
3585 4476 5096 4573 Olga Petrowna. Ihr Wort sollte mir genügen.
1895 4445 2899 4573 Fehlten sie am Welhnachtstisch
133 4527 1757 4609 Flügeltür in den Flur. In der Ecke rechts ein Alkoven hinein¬
3457 4496 4558 4619 Leider haben Sie mich ängstlich gemacht
149 4584 1762 4671 gebaut, vor dem eine Plüschportiere hängt. Im Alkoven das
1895 4578 2924 4701 dann schenken Sie sich selbst
3585 4553 5131 4691 Anastasia Karlowna (will den begangenen
149 4645 1757 4717 französische Doppelbett. links eine ebenfalls mit Spiegeln ver¬
3452 4650 5085 4753 Fehler wieder gutmachen). Ich will offen gegen Sie sein...
133 4696 1767 4804 kleidete und stark in die Augen fallende Zwischentsir. Rechts zwei
2305 4655 2919 4799 L. B. O. Strümpfe
3595 4722 5085 4824 Olga Petrowna (ziert sich). Ich möchte nicht In-
763 4758 1137 4875 hohe Fenster.
3452 4747 4292 4891 diskretionen herausfordern...
3590 4804 5060 4962 Anastasia Karlowna (mit Ueberwindung)
133 4891 1757 4998 Beim Aufgehen des Vorhanges ist die Bühne dunkel. Die Vor¬
3457 4906 4937 5014 Ich empfehle nur ein unglückliches Paar Ihrem Schutz
133 4983 1767 5060 hänge über den Fenstern sind nicht zugezogen, infolgedessen fällt
3595 4968 5065 5096 Olga Petrowna. Wer unter meinem Dach weilt
143 5050 1762 5137 von der Straße Laternenlicht an die Decke. Bis zu dem Moment
3452 5039 4624 5152 genießt alle Vorrechte der Gastfreundschaft
138 5116 1757 5188 wo Anastasia Karlowna und Olga Petrowna
3585 5080 5075 5213 Anastasia Karlowna (stachlig). Wer zweifelt
133 5162 1767 5249 Uglassew von hinten austreten, vernimmt man folgende Ge¬
3472 5167 5065 5290 daran? Aber Sie dürften doch nicht kiskieren, es ihnen
133 5224 1767 5295 räusche: Rattern von Fahrzeugen auf dem Straßenpflaster; den
2233 5172 3313 5306 Leopold Feldstein
3462 5244 3892 5352 selbst zu sagen.
133 5285 1772 5372 Ruf eines Zeitungsverkäufers; das Schließen von Rolladen; aus
2228 5295 3324 5403 IX Währingerstrasse 6
3600 5270 5106 5434 Olga Petrowna. Ich weiß, was ich einer
149 5347 1762 5429 dem Hause selbst: zwei oder drei scharfe elektrische Signale; ein
3436 5341 4112 5459 Situation schuldig bin.
149 5403 1762 5505 Männerstimme, die mehrmals zornig und ungeduldig „Igor“
1833 5516 3426 5618 manche Liebschaft nach. Eine Weile aber sprach ganz Wien
3482 5526 5096 5618 zu fürchten, die dem einzelnen Schriftsteller Schaden tun
1004 5541 1736 5628 copyright by Felix Salten, Wien.
3477 5582 5085 5674 konnten. Aber sie hatten Mittel mehr als genug, um jeden
983 5598 1736 5710 Ule Rechte ausnahmslos vorbehalten.
1833 5598 3426 5685 offen von ihrem Verhältnis zu Mattachich. Der war Offizier in
1823 5659 3411 5756 einem adeligen Kavallerieregiment, war durch die zweite Eh
3493 5664 5075 5746 Zugang zu Beweisen zu verrammeln, hatten Mittel genug
3493 5741 5091 5813 um Beweise, die man etwa trotzdem erbrachte, bis zur
1833 5731 3426 5823 seiner Mutter Adoptivsohn eines Grafen Keglevich geworden
261 5685 1695 5905 Auf Tod und Leben.
3488 5787 5050 5874 völligen Unwirksamkeit zu entfärben. Sie hatten „Recht
1833 5802 3426 5884 und führte das vergnügte Dasein eines aristokratischen
1839 5864 3436 5956 Oberleutrants. Eines Morgens wurden die zwei, Louise und
3488 5854 5101 5982 gesprochen und sie würden sicherlich alles daran setzen, recht
149 5869 1782 6038 Die Liebesgeschichte der Louise von Koburg
1828 5941 3421 6033 Mattachich, in einem Provinzhotel ausgehoben. Prin
3498 5925 3810 6033 zu behalten.
1833 6007 3431 6094 Philipp Koburg ließ seine Gattin kurzweg ins Irrenhaus
3605 5956 5111 6094 Der Mann redete indessen weiter, immer aufgeregter,
691 6002 1265 6146 Von Felix Salten.
1844 6074 3441 6161 stecken. Mattachich stellte man vor ein Militärgericht, das
3493 6069 5101 6156 immer heftiger. Während ich ihm mit halbem Ohr zuhöre,
1828 6135 3441 6248 ihn wegen Wechselfälschung für schuldig erklärte und auf
3508 6146 5101 6238 ging mein Ueberlegen weiter. Wenn Mattachich nun doch
292 6120 1777 6238 Einmal empfing ich den Besuch eines Mannes, der mit
1839 6202 2771 6325 sechs Jahre ins Zuchthaus sperrte
3488 6217 5096 6294 unschuldig, wenn diese ganze Zuchthausstrafe nichts anderes
164 6212 1777 6330 ziemlich aufgeregter Stimme behauptete: „Dieser Mattachich
1946 6233 3436 6376 Die Anekdote, die damals erzählt wurde, fiel mir ein
3488 6284 5121 6361 als eine schnöde Machenschaft war? Die Hofgesellschaft und die
164 6294 1777 6391 ist unschuldig!“ Er war eigens zu dem Zweck gekommen
1833 6335 3452 6417 Prinzessin Louise hatte teilnahmsvoll gefragt: „Hat er dort
3498 6340 5096 6427 Generale um den Prinzen von Koburg brauchten sich ja nicht
159 6350 1782 6453 mir das zu sagen. Er war kein junger Mensch, sondern ein
1828 6402 5101 6509 wenigstens einen Teunisplatz?“ So stellte sich um jene Zeit im mindesten geniert zu fühlen, wollten sie Seiner königlichen
174 6427 1782 6514 Mann anfangs der Fünfzig, sehr elegant, mit den Allüren
3498 6484 5096 6555 Hoheit einen Tienst erweisen. Der kleine Kavallerieober-
1833 6473 3365 6581 eine königliche Prinzessin das Leben im Zuchthaus vor.
164 6494 1782 6591 eines hohen Offiziers und er gehörte seinem Namen nach
3508 6540 5116 6622 leutnant war eigentlich in ihren Augen gar kein Gegner.
174 6545 1772 6663 zur Klasse des Feudaladels. Man wird mir ohne weitere
1967 6555 3436 6647 Inzwischen war Mattachich nach vier Zuchthausjahrer
3493 6601 5106 6688 Sein Adoptivvater hatte ihn auf einen Wink von oben ver¬
159 6627 1782 6745 glauben, daß ich zu diesen Kreisen sehr wenig Beziehung hatte
1844 6606 3441 6699 begnadigt worden. Seit etwa zwei Jahren befand er sich
3508 6678 5111 6760 stoßen, hatte ihm die Führung des gräflichen Namens
302 6699 1792 6775 Uebrigens kamen und kommen auch heute immer
1844 6678 3436 6765 in Freiheit. Die Zeitungen, die von seiner Enthaftung
1839 6755 5111 6837 Notiz nahmen, berichteten, daß er sich in äußerster  Keglevich untersagt. Was übrigblieb, war ein winziger kroati¬
159 6760 1808 6842 wieder Leute aus den unterschiedlichsten Klassen und Schichten
3518 6816 5101 6903 scher Gentryman und ein Subalternoffizier. Etwas Ohn¬
174 6832 1798 6929 zu mir. Die einen haben Projekte, für die sie Propaganda
1844 6827 3457 6909 Kärglichkeit fortbringe, und schwiegen alsbald gänzlich
3508 6883 5096 6970 mächtiges Das vernichteten sie, wie man eine Fliege an der
1839 6898 3452 6975 Nun saß ein mir fremder Mann in meinem Zimmer
174 6898 1798 6985 wünschen, die anderen sind in bedrängter Lage und wollen,
3508 6939 5096 7021 Wand klatscht. Hatten sie den armen Teufel in der Ta¬
174 6960 3462 7098 daß man ihnen gegen mächtige Feinde helfen solle. Die beteuerte die Unschuld Mattachichs, verlangte, daß ich
3498 7001 5106 7088 derart erledigt, dann gebot die einfache Menschenpflicht, dem
1859 7021 3452 7108 für seine Rehabilitierung eintrete und nicht eher nach¬
159 7037 1337 7149 meisten haben ganz einfach Manuskripte.
3513 7083 5121 7165 Mißhandelten beizustehen, dann wurde der Kampf gegen
302 7057 1808 7190 Mattachich — die Erinnerung wachte auf, von dem
1859 7093 3462 7180 gebe, bis dieses Ziel erreicht sein werde. Ich befand mich
1844 7144 5116 7267 in einer ernsten, keineswegs angenehmen Lage. Gesetzt den Hof und gegen die Hofgenerale eine zwar schwere Auf¬
174 7134 1741 7252 Besucher unterstützt und immer stärker wachgerüttelt
3513 7216 5111 7323 gäbe, aber doch eine Aufgabe, der man sich keinesfalls ent¬
1854 7221 3462 7298 den Fall, Mattachich sei wirklich unschuldig gewesen und
169 7221 1808 7318 Mattachich, das war der Geliebte der Prinzessin Louise
3513 7282 3938 7380 ziehen konnte.
1859 7288 3452 7364 habe die vier Jahre Kerker tatsächlich nur als das wehrlose
174 7298 1813 7385 von Koburg. Einst, vor längerer Zeit. Wir schrieben damals
3636 7293 5121 7421 Die Antwort, die der aufgeregte Mann schließlich von
164 7359 1792 7451 den September 1903. Und diese Skandalaffäre hatte sich
1859 7354 3467 7431 Opfer eines gekränkten Hahnrei erduldet: ein schlagender
3513 7400 5121 7487 mir bekam, lautete dahin: „Beweise, dokumentarische Be¬
169 7431 1803 7533 Jahre vorher ereignet. Prinzessin Louise war die Tochter des
1854 7421 3452 7503 Beweis dieser Unschuld ließ sich jetzt nur sehr schwer bei
3508 7482 5111 7559 weise gibt es keine, nicht wahr? Entscheidend ist, daß man
174 7503 1803 7600 Königs Leopold von Belgien und die Schwester der Kron¬
1854 7487 3462 7569 bringen. Allerdings blieb die Möglichkeit, daß Mattachich
3529 7544 5111 7615 in seinem Gefühl die Ueberzeugung erlangt, hier sei ein Un¬
1854 7554 3472 7641 unschuldig war, nichts weniger als ausgeschlossen, doch für
184 7559 1808 7677 prinzessin Stephanie. Die jungen Leute von damals hegten
3529 7605 5121 7713 schuldiger wissentlich geopfert worden. Also muß ich Mattachich
1859 7631 3467 7702 ebenso wahrscheinlich durfte man die Schuld des Abgestraften
184 7631 1798 7728 noch eine Art von schwärmerischem Gedächtnis an diese
3518 7677 4030 7784 persönlich sprechen.
1859 7697 3467 7764 ansehen. Und was dann? Konnte ein Schriftsteller das
184 7713 1798 7810 wunderschöne Frau. Sie hatte mit ihrer hohen, ein wenig
3641 7718 4384 7851 „Wann darf er kommen?"
1864 7748 3462 7836 Wagnis unternehmen, einem Menschen beizuspringen, der
189 7774 1813 7882 zur Fülle neigenden Gestalt, mit dem üppigen, goldblonden
3657 7800 4194 7902 „Zu jeder Stunde.“
1864 7815 3457 7907 Wechsel gefälscht hatte, ihn als Unschuldigen zu verteidigen
179 7841 1803 7933 Haar, das wie eine leuchtende Krone schwer auf ihrem Haup
3641 7825 5121 7958 Etwa zwei oder drei Wochen verstrichen, ohne daß von
1864 7897 3472 7969 um dann selbst beschämt und verspottet dazustehen? Man
179 7892 1818 8010 lastete, hatte mit ihrem langen, schmalen Antlitz, darin der
3518 7938 5111 8030 der Sache das Geringste zu hören war. Beinahe hatte ich
1864 7958 3472 8051 hatte die ganze große Macht des Militärgerichtes, hatte die
200 7974 1808 8071 schöne Mund Lebensfreude lächelte und die Augen Leiden¬
1874 8025 5126 8102 ungeheure Mocht des kaiserlichen Hoses gegen sich, zwei ihrer schon vergessen, als Mattachich plötzlich erschien. Aller¬
210 8040 1818 8138 schaft sprühten, etwas Verführerisches. In ihr schien die Trieb=
3518 8071 5131 8153 dings, er kam zu einer sehr ungewöhnlichen Stunde. Um
1864 8097 3472 8184 Gewalten, die das bürgerliche Leben bis in seine weitesten
200 8112 1818 8220 haftigkeit flämischer Rubens=Weiber zu blühen und sie war
200 8158 4307 8348 reipoller als Helene Fourment. Man sagt ihr tabsächlich Verzweigungen beharrkten. Rieb als Belägten wann sie Rittermeister
