5780 8744
302 147 662 270 Nr. 24168
1136 159 1581 274 Wien, Freitag
335 315 1642 458 Als Beispiel einer komplizierten
731 396 1242 498 Schaffensart
298 429 1806 580 Der Einfall: Eine Braut will sich mit ihrem Lieb¬
184 551 1785 662 haber umbringen, er stirbt, sie verliert im letzten Augen
176 617 1785 703 blick den Mut, flieht, vergißt den Schleier, und muß, d
196 686 1797 784 sie zu Hause erwartet wird, nochmals die Stiege hinauf,
180 756 1720 833 um den Schleier aus dem Zimmer des Toten zu holen.
323 805 1797 899 Noch ist alles unpersönlich, der Einfall ist vollkommen
180 891 1810 1009 nüchtern. Ein Mann, ein Weib, Selbstmordversuch, Feigheit,
176 940 633 1050 Angst, Schauer.
319 980 1814 1087 Eine diesen Einfall behandelnde novellette wird be¬
196 1074 1810 1201 gonnen und nach kurzer Zeit weggelegt, weil der Einfall
196 1140 1197 1234 den Verfasser selbst nicht interessiert.
331 1185 1810 1287 Der Entschluß, eine Pantomine zu schreiben, veranlaßt
192 1242 1810 1397 zur Durchsicht und Untersuchung bereitliegender Pläne und
196 1332 458 1434 Anfänge.
323 1389 1797 1532 Der Schleier=Stoff scheint sich zu eignen, die Panto
188 1446 817 1577 mime wird entworfen.
323 1503 1810 1671 Einteilung in drei Akte, mehr verstandesmäßig als
192 1556 441 1691 intuitiv.
331 1634 1810 1752 Die Figuren streben danach, sich zu individualisieren
192 1740 1822 1818 Der Liebhaber ist ein schwärmerischer Jüngling; heitere
217 1797 1810 1895 Freunde und Freundinnen, ein Diener gesellen sich hinzu
343 1867 1814 1993 Das Mädchen ist verliebt, unsicher, feig, mutig, ge-
204 1900 543 2042 heimnisvoll.
347 1957 1560 2092 Eltern und Freundinnen gesellen sich zu ihr
347 2063 1724 2149 Der Bräutigam wird als Kontrastfigur entworfen.
347 2116 1846 2218 Die Pantomime wird vollendet und bleibt liegen, weil
204 2165 1728 2300 sie der Eigenart, Lebendigkeit und Intensität entbehrt.
335 2267 1830 2361 Eine Novelle, die später verfaßt wird, „Die Toten
208 2341 1830 2435 Schweigen“, enthält eine Situation, die an das Schleier=Sujet
221 2414 1830 2508 gemahnt: der tote Liebhaber wird von der Geliebten feig
221 2463 735 2574 im Stich gelassen.
347 2525 1842 2655 Von dieser Novelle erhält der Schleier=Stoff offenbar
200 2590 531 2696 neue Kraft
355 2647 1830 2786 Im Gespräch mit einem Freunde werden beide Stoffe
204 2717 1021 2847 durchgesprochen, durchleuchtet.
359 2786 1830 2917 Bemerkung des Freundes, daß es ihn auch gelüstete
208 2835 984 2970 diesen Stoff auszuarbeiten.
355 2896 1834 3015 Der Entwurj wird neuerdings hervorgeholt, die Absicht
221 3007 1842 3080 entsteht, ein Kostümstück daraus zu gestalten, und zwar wird
217 3064 1834 3141 als Umwelt das Wien vom Anfang des neunzehnten Jahr¬
229 3125 1859 3203 hunderts gewählt, zu welchem Entschluß weniger eine innere
217 3186 1834 3268 Notwendigkeit und eine wirkliche Beziehung zwischen Figuren
221 3264 1851 3329 und Stoff einerseits und Zeit und Ort anderseits als eine
229 3321 1859 3419 gewisse Neigung leitet, daß sich die Gestalten gerade inner¬
233 3391 1393 3497 halb dieser Atmosphäre ausleben möchten.
364 3411 1851 3562 Der Liebhaber wird zum verabschiedeten, etwas ver¬
217 3505 1111 3619 lumpten österreichischen Offizier
364 3566 1303 3668 Die Geliebte ist eine Wirtstochter.
364 3640 1487 3726 Der Bräutigam ein griechischer Bankier
372 3685 1846 3799 Die Episodenfiguren treten zum Teil deutlicher hervor
376 3779 1863 3856 Noch immer handelt es sich im wesentlichen um den
229 3807 1846 3938 Einfall, um verstandesmäßige Weiterführung von Si¬
233 3918 527 4020 tuationen.
376 3930 1875 4060 Noch nicht zeigen sich Gestalten, sondern nur eine höhere
266 4040 1859 4134 Form von Figuren, wie sie sich aus Typen zu entwickeln
241 4101 1859 4220 pflegen, wenn sich der durch den Einfall lebhafter angeregte
229 4163 1238 4265 Geist intensiver mit ihnen beschäftigt.
376 4183 1863 4310 Das Stück wird nach dem neuen Plan bis zur Mitte
241 4269 1863 4379 des zweiten Aktes geführt, und hier ereignet sich folgendes:
253 4359 1875 4440 die eine der Figuren scheint in geheimnisvoller Weise ihre
266 4420 1883 4506 Maske abzuwerfen, oder besser: die intuitive Gewalt des
253 4489 1883 4575 Autors (was hier keine künstlerische Wertung, sondern nur
270 4555 1863 4632 den psychologischen Vorgang bedeuten soll) macht, daß sich
253 4616 1883 4710 die betreffende Figur zur Gestalt emporspricht, emporhandelt,
266 4685 1883 4775 und von diesem Augenblick an, auch den Gesetzen menschlicher
274 4739 1883 4853 Wahrheit untertan, sich als das zu erkennen gibt, was sie
266 4820 1642 4922 eigentlich ist, als einen Fürsten aus der Renaissance
4804 163 4988 245 39
2169 135 3076 261 Neue Freie Presse
3709 135 4318 257 25. Dezember 1931
3505 274 5127 388 in der Opferbereitschaft ihrer Jugend und zu nahe noch den
1989 306 3448 404 Innere Tendenz zur Vereinfachung, äußere Rücksicht
3513 376 5114 445 Schulbänken, den Kahnfahrten, dem abendlichen Schlendern,
1851 359 3460 462 auf die Forderungen des heutigen Theaters, drängen zu einer
3513 421 5131 539 dem Frieden, um wirklich ahnen zu lassen, wohin es ging.
1851 449 2390 539 knapperen Führung.
1977 458 3452 613 Auf die Verwandlungen wird Verzicht geleistet, die
3632 498 5106 588 Der junge Gerhard Jäger war einer der ersten, die sich
3501 564 5131 658 meldeten. Der stille, grüblerische Mensch war wie verwandelt.
1859 556 2798 682 Handlung in eine Nacht gedrängt.
2002 613 3452 735 Andere Figuren gewinnen an Lebendigkeit. Gegen¬
3513 641 5123 723 Er schien durchleuchtet zu sein von einem inneren Glühen, das
3501 707 5094 805 weit entfernt war vom Pathos kriegsbegeisterter Pastoren und
1863 699 3178 801 sätzlich zu dem Herzog entwickelt sich der Dichter.
3529 780 5106 866 Professoren. Er und seine Kameraden sahen im Kriege mehr
2002 764 3460 870 Die Hauptfigur bleibt am längsten schemenhaft, doch
1871 837 5114 935 wohnt ihr von Urbeginn eine Neigung inne, sich als ein als Kampi und Verteidigung; in sahen in ihm den großen
1875 907 5106 997 Unbewußtes, Elementares, höchst Welchenhaftes in die Mitte    Sturm, der die flachen Begriffe behaglicher Zweckexistenz weg¬
3529 964 5131 1074 jegen und das greisenhaft gewordene Dasein verjüngen sollte.
1871 976 2467 1083 des Kreises zu stellen.
2006 997 3460 1123 Der aus der Handlung hervorgehende Gedanke: das
3652 1042 5131 1140 An einem Sonntag fuhren sie alle zusammen ab. Der
1875 1095 3464 1185 Weibgenie schwankt zwischen dem Mann der Tat und dem
3529 1083 5127 1201 Bahnhof war voll von gerührten und begeisterten Angehörigen.
1875 1164 3472 1246 Mann des Gedankens und müßte diesen beiden Prinzipien
3529 1189 5119 1283 Fest die ganze Stadt hatte sich eingefunden. Blumen steckten
1875 1242 3464 1324 in einem Manne vereinigt begegnen, um sich zur Möglichkeit
3529 1250 5119 1332 an allen Helmen, die Mündungen der Gewehre waren mit
1871 1307 3472 1381 der Treue aufzuschwingen — dieser Gedanke wird nun mit
3538 1328 5131 1413 frischem Laub geschmückt. Musik spielte und Rufe flogen hin
1883 1368 3472 1483 Bewußtsein und Willkür zur inneren Durchleuchtung des
3525 1397 5139 1475 und her. Im Augenblick, wo der Zug anfuhr, sah Gerhard
1875 1434 2353 1536 Ganzen ausgenützt
3542 1446 5119 1548 Jäger vor dem Fenster seines Abteiles plötzlich Annette. Sie
1998 1467 3464 1605 Diese Figur, bei aller Förderung durch Ueberlegung
3525 1520 5114 1642 winkte jemand in einem anderen Coupé nach. Er griff sie an
1875 1577 3472 1646 und Intuitionen entbehrt noch des wirklichen Lebens, bis
3521 1597 4114 1695 der Hand. „Annette —
1875 1634 3476 1712 durch einen Zufall — gerade im Sommer der betreffenden
3664 1634 5119 1769 Sie lachte und warf ihm den Rest ihrer Blumen zu.
1875 1695 3472 1781 Arbeit — dem Autor ein weibliches Individuum in den Weg
3538 1732 4730 1830 „bring’ mir etwas Schönes mit aus Paris!“
1875 1769 3472 1846 tritt, das in vieler Beziehung für die Figur lebendige Auf¬
3664 1761 5143 1895 Er nickte, aber er konnte nicht mehr antworten, denn der
1875 1838 3485 1920 schlüsse gibt. In Gehaben, Physiognomie, Geste und Blick
3554 1871 5119 1981 Zug fuhr schneller und brausender fluteten Gesang und
1883 1916 3476 1985 nähert sich die Figur immer mehr dem lebendigen In¬
3542 1940 5119 2026 Musik durch die Halle. Das weiße, wehende Sommerkleid
1883 1973 3476 2051 dividuum, wird dem Autor dadurch immer verständlicher und
3542 2010 5127 2112 des Mädchens war das letzte, was er mit hinausnahm —
1895 2026 3472 2136 hat damit endlich ihre Entwicklung zur Gestalt beschlossen.
3664 2100 5131 2181 In den ersten Monaten hörte Annette wenig von
3538 2157 5143 2259 Gerhard. Dann jedoch kamen immer häufiger Feldpostkarten
2557 2153 3452 2308 Copyright 1881 by Erich Maria Remarqua.
1957 2177 2132 2288 Rachbruch,
3542 2230 5131 2324 und Briefe. Sie wunderte sich etwas darüber, denn sie konnte
1961 2263 2128 2345 Auszug.
3534 2292 5131 2390 nicht begreifen, warum das plötzlich geschah. Vor allem aber
3538 2361 5147 2443 verstand sie nicht, weshalb alle diese Briefe, je mehr die
1961 2300 3448 2504 Sonderbare Schicksale.
3550 2431 5143 2520 Monate hingingen, immer stärker von Erinnerungen an ihre
3542 2488 5155 2594 gemeinsame Kindheit bewegt waren. Sie erwartete begeisterte
3538 2553 5151 2659 Schilderungen von schneidigen Attacken und war jedesmal
3538 2631 5147 2757 aufs neue enttäuscht, von Dingen zu hören, die sie kannte
2418 2598 2970 2745 Annette Stoll.
3554 2704 4191 2802 und die sie langweilten.
2247 2692 3150 2835 Von Erich Maria Remarque.
3676 2725 5147 2864 Gerhards Regiment geriet in die Kämpfe von Flandern
3554 2839 5143 2925 und erlitt furchtbare Verluste. Seine Eltern erhielten einige
3566 2913 5143 2986 Tage später nichts weiter von ihm als eine kurze Mitteilung,
3566 2974 5159 3068 daß er und siebenundzwanzig andere noch unverletzt seien von
3566 3035 5168 3129 zweihundert. Annette dagegen bekam einen langen Brief, in
3554 3092 5155 3194 dem Gerhard sie fast leidenschaftlich an einen Maimorgen und
3550 3166 5163 3256 an die weißen blühenden Kirschbäume hinter dem Kreuzgang
3554 3239 5155 3313 des Domes erinnerte. Sein Vater, der diesen Brief las,
3578 3276 5151 3378 schüttelte den Kopf. Er liebte die großen Begriffe und hätte
3566 3362 5168 3460 sich den Sohn gern heroischer gewünscht. Annette legte die
3558 3411 5151 3521 eng beschriebenen Seiten achselzuckend beiseite; sie konnte sich
3562 3501 4624 3599 an den Maimorgen nicht mehr erinnern.
3693 3517 5151 3660 Um so überraschter waren beide, als bald darauf bekannt
2014 2770 3485 2892 Annette Stoll wuchs in einer kleinen mitteldeutschen Uni-
1908 2880 3489 2966 versitätsstadt auf. Sie war ein frisches, blondes Mädchen, das
1900 2949 3489 3035 mit mäßigem Eifer die Schule besuchte, gern und viel lacht
1908 3019 3501 3101 und Konditoreien und Kinos liebte. Der Spielgefährte ihrer
1900 3076 3501 3162 Kindheit war der junge Gerhard Jäger, drei Jahre älter als
1920 3154 3497 3264 sie, schmal, hochaufgeschossen, mit einer Neigung zu Büchern
1920 3211 2700 3293 und grüblerischen Gesprächen.
2042 3235 3505 3358 Die beiden waren Nachbarskinder, deren Eltern freund¬
1924 3325 3505 3419 schaftlich miteinander verkehrten. So kam es, daß sie wie Ge¬
1920 3415 3513 3509 schwister zusammen aufwuchsen. Die Erlebnisse des einen
1912 3476 3501 3550 waren auch die Erlebnisse des andern. Die verwilderten
1920 3538 3509 3615 Gärten, die winkeligen Gassen, die glockenüberwehten Sonn¬
1912 3595 3521 3681 tage, die sommerlichen Wiesen, die Dämmerung, die Sterne,
1912 3632 5176 3791 der Duft und der atemlose, dunkle Zauber der Jugend; er wurde, daß Gerhard in der Flandernschlacht eine so außer¬
3574 3693 5168 3795 ordentliche Tapferkeit gezeigt hatte, daß er sofort dekoriert
1912 3742 2569 3840 war beiden gemeinsam.
3574 3779 4310 3860 und befördert worden war.
2042 3791 3513 3885 Später wurde das anders. Das Mädchen frühreif und
3709 3783 5188 3918 Einige Zeit später kam er auf Urlaub, schlank, schmal
1932 3844 3529 3958 hübsch, bekam die überlegene Sicherheit einer verwegenen
1924 3897 5196 4020 Sechsohnjährigen. Es glitt plötzlich aus dem vertrauten Garten und braun, ganz anders, als Annette es sich nach den Briefen
3583 3958 5196 4060 gedacht hatte. Neben dem redseligen Stolz seines Vaters
1924 3991 3529 4085 kindlichen Beieinanderseins in das Zwielicht erregender Ge¬
3583 4020 5200 4110 wirkte er doppelt ernst, ja manchmal ganz abwesend und
1920 4056 3534 4159 heimnisse. Der junge Gerhard Jäger, einst der ältere Freund
3595 4085 5208 4191 sonderbar düster. Als er das erstemal mit Annette—allein
1932 4122 3529 4224 und der Beschützer ihrer Kindertage, erschien ihr jetzt unfertig
3595 4146 5204 4236 zusammen war, nach einer wortkargen, seltsamen Stunde des
1924 4175 3534 4277 viel jünger als sie selbst und in seiner unschlüssigen Nach¬
3603 4203 5221 4306 Starrens und plötzlichen Aufflackerns, nahm er auf einmal
1924 4240 3542 4363 denklichkeit fast ein wenig lächerlich. Sie liebte die runden,
3595 4277 5221 4375 ihre Hände und fragte, ob sie heiraten wollten. Er blieb in
1936 4318 3538 4412 glatten Dinge des Lebens, und man konnte sich schon vor¬
3603 4334 5208 4436 einer sehr eindringlichen, schweigsamen Art dabei, auch als
1949 4379 3529 4469 stellen, wie ihr Dasein verlaufen würde: sicher, ruhig, reprä-
1936 4400 5204 4567 sentativ, mit einem geachteten Mann und gesunden Kindern man ihm sagte, sie seien doch noch zu jung. Er war gerade
2067 4473 4869 4604 Als Gerhard das erste Semester an der Universität neunzehn, Annette noch nicht siebzehn Jahre alt.
3717 4506 5212 4632 Rasche Heiraten und Kriegstrauungen waren damals
1961 4575 3362 4690 studierte, waren beide einander völlig fremd geworden.
2087 4604 5208 4730 Da kam der Krieg. Das Fieber der Begeisterung erfaßte nichts Ungewöhnliches; sie gehörten mit zur allgemeinen
3607 4673 5212 4763 Begeisterung. Annette hatte sich nach der ersten Ueberraschung
1944 4698 3558 4800 die kleine Stadt. Von einem Tag zum andern vertauschten die
3603 4743 5200 4845 schnell an den Gedanken gewöhnt; sie fand es interessant,
1953 4763 3546 4865 Primaner und die jungen Studenten ihre bunten Mützen mit
3595 4816 5208 4898 als erste ihrer Schulklasse zu heiraten; der junge, männ¬
1965 4837 3550 4931 der grauen Montur der Kriegsfreiwilligen. Sonderbar genug
3595 4857 5208 4963 liche Offizier, der aus dem schwärmerischen Gerhard ihrer
1961 4910 3550 5008 sahen ihre knabenhaften Gesichter unter den Helmrändern
1936 4931 5208 5082 hervor, ein wenig abgerückt schon, ernster, älter, aber schön | Kindheit geworden war, gefiel ihr — mehr brauchte es fast
3734 5098 4355 5204 „Ich bin nur so froh.
2087 5110 3566 5212 Das ist der Kanarienvogel. Sie springt auf, setzt sich
3738 5110 5208 5282 „Nun, dann geh' doch hinaus zum Vogel und sieh
3615 5221 4228 5335 nach, ob er gesund ist.
1953 5249 3554 5368 nicht, Mutti, daß er jetzt gesund wird?“ fragt sie jubelnd
3758 5221 5212 5368 Sowie sie gegangen ist, sehen die Eltern sich an und
2087 5327 3558 5433 Aber die Aufregung, in der das kleine, zarte Wesen
3619 5343 5212 5441 lächeln vor lauter innerem Glück. Der Vater aber sagt in
1965 5400 3550 5511 sich befunden hat, war so heftig, daß sie jetzt, wo die
3615 5413 5217 5527 aufwallendem Pankgefühl: „Es gibt kein glücklicheres Kind
1961 5474 3051 5613 Spannung weicht, in Tränen ausbricht.
3578 5482 4179 5613 in der ganzen Stadt.
4342 5502 5159 5654 (Deutsch von Marie Franzos.)
2092 5560 3051 5711 „Um Gottes willen, was ist dir?“
417 4861 1895 4976 Das Stück wird neu entworfen, als fünfaktiges Drama,
274 4951 1904 5082 mit hauptsächlich von Shakespeare Anleihen machender
282 5033 527 5135 technik.
270 5151 1900 5257 ist weit — eilt er sogleich hinaus zu Meli, um zu hören, wie
282 5192 3554 5327 es den Patenten geht. Sie zeigt sie ihm, einen nach dem / aber gleich wieder hin. „Wird er jetzt gesund? Glaubst du
274 5290 1908 5396 andern. Er nimmt sie behutsam zwischen seine großen Hände,
274 5364 1904 5458 er kennt sie alle, man merkt, daß er gut Freund mit ihnen
294 5425 1904 5527 ist. Er wundert sich, wie er dazu gekommen ist, all dies
286 5494 1895 5605 kleine Getier zu lieben. Heute bei der Arbeit hat er sich
286 5556 1908 5670 einmal übers andere bei dem Gedanken ertappt, wie es
294 5645 1319 5748 wohl dem Kanarienvogel gehen mag
425 5682 1912 5797 Wenn Meli wüßte, was für eine bedeutende Rolle ihr
290 5776 1924 5874 Krankenhaus spielt. Während es der Mutter die milden
306 5833 1920 5940 Träume schenkt, erweckt es beim Vater Tätigkeitslust und
310 5911 1932 6017 Erfindungsgabe. Sein Hirn arbeitet, um Mittel ausfindig
2492 5764 4743 6070 Geselligkeit in Krisenzeiten.
306 5964 1912 6128 zu machen. Meli zu helfen. Es ist nie mehr stumpf und
3632 6038 5241 6164 müssen uns mit dem Gedanken eines Kompromisses
298 6062 502 6172 müßig.
429 6062 1920 6201 Auf dem Nachhauseweg hat er eine Mausefalle erblicht
3652 6123 5233 6230 zwischen unseren Interessen und unseren
2063 6050 3534 6246 Die Soiree als A.-G.
306 6177 1936 6291 die jemand auf die Straße geworfen hatte. Die hat er gleich
3652 6181 5245 6279 Pflichten vertraut machen. Ich beispielsweise habe meine
310 6250 1932 6369 mitgenommen und sich gefragt, ob Meli sie gebrauchen kann.
3644 6258 5241 6348 kostspieligen Empfänge, Bälle, Diners durch einfache Zu¬
2038 6221 3574 6369 Die Pariser Geselligkeit uud die Krise.
3656 6319 5253 6418 sammenkunste in der Zeit von halb sieben bis halb zehn Uhr
306 6307 1577 6422 Vielleicht kann sie als Bett im Spital dienen.
2414 6324 3190 6450 Von Geneviève Tabonis.
3656 6385 5257 6483 abends ersetzt, zu denen sich die beruflich tätigen Männer
462 6377 1949 6499 Und Meli nimmt die Mausefalle in ihre Arme, geht
2120 6381 3591 6520 In ihrem entzückenden Palais auf der Esplanade des
3656 6446 5261 6548 einfinden können. dadurch entfällt die große Toilette, das
315 6446 1949 6561 weg und versteckt sie in ihrem Vorratshaus, das sie sich
2014 6479 3595 6585 Invalides empfängt mich die Komtesse de Benoist d'Azy,
3676 6516 5249 6622 große Diner. An Stelle der Bälle habe ich im Cercle Inter¬
319 6528 1944 6626 unter einem anderen großen Stein gegraben hat. Es ist sehr
2006 6569 3603 6650 Tochter des ehemaligen französischen Botschafters in Wien,
3668 6585 5245 6671 allié Soireen arrangiert, deren Kosten unter die
310 6593 1944 6683 rührend und lehrreich, einen Blick in Melis Vorratshaus zu
2002 6626 3607 6712 des Marquis de Vogue. Ihrer unermüdlichen Tätigkeit ver=
3664 6650 5261 6736 Teilnehmer aufgeteilt werden, es ist das eine
331 6642 1949 6753 werfen, diese kleinen, auf der Straße aufgesammelten Stroh¬
2002 6683 3615 6793 dankte Frankreich während des Krieges die Gründung einer
3664 6703 5253 6806 Art mondäner Syndikalismus, der es jedermann gestattet,
335 6720 1957 6826 bunde zu sehen, aus denen sie ihre Betten verfertigt; diese
2002 6753 3603 6855 ganzen Anzahl vorbildlicher Privatspitäler. Nach Friedens¬
3676 6773 5249 6875 sich die Kosten solcher Empfänge zu verringern. Auf diese
335 6781 1949 6887 winzigen Stoffläppchen, die ihr Verbandzeug bilden; diese
2018 6814 3607 6924 schluß arbeitete sie an der Gründung des Cercle Interallié
3681 6855 5257 6936 Weise ist es den d'Uzès, den Rohans, den Ségurs möglich,
331 6842 1957 6965 kleinen Schlackenstückchen, auf denen sie ein wenig Vaselin,
2018 6891 3607 6985 und heute widmet sie ihre Energien unzähligen sozialen
3676 6900 5261 7043 Bälle zu geben, deren Kosten sich per Gast auf sechs Francs
323 6932 1961 7063 ein wenig Pflaster gesammelt hat, ein wening Atzung für
2006 6961 3607 7043 Werken. Sie sieht das Leben, wie es ist: die Folgen der
3668 6998 3909 7083 belaufen.
331 7010 858 7120 Vögel und Mäuse.
2018 7022 3615 7116 Krise, die Frankreich nicht verschont. Wird das Gesellschafts¬
3811 6989 5282 7132 Da man aber vor jenen, die schließlich doch zu den
466 7010 1961 7145 Als sie alle drei, Vater, Mutter und sie, beim Mittags¬
2026 7092 3627 7181 leben in Frankreich, das bisher allen revolutionären
3681 7112 5282 7202 Glücklichen der Welt zählen — denn alles ist relativ — der
335 7124 1957 7226 tisch sitzen, kann Meli kaum einen einzigen Bissen hinunter¬
2018 7149 3632 7247 Stürmen trotzte, auch diese schweren Zeiten bestehen können?
3685 7186 5286 7267 Unglücklichen und Armen gedenken muß, wird bei den
347 7181 1961 7288 würgen. Sie denkt an den Kanarienvogel, ihr Herz ist
2018 7226 3611 7312 Wird die französische Aristokratie in diesen Schicksalsstunden
3681 7239 5278 7337 Soupers, die ich in meinem Hause zwischen Mitternacht und
335 7247 1961 7365 draußen bei dem Kranken. Vielleicht stirbt er jetzt, wo sie
2018 7284 3619 7386 den Mut wiederfinden, den sie in der Revolution von 1789
3693 7308 5278 7418 zwei Uhr morgens veranstalte, von meinem Haushofmeister
355 7345 968 7459 von ihm gegangen ist.
2018 7353 3619 7504 bewies?! Das sind die Fragen, um deren Beantwortung ich
3701 7378 5274 7471 jedem Gast eine Sparbüchse präsentiert werden, in
498 7345 1969 7492 Wie furchtbar wäre es, wenn er sterben sollte, und wie
3693 7439 5278 7545 die er fünf Francs einzuwerfen hat. Dieses Geld-wird es
2030 7443 2267 7549 sie bitte.
343 7455 1965 7586 würde die alte Frau in dem Milchladen leben können ohne
2165 7435 3640 7590 „Wir haben aufgehört, als Göttinnen über unsere
3685 7492 5278 7598 mir gestatten, alltäglich im Souterrain meines Hauses
355 7541 927 7659 ihren kleinen Vogel.
2030 7541 3644 7651 Güter, Schlösser, unsere Leute zu herrschen“, sagt die
3705 7565 5306 7712 fünszig Arbeitslosen ein Mittagbrot ver-
490 7570 1981 7696 Melis Vater redet zu ihr; er verspricht, ihr etwas
2038 7619 3640 7725 „Komtesse“, „wir sind aufmerksame Geschäftsführerinnen
355 7651 1977 7782 Grünes für die Vögel mitzubringen, und abends wird er so
3685 7651 4228 7757 abreichen zu lassen.“
2038 7676 3627 7778 geworden. Wir können es uns nicht mehr leisten, die
359 7729 1961 7851 zeitig kommen, daß er ihr helfen kann, aus dieser Nause
3730 7692 5249 7888 Helene Vacaresco über die Pflichien der
2030 7753 3627 7843 Schwankungen der Börsenkurse, der Lebenskosten, überhaupt
364 7794 1409 7933 falle einen richtigen Käfig zu machen.
2038 7815 3627 7917 die wirtschaftliche Krise zu ignorieren. Ob
4326 7815 4677 7929 Stellung.
486 7835 1536 7970 Und die Mutter ermahnt sie, zu essen
2030 7888 3640 7986 wohl wir dieser Tatsache Rechnung tragen, müssen wir aber
3819 7860 5294 8011 Mademoiselle Hélène Vacaresco, in deren Salon
490 7888 1981 8023 Aber im selben Augenblick, als Meli Messer und Gabel
2030 7953 3640 8052 auch unsere soziale Stellung wahren, schon
2018 7978 5298 8133 weil wir Kinder besitzen, Töchter zu verheiraten haben. Wir auch die Politiker verkehren, klagt mir ihr Leib;
359 7990 1973 8117 zur Hand nimmt, hört sie von draufen klaren Vogelgesang
376 8056 1471 8227 einen ganzen langen, perlenden Triller.
