5460 8840
222 185 438 364 38
1019 191 1501 340 Wien, Freitag
661 377 1433 513 Exem 6. Bei Lphaa
241 414 957 562 Timon (stürmt herein)
259 494 1334 655 Lykos. Du kannst einen erschrecken.
253 593 1247 692 Timon. Jetzt bin ich auch bei dir.
259 605 1735 790 Lykos. Ohne dich anzumelden? Draußen habe ich
105 692 488 834 bier Diener.
253 747 1735 895 Timon. Ich weiß nicht mehr, wo mir der Kopi
111 821 383 951 steht.
259 883 1717 1044 Lykos (immer freundlich). Auch dann sind sie nicht
111 957 630 1081 leicht zu übersehn.
253 1007 1729 1179 Timon... aber ich bin zu dir. Nur darauf kommt
111 1074 309 1192 es an.
259 1136 1303 1260 Lykos. Zuerst warst du bei Kairon
247 1204 1445 1352 Timon (sucht mit den Augen) Zuerst ja
253 1303 1525 1408 Lykos. Warum warst du zuerst bei Karron?
241 1365 1297 1457 Timon. Ich muß mich setzen. Lykos.
266 1408 1606 1550 Lykos. Von Kairon bist du dann zu Leokrates.
253 1501 1531 1581 Timon (stärker). Wo hast du einen Stuhl?
241 1550 1717 1692 Lykos. Dann besuchtest du niemand zwei Tage lang
111 1593 1136 1710 Waren neue Aussichten aufgetaucht?
259 1667 1550 1778 Timon (flehend). Ich kann nicht länger stehn.
259 1748 1717 1846 Lykos. Dann gingst du wieder, zunächst zu Simon
235 1828 1735 1945 Timon. Und jetzt bin ich bei dir, aber meine Beine
117 1871 1581 2001 tragen mich nicht mehr. Ich will nur eins: mich setzen.
241 1927 1723 2087 Lykos. Du irrst. Von Simon gingst du erst
117 1995 1358 2137 Simonides. Dazwischen warst du übrigens..
253 2050 1717 2211 Timon. Meine Knie knicken ein. Du mußt doch einen
99 2118 852 2272 Stuhl im Zimmer haben?
247 2186 1247 2316 Lykos. Einen Stuhl im Zimmer 7
247 2279 1303 2365 Timon (fällt auf einen der Stühle)
241 2334 1723 2476 Lykos. Dazwischen warst du übrigens auch noch bei
99 2390 1130 2495 Kamos. Xamos hatten wir vergessen.
241 2439 1723 2618 Timon (atmet auf). Kamos hatten wir vergessen. Id.
111 2519 580 2661 muß mich setzen
259 2569 1000 2717 Lykos. Du sitzt ja schon.
222 2661 951 2779 Timon. Ich sitze schon.
235 2711 1723 2865 Lykos. Dann gingst du zu Ephialtes, dann zu
111 2779 1383 2933 Mesys... ich weiß genau, bei nem du warst.
247 2871 1062 2958 Timon. Bei allen war ich.
228 2908 1525 3020 Lykos. Und auch, was sie dir gesagt haben.
247 3001 1519 3100 Timon. Bei allen. Ich durfte keinen übersehn
241 3069 1223 3168 Lykos. Du hast ein großes Herz
228 3131 1192 3217 Timon. Und jetzt bin ich bei dir
241 3192 1254 3291 Lykos. Warum erst jetzt. Timon?
235 3267 1173 3347 Timon. Ich gehe bis ans Ende.
235 3285 1667 3433 Lykos. Erwartet hatte ich dich viel früher, Timon.
235 3396 1291 3483 Timon. Unaufhaltbar bis ans Ende
235 3421 1723 3575 Lykos. Tag für Tag habe ich auf dich gewartet. Zu
86 4798 556 4921 zu nehmen
235 4854 1142 5002 Lykos (lacht). Das fehlte noch.
216 4897 1729 5082 Timon... der seine ganze Existenz auf mich ge¬
99 4996 451 5131 stellt hatte.
228 5051 1247 5175 Lykos. Ein Diener hat zu kuschen.
235 5162 1223 5243 Timon. Und jetzt zerstöre ich sie.
111 5051 1748 5391 Mutter fürchtet die Sonne und hält sich am liebsten im
93 5372 1723 5465 Zimmer auf, während die Kleine sich mitten in der Sonnen¬
105 5440 1673 5533 glut am wohlsten fühlt, sie kann nie genug Wärme haben.
228 5490 1741 5613 Aber manchmal springt sie auf und läuft zu ihrer Mutti=
105 5576 1741 5687 hinein, um zu erzählen: „Ich unterhalte mich so gut. Willst
86 5650 1118 5767 du nicht kommen, Mutti, und sehen?
247 5700 1735 5817 Das Unterhaltende ist eine Heuschrecke, die sich so un-
99 5774 1735 5897 vorsichtig betragen hat, daß sie sich das eine Schenkelbein
124 5866 1741 5984 gebrochen hat. Aber sie hat doch Glück dabei gehabt, daß das
111 5940 1717 6014 Malheur gerade in Melis Garten passierte, der sonst eine
111 6002 1729 6107 Heuschrecke nicht so sehr viel zu bieten hatte. Und jetzt hat die
117 6076 1729 6163 kleine Bucklige das Tierchen mit ihren langen, schmalen
117 6144 1735 6231 Fingern aufgenommen und untersucht den Schaden. Dann
130 6212 1729 6286 beginnt sie rasch und behend das Bein mit einem gespaltenen
111 6286 1741 6360 Zündhölzchen zu schienen; zweifellos wird die Heuschrecke
124 6342 1735 6422 bald geheilt sein. Und nun wird sie behutsam auf den Rücken
111 6416 1741 6484 gelegt, damit sie nicht in die Versuchung kommt, das kranke
117 6471 1729 6558 Bein zu benützen und den Verband zu verschieben. Sie wird
99 6539 1748 6663 in einen kleinen Käfig gesperrt, der aus alten Spielkarten
2081 228 3020 346 Neue Freie Presse
1890 401 3390 519 Lykos. Das Naheliegendste war, zuerst zu mir zu
1778 426 2050 562 kommen.
1914 469 3390 642 Timon. Ich wäre vielleicht überhaupt nicht mehr zu
1785 562 2198 692 dir gekommen.
1914 611 2711 747 Lykos. Du bist gelungen.
1914 648 3378 809 Timon. Ich hatte schon angenommen, es sei genug
1908 784 3396 895 Lykos (erstaunt). Ganz Athen bettelst du ab und
1778 815 3174 932 wärest imstand gewesen, gerade mich zu übergehn?
1902 883 3384 1031 Timon. Erst als ich hörte, daß sich nicht einmal die
1772 951 2840 1105 Abfallsucher in deine Küche traun.
1920 1031 2519 1142 Lykos. Ihr Götter
1908 1056 3390 1210 Timon... war mir sofort klar: du kommst nicht
1772 1161 3236 1291 bis ans Ende, solang du nicht bei Lykos gewesen bist
1914 1241 2526 1315 Lyäos. Ihr Götter.
1902 1284 3402 1433 Timon. Hier hast du mich, nur daß ich nicht mehr
1766 1321 2118 1463 stehn kann.
1920 1396 3384 1519 Lykos (näher). Und jetzt willst du, daß ich dir helfe
1908 1488 3359 1618 Timon. Ich will es nicht. Aber ich bitte dich darun
1914 1550 2470 1655 Lykos. Also wie.
1902 1587 3372 1735 Timon. Was fange ich jetzt noch mit deiner Hilfe an
1766 1778 2025 1927 es rasch’
1902 1852 3081 1988 Lykos. Und ich werde dir sagen, warum.
1908 1920 3384 2038 Timon. Lang endlich an. „Der reichste Mann vor
1785 1995 3396 2149 ganz Attika. Stell dich aufs oberste Dach des Parthenons
1927 2069 2328 2167 schau dich um.
1920 2112 3044 2223 Lykos (nickt). Du hast es dir gemerkt
1908 2186 3365 2303 Timon. „Und wer hat die erste Stimme im Senat?
1914 2272 2742 2377 Lykos (zufrieden). Freilich.
1902 2297 3242 2470 Timon. Mehr weiß ich nicht. „Du bist
1778 2384 2093 2507 Aristokrat.
1920 2427 3038 2569 Lykos (nickt). Kairon hat es dir gesagt
1908 2538 2908 2618 Timon. Leokrates hat es gesagt.
1896 2587 3106 2686 Lykos. Das weiß ich besser. Levkrates..
1908 2637 3291 2791 Timon. „Du bist ein leidenschaftlicher Mensch,
1785 2705 2038 2834 spüre es
1902 2766 3007 2884 Lykos. Das hat dir niemand gesagt.
1908 2828 3390 2952 Timon (lächelt). Es sind noch keine zwei Wochen her
1902 2945 3378 3050 Lykos. Vor zwei Wochen hat dir überhaupt niemand
1772 2964 2143 3112 ewas gesagt
1908 3020 3310 3174 Timon. An der Tafel (Fährt sich übers Haar.)
1908 3125 2779 3242 Lykos. Leokrates hingegen.
1902 3155 3384 3291 Timon. Ein leidenschaftlicher Mensch. Dabei kann so
1778 3223 2668 3372 sicher weder lesen noch schreiben.
1902 3291 3396 3402 Lykos (lacht). Leokrates hast du also gefragt: „Warum
1785 3384 3396 3501 habe ich überall Feinde?“ Leokrates hat dir geantwortet:
1902 3458 3285 3538 Timon. „Du hast uns alle immerfort beleidigt.
1902 3507 3396 3625 Lykos. Du irrst. Das hat dir wieder Thelekleides
1778 3594 3384 3674 geantwortet auf die Frage: „Habe ich denn nicht all
1791 3656 3402 3754 geliebt?“ Thelekleides war es, der dir die Antwort gab:
4588 216 4952 333 Nr. 24168
3643 235 4255 352 25. Dezember 1931
3439 389 5057 475 machen uns gegenseitig immer reicher. Schon gar nicht die
3446 457 5064 543 Armen. Meine Feinde sind die Reichen wie du, die es nicht
3439 525 5070 605 können. (Auf. Er entfaltet sich.) Mit den Armen werde ich
3439 593 5064 667 leicht fertig. Ja, sie haben Angst vor mir, mein Ruhm ist die
3439 655 5045 735 Angst, die ich mit meinem Geld verbreite: in dieser Festung
3446 704 5082 809 sitze ich mit allen Sicherheiten, der Ueberlebende zu sein Stell
3433 784 5070 871 deinen schäbigen Ruhm daneben, den du durch das Gegenteil
3446 852 5057 939 erlangen konntest, durch das Hinauswerfen des Geldes. Ich
3433 908 5057 994 mache es zu einem Stück von mir, es lebt. Bei dir aber ver¬
3433 976 5070 1062 schwindet es für immer in die fremden Bäuche, verwittert als
3439 1037 5057 1130 Stein: du machst es tot. Wenn du seine Lebendigkeit fürchtest
3446 1112 5064 1216 was bist du? Ein überflüssiger Mensch. Schläfst du? (Ver¬
3446 1173 4014 1297 blüfft.) Schläfst du
3575 1223 4218 1340 Timon (unbeweglich)
3569 1291 5064 1439 Lykos (ruft die Diener. Wieder gemütlich). Schmeißt
3446 1358 3779 1501 ihn hinaus.
3866 1525 4946 1748 Physiologie des
3551 1488 3835 1729 Zur
3915 1723 4600 1877 Schaffens.
3427 1846 5070 1988 Die Entstehung des „Schleier der Beatrice“.
3884 1970 4619 2118 Von Arthur Schnizler.
4026 2081 5070 2204 Wir veröffentlichen aus dem Nachlaß
3909 2167 5076 2291 Arthur Schnitzlers die folgenden, für die
3915 2260 5070 2353 Erkenntnis des dichterischen Schaffens un¬
3927 2322 5070 2414 gemein bedeutsamenitzphoristischen Betrach¬
3909 2390 5088 2470 tungen. Von ganz besonderem Interesse sind,
3921 2464 5070 2563 jene Selbstbeobachtungen, die sich auf die Ent¬
3921 2526 5070 2643 stehung der Schnitzlerischen Dichtung „Der
3915 2587 4742 2705 Schleier der Beatrice" beziehen.
3569 2674 5064 2803 Die Entstehung eines Kunstwerkes kann geschehen:
3588 2760 4335 2853 1. Von einem Einfall aus,
3582 2847 4360 2939 2. von einer Situation aus,
3575 2908 4279 2995 3. von einer Ansicht aus,
3582 2983 4285 3069 4. von einer Gestalt aus,
3582 3026 4440 3143 5. von einer Empfindung aus.
3489 3118 4996 3248 Erläutert an eigenen Produktionen:
3594 3186 5070 3304 1. Vom Einfall aus. In einer Schenke spielen Ko¬
3452 3254 5082 3365 mödianten die Verbrecher. Wie wenn nun einer dieser
3439 3359 5070 3446 Komödianten ein wirklicher Verbrecher wäre? („Der grüne
3439 3433 3717 3544 Kakadu.
3582 3452 5070 3594 2. Von einer erlebten Situation aus. Ich begegne
86 3495 1007 3643 mir kommt man zuerst, Timon.
3446 3526 5094 3637 einem alten Schulkollegen, der mich aus einem gewissen
235 3575 1710 3711 Timon (lächelt). Das konnte ich nicht. Wo war ich
3446 3631 5076 3717 Neid heraus ärgerlich und schnöd behandelt und endlich
86 3631 340 3761 damals
3439 3680 4921 3804 sagt: „Sei nur nicht so großartig.“ („Letzte Masken
228 3680 852 3810 Lykos. Bei Kairon
1772 3717 3267 3816 „Mit deiner Liebe hast du uns nur immerfort beleidigt
3575 3730 5094 3878 3. Von einer theoretischen Ansicht aus. Das Duell ist
235 3754 1062 3866 Timon (nickt). Bei Kairon.
1908 3767 3384 3909 Timon. Alle Antworten weiß ich genau. Aber vielleich
3439 3798 4162 3921 ein Nonsens. („Freiwild.
241 3804 1377 3933 Lykos. Aber der reichste Mann, Timon
1766 3822 2260 3952 verwechsle ich sie
3575 3847 5082 3971 4. Von einer Gestalt aus. Ein alter Mann, der einmal
241 3878 1698 4032 Timon. Damals hatte ich geglaubt, man könnte sie
1902 3884 3384 4038 Lykos. Demselben Thelekleides hast du auch gesagt
3446 3921 5051 4032 Dichter gewesen ist, es selbst beinah vergaß und nun vor
93 3989 1723 4106 niemals Sorgen machen um sich selbst. Wie lang ist das her
1791 3989 2976 4100 „Trotzdem bleibt es mein geliebtes Athen.
3439 4020 5020 4143 der Jugend aufs Schild gehoben wird. („Der greise Dichter.
241 4038 871 4143 Lykos. Neun Tage.
1902 4063 2803 4168 Timon. Mein geliebtes Athen.
3588 4082 5064 4180 5. Von einer Empfindung aus. Wie quälend ist die
247 4063 1321 4187 Timon (starrt ihn an). Neun Jahre.
1908 4082 3365 4211 Lykos. Noch vorgestern hast du Kamos gefragt.
3446 4156 5045 4273 Eifersucht aus die Vergangenheit. (Ohnmacht, Lyrik über
228 4168 1735 4310 Lykos (lacht). Wo noch keine zwei Wochen vergangen
1908 4193 2828 4261 Timon. Ich frage nicht mehr.
3452 4224 3915 4341 haupt. Märchen.
117 4211 889 4353 sind, daß wir bei dir saßen.
1920 4224 3365 4360 Lykos. „Warum wollt Ihr denn, daß ich verrecke?
3575 4261 4650 4378 Selten ist die Entstehung absolut rein.
241 4267 1723 4427 Timon. In diesen neun Jahren habe ich es gelernt
1902 4316 2791 4415 Timon. Ich frage nicht mehr.
3582 4335 5057 4440 Insofern nämlich, als sofort nach dem Einfall oder
111 4329 1068 4489 die allererste Sorge ist der Magen.
1908 4353 3384 4477 Lykos. „An einem Baumstumpf verrecke“, waren
241 4427 895 4514 Lykos. Der Magen?
3439 4415 5070 4539 nach der Ansicht irgendein Zweites hinzutritt, das den Plan
1778 4415 3267 4557 deine Worte. (Eifrig.) Und ich werde dir sagen, warum
235 4446 1315 4613 Timon. Weißt du, was Hunger ist?
3433 4495 3649 4619 fördert.
1902 4514 2989 4594 Timon (kaum). Ich frage nicht mehr
241 4557 889 4650 Lykos. Sprich leiser
3575 4532 4674 4644 Häufig auch ein Drittes oder Viertes.
1902 4576 3384 4693 Lykos (setzt sich nahe zu ihm). Denn was bist du
222 4594 1179 4724 Timon. Der nackte Hunger
3575 4588 5070 4705 So auch, daß derjenige Einfall vorgezogen wird, der
1772 4613 2495 4755 Ein überflüssiger Mensch
235 4656 1420 4792 Lykos. Man könnte dich draußen hören
3452 4687 5082 4810 einer bereits vorgebildeten Ansicht angepaßt ist oder der dem
1902 4687 3088 4816 Timon (halb). Ein überflüssiger Mensch
228 4749 1717 4891 Timon... bis ich mich entschloß, von meinem Diener
3439 4755 4668 4854 Wesen einer vorhandenen Gestalt entspricht
1902 4749 3384 4854 Lykos. Ein Aristokrat bist du? Nein, hat dir Kairon
3594 4804 5070 4952 Zuweilen wird das sekundäre Moment so stark, daß
1778 4835 3384 4952 gesagt, der genau weiß, wie niemand sonst, was ein Aristokra
3433 4897 4705 4996 es in der Ausführung zu überwiegen scheint:
1778 4915 3390 4983 ist. Du machst Geschäfte? Aber du bist kein Geschläftsmann
3575 4928 5070 5045 Ein Einfall war da, die Gestalt tritt hinzu, die dazu
1766 4977 3384 5045 hat dir Simonides gesagt. Du hattest Geld? Und doch war
3439 4977 5076 5107 dient. den Einfall zu illustrieren, und der Einfall tritt im
1766 5045 3378 5119 du nie ein Reicher, sage ich dir, der wie niemand sonst weiß,
3439 5094 5070 5212 Laufe der Ueberlegung, eventuell erst im Laufe der Arbeit,
1766 5101 3396 5187 was ein Reicher ist. Reich sein muß man können. Meine
1748 5156 4625 5255 Feinde sind nicht die wirklichen Reichen, im Gegenteil, wir I hinter Gestalt zurück. („Leutnant Gustl.“)
3452 5187 5076 5391 strahlen. Und drinnen steht eine Nachbarsfrau mit einem
1778 5280 3384 5422 Kopf an ihre eingefallene Wange, als sie aus dem Käfig ge
3446 5372 5076 5465 armen Küchlein, das sich das eine Bein gebrochen hat. Es ist
1778 5385 2180 5477 nommen wird
3439 5446 5070 5527 ein kleines, gelbes, flaumiges Junges, nur ein paar Tage
1908 5453 3402 5564 Dann ist ein Sperling da, der hat sich den Flügel ge¬
3446 5508 5076 5582 alt, und kann gar nicht gehen. Die Frau hatte es hilflos auf
1778 5496 3390 5607 brochen, aber er wurde wieder eingerichtet und fest an den
3439 5570 5088 5687 dem Boden liegend gefunden und man hätte es töten müssen.
1778 5607 3390 5700 Körper gebunden. Er ist bald gesund. Ganz lebensfroh sauf
3439 5644 4162 5743 wäre Meli nicht gewesen.
1778 5669 3390 5743 er in dem Käsig hin und her, und Meli lacht ihn aus, wei-
3575 5706 5082 5811 Das kleine Mädchen lacht; das ist ja die einfachste
1785 5737 3390 5811 er immer wieder umfällt, wie er auch mit dem flugbereiter
3452 5761 5082 5860 Sache von der Welt. Sie nimmt das kleine Küchlein
1778 5798 3415 5903 Flügel wackelt und um sich schlägt, um ist im Gleichgewicht
3446 5854 5094 5934 zwischen ihre kunsterfahrenen Hände und behebt den Schaden
1785 5872 2118 5984 zu erhalten
3433 5909 5070 5996 in wenigen Augenblicken mit ein paar Stäbchen und etwas
1914 5897 3409 6014 Neben dem Sperling sitzt eine kleine, ikleine Maus, die
3446 5977 5076 6058 Garn. Ihre Mutter und die Fremde stehen daneben und be¬
1778 5996 3409 6089 ganz still ist und das eine Bein in die Luft streckt. Das ist
3439 6052 5070 6138 obachten, wie dieengeren Finger mit den einfachen Werk¬
1785 6070 3396 6150 ein trauriger Anblick für Meli, denn die kleine, betrübte
3452 6126 5082 6218 zeugen hantieren. Und dieses eine Mal vergißt die Nachbars¬
1785 6138 3390 6249 Maus kann sie nicht gesund machen. Die eine Pfote wurde
3452 6194 5082 6286 frau die Schwäche und Unförmlichkeit des Mädchens, um
1791 6206 3409 6305 ihr in der Mausefalle ganz abgeschlagen, nun kann sie die
3452 6243 4236 6342 es aufrichtig zu bewundern.
1785 6261 3396 6348 Wunde wohl heilen, aber die arme Maus muß ihr ganzes
3563 6280 5076 6428 Aber Meli eilt hinaus zum Kanarienvogel und setzt sich
1785 6336 3415 6416 Leben lang hinken oder auf drei Beinen laufen. Da sind auch
3452 6379 5070 6478 wieder zu ihm, um ihn zu beobachten. Nach einer Weile
1778 6397 3396 6478 ein paar Kätzchen, so klein, so winzig klein; sie haben kein
3439 6453 5076 6533 kommt sie ganz blaß zu ihrer Mutter und erzählt, daß der
1778 6465 3396 6546 Augen und können mit ihren kleinen Beinchen nicht gehen
3446 6527 5076 6638 Vogel ein bißchen gezwitschert hat und auf ein anderes
1791 6533 3402 6607 kaum kriechen. Sie sind nicht krank, aber ihre Mutter hat
1803 6607 5070 6675 sie verlassen, und so hat man sie zu Meli gebracht. Man kennt | Pflöckchen gehüpft ist. Vielleicht wird er jetzt gesund.
99 6607 1624 6712 gemacht ist, und bekommt einen Platz in Melis Spital.
3439 6669 5070 6786 „Glaubst du, Mutti, daß er jetzt endlich gesund wird?“
1778 6663 3409 6743 Meli schon in der Nachbarschaft, man weiß, daß alles, was
228 6688 1723 6792 An der Nordseite des größten Felsblocks, der sich nach
3458 6725 3705 6848 fragt sie.
1797 6737 3396 6860 schwach und hilflos ist, Hilfe und Schutz bei der kleinen
117 6762 1717 6848 unten zu ausbuchtet, so daß er gleichsam eine kleine Grotten
3582 6755 5070 6916 „Was hast du denn mit ihm gemacht?“, fragt die
1778 6805 2204 6910 Buckligen finde
99 6842 1735 6922 wölbung bildet, stehen einige kleine Käsige, manche aus
1914 6867 4008 6972 Ganz tief drinnen sitzt ein Kanarienvogel in einem Mutter ebenso ernst.
105 6910 1717 6984 Strohhalmen, andere aus Pappe, aus Holzstäbchen oder
3575 6904 5070 7015 Da erstattet Meli Bericht über die Kur, die sie an¬
1785 6916 3415 7015 Käfig aus Stahldraht. Er ist ruppig, seine Federn sind nicht
117 6972 1717 7052 Draht. Sie sind in dem kleinen, gewölbten Raum unter der
3458 6996 5057 7132 gewendet hat. „Glaubst du nicht, Mutti, daß es so gut ist?“
1785 6996 3396 7083 mehr gelb, sondern zu Weiß verblaßt. Man sieht auf der
117 7040 1735 7138 Stein in zwei Reihen aufgestellt, ordentlich wie die Betten
3446 7064 3717 7175 fragt sie.
1778 7064 3396 7151 ersten Blick, daß er krank ist; er will weder singen noch
105 7114 574 7212 in einem Spital
3563 7101 5070 7219 Sie geht wieder hinaus und die Mutter bleibt singend
1791 7132 3396 7225 fressen. Er gehört der alten Frau im Milchgeschäft, hat der
247 7157 1735 7280 Hierher wird auch die Heuschrecke gebracht, denn die
3458 7182 5076 7311 sitzen. Sie kann Gottes Güte nicht begreifen, der ihr ein
1791 7212 3402 7305 ganzen Winter hindurch in ihrem kleinen, dunklen Zimmer
105 7237 1735 7336 Grotte unter dem Stein ist nichts Geringeres als ein
3439 7268 5070 7348 solches Kind gegeben hat. Ein Kind, das Dinge versteht und
1791 7280 3396 7367 gesessen und gesungen, ohne sich nach Licht oder Luft zu sehnen
117 7311 1729 7404 Krankenhaus. Das hat einer unendlichen Menge Unglück
3446 7342 5076 7478 weiß, von denen sie nichts ahnt. Ein Kind, das ein solches
1772 7336 3402 7422 Aber seit der Sommer gekommen ist, hat er immer ganz stil=
111 7391 1729 7509 licher Pflege und Gesundheit gebracht und auch jetzt ist es
1785 7410 3396 7490 auf ein und demselben Pflöckchen gehockt und ist dahingesiecht
3439 7404 4038 7515 Wunder an Güte ist
99 7459 1389 7577 voll von kleinen Heilung suchenden patienten.
1778 7478 3396 7589 Und der Vogel ist der größte Schatz der alten Frau, und als
3575 7453 5082 7577 Und die Gedanken der Mutter kreisen um Melis Arbeit
235 7527 1729 7620 Hier hat die arme Bucklige, die zu schwach ist, um in
1797 7546 3396 7632 sie ihn Meli übergab, staunten Vater und Mutter, daß sich
3446 7521 5064 7632 draußen im „Krankenhaus“. Aber sie denkt nicht an die
117 7595 1723 7682 die Schule zu gehen, ihre Arbeit gefunden. Als die Heuschreck
1772 7601 3032 7725 das Kind so großes Vertrauen erworben hatte
3446 7614 5076 7694 armen Patenten, sondern an Meli selbst. Sie fragt sich, ob
117 7676 1735 7756 betreut ist, nimmt sie Käsig für Käfig vor, um seinen In=
1902 7657 3384 7780 Aber hier kann Meli auch nichts anderes tun, als da
3446 7676 5076 7756 so viel Güte nicht einmal belohnt werden wird. Sie träumt
111 7737 1717 7818 wohnern ihre Pflege angedeihen zu lassen. Sie hat da ein
3439 7756 5070 7836 von dem Tage, an dem der liebe Gott Meli die Gesundheit
1791 7719 3396 7861 sitzen und in die schwarzen Vogelaugen blicken. Sie sitzen
117 7811 1717 7898 schöne, weiße Taube, die schwere Wunden am Rücken un
3452 7818 5070 7904 schenken wird. Sie fühlt, daß die Tochter einen ganzen
1785 7811 3390 7892 beide gleich stumm, gleich regungslos. der Kranke und die
117 7879 1723 7984 am Kopfe hat. Das arme Tier ist in den Krallen des Hahicht
1778 7885 3390 7972 Krankenpflegerin. Wenn man das Mädchen fragte, wie es
3427 7879 5070 7960 Schatz von Wohltaten einsetzt, die einmal vergolten werden
117 7941 1735 8028 gewesen, aber im letzten Augenblick gerettet und zu Meli ge¬
1778 7947 3180 8052 dem Vogel geht, antwortete es nur im Flüsterton
3439 7960 5070 8046 müssen. Sie weiß nicht, wie, sie träumt nur. Ach, diese
124 8028 1735 8095 bracht worden. Und das kleine Mädchen hat auf irgendein
1914 7997 3390 8120 Jetzt ruft die Mutter. Meli hört es an der Stimme
3427 8009 5070 8132 Träume haben ihrem Wesen Weichheit und Ruhe gegeben!
117 8083 1729 8157 übernatürliche Weise die Kunst erlernt, Wunden zu behandeln
1785 8058 3402 8163 daß ihr irgendeine große Freude bevorsteht. Sie läuft in
3563 8089 5070 8170 Als der Vater nach Hause kommt, zum Mittagessen —
117 8151 5070 8287 die Raudie ersetzt es, so schwierigt sich an sie sind begebenen Erwaltung hinntin, ihre kleiden bauunen Augen, er hat nur ganz kurze Zeit, denn der Weg von der Wertestatt
