5764 8808
231 231 682 356 Nr. 24168
1025 240 1480 413 Wien, Freitag
227 405 1823 496 gestelltem Kragen der kleine Kopf und das kindliche Gesicht
219 467 1831 575 herausragen. Sie ist grenzenlos verwirrt und erregt. Beide Hände
703 546 1356 649 auf der Brust, hauchend.)
347 570 1815 719 Das dürfen Sie nicht... Wenn jemand kommt..
223 661 1823 790 Ist Ihnen nicht gut? Anastasia Karlowna hat die Arzneien
215 765 1844 852 eingepackt... um Gottes willen, haben wir die Köfferchen
211 818 1844 922 denn im Wagen gelassen? Das wäre ein Unglück... Nein,
227 889 1827 980 ich erinnere mich, Anastasia Karlowna wollte alles selben
227 951 1840 1050 bringen... Ich vergesse das wichtigste... Ich weiß kaum,
227 1017 1823 1112 wo wir sind... Spreche ich zu laut?... Wenn wir unser=
231 1087 1831 1170 Rollen nicht spielen, müssen wir flüstern, hat sie gesagt. Aber
227 1157 1827 1240 flüstern ist erst recht verdächtig... Hört man das, wenn ich
240 1224 1848 1302 so spreche? Glauben Sie, man kann es durch die Wand
227 1294 1835 1372 hören? Da ist eine Tür... im Spiegel.. Das Schlüssel-
231 1352 1831 1447 loch muß man zustopfen... Wollen Sie... (Laut.) Willsi
227 1410 1823 1501 du nicht Hut und Mantel ablegen, Liebster? (Wiede
240 1484 1831 1571 flüsternd.) War's so recht? Er gibt mir keine Antwort. Es
227 1550 1827 1637 scheint ihm nicht gut zu gehen. (Laut.) Soll ich ein Fenste
227 1633 1827 1711 aufmachen. Liebster? (Flüsternd.) Wie das klingt... Ich
227 1682 1844 1794 kann es nicht natürlich klingen machen. Aber es ist nur der
223 1761 1835 1852 erste Augenblick, es wird schon besser werden... Ich dachte
227 1819 1840 1943 nicht, daß es so schwer sein wird... (Sie zuckt zusammen
227 1877 632 2009 da es klopft.)
356 1997 1844 2154 Anastasia Karlowna (schlüpft hastig herein)
252 2104 1844 2207 späht zurück, ob sie unbemerkt geblieben ist, schließt leise die
244 2195 1831 2282 Tür. Sie trägt zwei Lederköfferchen, eins unter dem Arm
231 2261 1844 2344 eins in der Hand Zum Tisch, spricht bis zum Schluß der
240 2331 1831 2414 Szene halblaut, mit starken Gesten, um Nichtgesagtes zu
240 2377 1848 2472 markieren; ist in nervöser Eile, ihr Wesen ist jedoch be¬
260 2451 1831 2551 stimmt, ja gebieterisch). Ich hoffe, man hat mich nicht gesehen
252 2530 1840 2604 Gut, daß wir den Wagen an der Straßenecke haben halten
244 2584 1844 2666 lassen. Der Nebel ist zum Schneiden dick, die Menschen
240 2666 1840 2737 gehen wie in grauen Tüchern. Du hast doch das Geld
244 2712 1856 2811 Lukardis? Später gibst du Jewgen Pawlowitsch die drei¬
244 2869 1844 3014 Haus kann man nicht in Straßentoilette bleiben. (Während¬
244 2980 1844 3071 dem hat sie aus dem einen Köfferchen den Schlafanzug der
244 3055 1856 3142 Lukardis und einen seidenen Limono ausgepackt, die sie über
240 3109 1848 3195 eine Stuhllehne hängt, ferner verschiedene Toilettegegen¬
252 3179 1844 3266 stände, Verbandzeug und Arzneien, die sie zur Spiegelkonsol=
240 3245 1852 3361 trägt. Alles sehr rasch, bisweilen mißtrauisch lauschend.) Ich
240 3307 1852 3427 muß mich beeilen. Riegel die Tür ab, es darf jetzt niemand
244 3381 438 3481 herein.
360 3410 1856 3559 Lukardis (tut es. Sie hat den Pelz auf einen Sessel
265 3514 1840 3609 geworfen und den Schal abgenommen. Ihr Blick schweif
236 3588 1848 3716 beständig durch das Zimmer. Ohne besonderen Grund geh
256 3654 1191 3766 sie auf Fußspitzen). Es ist kalt...
372 3708 1844 3840 Anastasia Karlowna. Das Feuer im Ofen
244 3782 823 3923 brennt ganz munter.
376 3836 1852 3997 Lukardis. Ich fürchte, es wird hier nie richtig
231 3927 661 4039 warm werden.
372 3977 1856 4105 Anastasia Karlowna. Vor der Wirtin hütet
240 4063 1864 4196 euch. Sollte sie die Unverschämtheit haben und das Zimmer
227 4159 1844 4237 betreten, was nicht ausgeschlossen ist, sie wird sagen, es se
231 4221 1840 4303 ihre Pflicht, sie wird honigfüß sein, dann benehmt euch so
240 4287 1868 4369 daß sie merken muß, ihre Gegenwart ist unerwünscht. Aber
244 4349 1840 4469 kein Wort zuwiel. Kann sein, sie steht im Sold der Ochrana
240 4411 1145 4522 Eine Erpresserin ist sie bestimmt.
376 4460 1761 4576 Lukardis. Darauf mußten wir vorbereitet sein.
376 4572 1852 4659 Anastasia Karlowna: Wir hatten keine Wahl
252 4605 1864 4725 Jewgen Pawlowitsch hat es selbst eingesehen. Es gibt keinen
252 4704 1864 4787 Ort, der sicherer ist. Sie waren ihm bis zur letzten Viertel¬
265 4766 1864 4894 stunde auf den Fersen. Jetzt endlich haben wir die Spuren
252 4824 521 4927 verwischt.
401 4865 1868 4994 Lukardis. Hoffentlich bekommt er keinen Rückfall
380 4994 1864 5076 Anastasia Karlowna. In einer Stunde mußt
269 5023 1864 5142 du ihn messen. Das Fieberthermometer liegt dort, auch die
269 5126 1868 5229 Baldriantropfen und das Morphium. Um zehn Uhr wird der
269 5192 823 5283 Verband gewechselt.
3596 252 4249 372 25. Dezember 1931
2079 252 2997 368 Neue Freie Presse
4878 256 5056 413 33
3642 409 4960 525 Lukardis. Zweifeln Sie auf einmal an mir?
2013 409 3402 508 Lukardis. Ich dachte, die Wunde ist geschlossen.
2005 517 3456 587 Anastasia Karlowna. Seit drei Tagen schon
3654 488 5118 595 Anastasia Karlowna. Wie soll man denn nicht
1885 558 3472 649 Eine Vorsichtsmaßregel. In vierundzwanzig Stunden einmal
3547 583 5122 653 zweifeln angesichts dessen, was von dir verlangt wird,
1893 628 3481 715 wechseln. Die Fahrt hieher war leider ein Chok. Wie er
3534 645 5109 740 Täubchen? Du muß dich ganz und gar verwandeln. Als
1885 707 3472 781 dasitzt... Wenn er sich erholt hat, wird er sieh vernünftig
3534 703 4791 814 hättest du ein neues Gesicht und andere Sinne.
1906 769 3472 847 betragen. Er ist ja kein Büblein. Junge Männer von Stand
3654 769 5122 893 Lukardis. Schön; mich zu verwandeln, dazu bin
1906 835 3472 909 wissen in solchen Häusern Bescheid. Hilf ihm doch aus den
3538 843 3762 963 ich hier.
1897 897 3476 1000 Pelz. Täubchen. So!... (Man hört schwatzende Stimmen
3663 905 5126 1038 Anastasia Karlowna. Das Spiel, das ihr zu
1885 955 2794 1054 vom Korridor. Beide verstummen.
3534 1013 5134 1104 spielen habt, ist gefährlich und erniedrigend noch dazu. An¬
2005 1021 3481 1157 Lukardis. Wenn nur die vielen Spiegel nicht
3534 1087 5122 1166 einandergeschmiedet seid ihr wie Rad und Nabe. Der Mensch
1885 1087 2212 1199 wären...
3538 1149 5126 1219 muß seine angeborne Natur unter sich lassen können, wenn
2005 1141 3489 1286 Anastasia Karlowna. Ruhig, Täubchen... Ist
3534 1215 5122 1294 es um was Großes geht. Beweise mir, daß es kein Leicht¬
1906 1232 3187 1343 noch was zu verabreden? Meine Zeit ist um...
3551 1277 5138 1364 sinn, keine Dummheit von mir war, die ich nachher vielleicht
2021 1294 3464 1414 Luhardis. Noch zwei Minuten, Anastasia Kar
3534 1343 4076 1447 blutig bereuen muß.
1910 1389 2989 1484 lowna, bitte, bitte. (Packt sie am Arm.)
3663 1385 5126 1538 Lukardis (beide Hände auf den Schultern der
2017 1447 3485 1558 Anastasia Karlowna. Ich weiß, es ist dir nicht
3538 1492 4803 1591 andern, wie ein Kind). Ich werde es beweisen.
1897 1529 3485 1620 behaglich zumut, Herzchen. Aber bedenke, was ich und seine
3671 1571 5122 1682 Anastasia Karlowna. Nichts da, ich werde
1897 1600 3485 1678 Freunde auf dich gesetzt haben. Sein Leben. Ich habe keine
3551 1649 5138 1724 Sehen will ich's. Zeigen mußt du mir's. (Erhebt sich, den
1897 1670 3485 1753 weibliche Person in ganz Moskau gefunden, die es hätte
3559 1724 5126 1790 Mund dicht an Lukardis Gesicht.) Denk' doch: für zwe
1897 1749 3485 1827 auf sich nehmen können. Nur dich. Wie im Traum bist du
3547 1769 5147 1860 Tage und zwei Nächte mußt du alles von dir abwerfen, was
1906 1802 3481 1893 mir erschienen. Ich hatte gesucht und gesucht und war schon
3534 1856 5142 1939 bisher dein Leben ausgemacht hat, Erziehung, Herkunft,
1906 1860 2348 1972 ganz verzweifelt.
3547 1910 5134 1997 Stolz, Scham, Ruf, Vater, Mutter, Onkel, Tanten,
2034 1922 3290 2038 Lukardis. Sie haben mich gesucht... ja
3551 1992 5138 2067 Freundinnen, alles ist nichts mehr. Kein verwöhntes
1910 2017 3357 2121 Sie haben mich gefunden. Wieso konnten Sie aber n
3547 2054 5126 2121 Haustöchterchen mehr, kein weißüberzogenes Bettchen
1902 2088 3481 2178 daß ich es auf mich nehmen würde, wie Sie sagen? Wies
3551 2116 5138 2199 kein Zöfchen, das dir die Hände küßt, keine verliebte
1906 2145 2406 2261 war das möglich?
3567 2170 5134 2257 Exzellenz, die Rosen schickt... nichts mehr davon, eine
2021 2212 3510 2327 Anastasia Karlowna. Vielleicht war es ein
3563 2253 5134 2323 Weibsperson bist du, die sich mit ihrem Liebhaber in
1906 2290 3505 2385 Wunder, du hast recht, Täubchen. Es gibt Zufälle im Leben,
3559 2307 5126 2393 ein Abenteuer gestürzt hat. Hast du mich verstanden
1897 2369 5138 2460 die wir als Wunder ansehen müssen, sonst verlieren wir den Und daß du nicht aus der Rolle fallen darfst, nicht einmal
1897 2443 2712 2546 Glauben an die Gerechtigkeit.
3563 2443 5151 2530 im Schlaf, hast du das verstanden? Und daß du dich
3563 2501 5151 2600 des Nachts zu ihm ins Bett legen mußt (Bewegung
2030 2513 3410 2617 Lukardis. Ich war sofort entschlossen, Sie wir
3551 2584 5159 2666 Lukardis), siehst du, wie du erschrickst, das mußt du, daS
1918 2592 3485 2679 es ja, aber Sie wissen nicht, daß ich von dem Augenblick an
3551 2646 5180 2720 mußt du, ich hab' dir's ja gesagt, da gibt's kein Zurück, da
1906 2666 3497 2753 nicht aufgehört habe, über mich selbst zu staunen. Es geschieh
3559 2712 5138 2778 heißt es entweder — oder. (Etwas gemäßigter; raunend.
1897 2732 3514 2861 etwas mit mir, und ich bin ohnmächtig gegen das, was mich
3559 2782 5147 2852 Wenn der Bursche, der Aufwärter, oder diese Schlumpe, die
1897 2794 2096 2898 zwingt
3563 2844 5138 2923 Magd, hereinkommt, weißt du doch, was du zu tun hast
2030 2848 3505 2976 Anastasia Karlowna. Ja gewiß, Herzchen, du
3563 2906 5151 2980 Dann setzt du dich auf Nadinskys Knie, schlägst die Arme
1914 2939 3505 3047 brauchst dich nicht zu rechtfertigen. Man hat ein Bild von
3563 2980 5151 3055 um seinen Hals, so. Ich zeig' dir's. Mach mir's nach. Nicht
1910 3018 3497 3100 einem Menschen, und wenn dann der Mensch dem Bild
3559 3038 5138 3121 so schüchtern. Frecher. Noch frecher. Das Fleisch beißt nicht
1897 3088 3497 3162 gleicht, weiß man, Gott ist mit ihm einverstanden. Komm..
3559 3109 5151 3179 Leg' deine Wange fester an meine. So. (Alles dies durch
1910 3154 3505 3233 (Zieht sie in den Alkoven, dessen Portieren offen bleiben
3559 3166 5151 3253 Stellungen entsprechend illustriert.) Lass' den Kopf nicht
1922 3233 5147 3307 ist ihr beim Auskleiden behilflich, kniet nieder, um ihr die hängen dabei. Mach' keine Trauermiene. Du mußt lachen
1897 3270 3510 3373 Stiefel aufzuschnüren. Währenddem mit gepreßter Stimme.)
3576 3299 5080 3402 Du hast ja wundervolle Zähne. Also lache mal. Nicht
1897 3340 3505 3452 Du hast doch alles im Gedächtnis behalten, was ich dir ein¬
3559 3369 5076 3443 Herausfordernd. Verschlagen. Gemein. Schon besser. W
1906 3410 2633 3522 geschärft habe, Täubchen?
3563 3427 5151 3505 es schon lernen, mußt eben. Was steckt nicht alles in
3563 3489 5138 3567 Menschen drin — was er nicht weiß. Ich hab die zimper
2046 3472 2943 3576 Lukardis (nickt). Ja. Alles
3576 3563 5151 3646 lichsten Frauenzimmer zu Kokotten werden sehen, wo nicht
2030 3522 3505 3654 Anastasia Karlowna. Achte auf dich, achte an
3576 3625 5155 3704 der hundertste Teil von dem auf dem Spiel stand wie hier
1918 3621 3514 3725 die geringste Gebärde. Jedes Wort... einzige Un¬
3576 3691 5167 3770 Anständigkeit ist billig. Die viel Aufhebens von ihrer
1910 3704 3055 3782 geschicklichkeit und er kann verloren sein.
3576 3741 5163 3824 Weiberehre machen, tun es meistens nur, weil sie keinen
2030 3737 3514 3890 Lukardis (streng). Wenn ich nicht daran dächte
3576 3807 5155 3919 Abnehmer dafür finden. Wer sollte es wagen, deine Ehr
1922 3836 3332 3931 wäre ich doch eine Närrin, daß ich mich dazu hergebe.
3576 3882 4758 3964 anzutasten, wenn du das vollbracht hast, he?
2030 3915 3514 4006 Anastasia Karlowna. Heute ist Dienstag
3708 3931 5192 4035 Lukardis (fasziniert). Ich habe nicht geahnt, was
1910 3948 3518 4059 Donnerstag vormittag bekomm ich den Auslandpaß für ihn
3576 4022 5204 4146 für eine Frau Sie sind, Anastasia Karlowna. Ganz wild sind
1910 4043 3522 4121 (Noch leiser.) Boris Krasnuchs selbst hat es mir versprochen
3567 4084 4196 4192 Sie ja, ganz wild..
1910 4105 3526 4204 Von dieser Minute bis übermorgen zehn Uhr liegt Nadinski's
1910 4167 2898 4258 Schicksal in deiner Hand, ###hchen
3712 4121 5221 4266 Anastasia Karlowna (auflachend). O. Geschöpf-
2046 4221 3530 4349 Lukardis. Hoffentlich bleiben die Eltern im Glauben
3592 4216 4882 4332 chen? Was du schon ahnst. Puppenmütterchen.
1910 4274 2985 4390 daß ich bei Sinaida in Petersburg bin.
3712 4303 5180 4427 Lukardis. Sagen Sie nicht Suppenmütterchen zu
2042 4345 3534 4473 Anastasia Karlowna. Warum sollen sie dir
3580 4374 5175 4473 mir. Leben nicht alle in einer Welt, die sie sich erst dichten
1910 4431 3518 4526 mißtrauen? Haft du sie je belogen? Noch nie. Siehst du. Ich
3696 4464 5167 4543 Anastasia Karlowna. Na gut. Aber merk-
1910 4522 3538 4593 geh von hier aus gleich hin. Ich werde auch trachten, daß ich
3580 4522 5200 4601 dir eins: Wir dürfen uns nicht kostbar machen. Das Leben
1918 4584 3526 4667 mit Peter Iljitsch, deinem Verlobten, sprechen kann. Der ist
3580 4588 5188 4675 hat überhaupt nur einen Wert, wenn man es opfert. Du bist
1926 4646 3514 4725 am meisten zu fürchten. Argwöhnisch ist er wie ein Tatar
3592 4646 5200 4733 schön, du bist jung, du hast natürlichen Instinkt, was ist da
1926 4712 3526 4795 Du aber hab' keinen anderen Gedanken als an deine
3600 4725 5188 4828 weiter schwer? Auch er (auf Nadinsky deutend) hat alles
1926 4766 2162 4874 Aufgabe.
3600 4795 4795 4886 geopfert für die große Sache unseres Volkes.
2059 4808 3526 4948 Lukardis. Aengstigen Sie sich nicht, Anastasia
3716 4861 5180 4948 Lukardis (steht auf, mit Festigkeit).- Das Tun
1910 4878 3538 5035 Karlowna; wie sollt’ ich Sie denn enttäuschen, da ich doch
3588 4915 5175 5006 selber ist nicht schwer, Anastasia Karlowna. Nur über die
1926 4985 2584 5080 nun bin, wo ich bin...
3588 4985 5175 5105 Angst Herr zu werden, ist schwer. Aber ich hab' kein
2059 5023 3915 5142 Anastasia Karlowna (leidenschaftlich, wie über¬
1926 5118 3514 5233 haupt ihr Wesen immer dringlicher und heftiger wird). Ge-
3716 5097 5188 5217 Anastasia Karlowna. Wir müssen ein Ende
1910 5188 2774 5283 nug geschwatzt. Zuviel Worte.
3567 5196 5175 5295 machen. Gott segne dich, Täubchen. Leb' wohl. Wahrhaftig,
281 5341 1889 5423 hört, Louise von Koburg, Freilich, sie soll durch Schwachsinn
1939 5341 3534 5436 einsamter, er war voll Sehnsucht, und er kochte seine Pläne
3600 5337 5188 5436 nicht gesellig. An Menschen seiner Klasse ist diese Eigenschaft
265 5403 1877 5481 verhindert gewesen sein. Aber dieser Schwachsinn ist ein wenig
1951 5399 2943 5498 seine Entschlüsse immer wieder allein.
3600 5415 5192 5494 oft zu beobachten. Das Interesse, das Mattachich nahm, be¬
2067 5457 3530 5564 Total gebrochen kehrte er zurück und erzählte. Er hatt
3600 5477 5192 5560 schränkte sich in seiner glücklichen Zeit auf Pferde, auf den
269 5477 1877 5572 plötzlich eingetreten, wie man zugeben muß.“ Ich schrieb
1947 5531 3526 5614 sich an den Lindenhof herangepirscht, hatte in Erfahrung ge
3600 5552 5188 5622 Dienst, auf Ritte ins Freie. Er war kein Causeur, kein
281 5539 1881 5626 „Die Prinzessin Louise hat den Willen geäußert, sich von
277 5601 1885 5688 ihrem Mann scheiden zu lassen, um den weniger hochgestellten
1947 5614 3534 5688 bracht, daß der Prinzessin Ausfahrten gestattet wurden. Er
3605 5614 5192 5692 Salonheld, andererseits auch kein Kartenspieler oder Trinker,
281 5680 1889 5750 aber mehr geliebten Mattachich zu heiraten. Es heißt, daß der
1951 5667 3538 5754 lauerte ihr auf und warf einen Brief in ihren Wagen, aber
3592 5684 5188 5750 und auf ihn übten auch die Genüsse des „Mulatschaks“, der
265 5738 1881 5829 prinzliche Gemahl und der königliche Vater in gleicher Weise
1951 5742 3538 5816 die Begleiterin der Prinzessin fing den Brief ab, nahm ihr
3600 5746 5180 5837 mit Weibern durchjubelten Nächte, nur ganz geringen Reiz
265 5808 1893 5882 darüber entrüstet sind und daß man, um solch ein Beginnen
1951 5800 3547 5886 an sich und übergab ihn dem Dr. Pierson. Mit den Aus¬
3605 5812 5192 5891 Genug, jetzt tat er, was man ihm zu tun empfahl und was
1951 5870 3547 5961 fahrten war es nun vorbei. Alle anderen Versuche, sich der
269 5878 1881 5961 zu vereiteln, die arme Frau in Gewahtsam sperrt. Nach
3592 5874 5188 5990 er selbst als zweckmäßig erkannte, tat es still, bescheiden und
1947 5940 3890 6052 Gefangenen zu nähern oder irgendeine Person aus dem zwerlässig
265 5953 1881 6023 unseren bürgerlichen Begriffen ist eine Prinzessin, die einen
269 6010 1897 6101 gewöhnlichen Sterblichen ehelichen will, darum noch lange nicht
1951 5998 3538 6077 Lindenhof für sich zu gewinnen, blieben fruchtlos. Mattachi¬
3737 5973 5200 6110 Die Mühe fand ihren Lohn. Da auch jede öffentliche Er¬
281 6077 1885 6188 schwachsinnig. Auch wird solche Heirat niemanden besonders
1951 6077 3551 6159 besaß kein Geld, um jemanden zu bestechen. Er mußte Koswig
3613 6077 5209 6192 örterung eingestellt wurde, schlief die Sache ein und das Gras
1959 6151 3538 6225 verlassen, kehrte nach Wien zurück, um sehr bald nachhe
269 6147 1881 6246 aufregen und die Welt wird weiter bestehen.“ Schrieb zuletzt
3600 6155 4622 6258 eines ganzen Sommers wuchs darüber
269 6192 1897 6287 „Das öffentliche Rechtsbewußtsein ist im Begriff, sich zu
1947 6213 3534 6296 wieder die gleiche Reise zu unternehmen. Diesmal per Zwei
3729 6213 5204 6300 Im August des Jahres 1904 erschien in den Blättern
269 6283 1897 6362 empören. Man muß es so rasch als möglich beruhigen. Das
1947 6283 3538 6349 rad. Damals gab es keinerlei Paßzwang, und so gelang e
3605 6271 5204 6362 die Nachricht, Prinzessin Louise von Koburg werde sich nächster
277 6337 1885 6424 ist für uns Oesterreicher weitaus wichtiger, als daß ein Prinz
1951 6341 3551 6420 ihm ohne Mühe, Koswig zu erreichen. Jetzt aber fand er eine
3625 6354 5204 6436 Tage zur Kur nach Bad Elster begeben. Für die Dauer von
281 6403 1893 6498 der uns gleichgültig ist, seine Genugtuung, ein König, der
1951 6416 3551 6502 gründlich veränderte Lage. Die Gendarmen waren überall
3617 6416 5184 6527 drei Wochen. Und — natürlich — unter entsprechender Be
265 6469 1319 6573 uns nichts angeht, seinen Willen hat.
1959 6482 3551 6552 auf seinen Fersen, hezten ihn wie ein Raubwild und er hörte
3605 6482 3861 6581 machung.
1947 6535 3547 6626 es sei von einer der höchsten Stellen der Befehl ergangen
3741 6515 4667 6647 Sofort kam Mattachich: „Jetzt?!“
401 6548 1893 6639 Keiner von den großen Herren muchste sich. Keiner
3741 6585 5018 6701 Die Antwort war: „Jetzt nicht — aber bald!“
1951 6602 3547 6684 den Mattachich einfach niederzuknallen, wo man seiner in de
265 6614 1893 6705 widersprach. Sie wischten sich die Ohrfeigen, die sie bekommen
1951 6676 3538 6755 Umgegend des Lindenhofes habhaft werde. Er war trostlos
3741 6668 5213 6779 Er fragte, mit Widerspruch im Ton und mit zornigem
281 6693 1893 6771 hatten, vom Gesicht und hielten den Mund. Keiner wagte den
2096 6750 3563 6829 Zunächst also ergab es sich als Notwendigkeit, über diese
3625 6730 4634 6854 Staunen: „Warum nicht jetzt gleich?
277 6759 1885 6845 Versuch, das öffentliche Rechtsbewußtsein zur Ruhe zu
1959 6783 3551 6895 Geschichte Gras wachsen zu lassen. Damit das Gras schnelle
3753 6788 5217 6932 Antwort: „Weil jetzt die Bewachung zu scharf, zu
277 6808 1910 6912 bringen. Tamals galt noch in Oesterreich der fundamentale
1959 6883 3559 6949 und dichter wachse, verpflichtete sich Mattachich, auf keine
281 6903 1893 6982 Grundsatz: ein Mann von der Feder darf weder beachten
3625 6879 4572 6986 ängstlich, zu aufmerksam sein wird.
3753 6928 4766 7040 Er voll Ungeduld: „Also — wann?“
1959 6945 3559 7023 Weise und durch keine angebliche Vertrauensperson eine Zeile
277 6961 1893 7044 werden, geschweige denn recht behalten. Diese Wirkungs¬
1959 7015 3547 7085 an die Prinzessin zu senden. Er mußte so tun, als habe e
277 7040 1893 7114 losigkeit war mit unbedingter Sicherheit zu erwarten gewesen
3753 6994 5221 7122 Antwort: „In der letzten Nacht! Vor der Abreise der
3621 7065 3952 7193 Prinzessin!“
1972 7077 3563 7160 sie aufgegeben, als wolle er sie vergessen. Mattachich sollte sich
277 7094 1906 7184 Toch die andere, gleichfalls erwartete Folge stellte sich pünkt-
3737 7098 4667 7234 Kuurrend die Frage: „Warum?“
1972 7147 3559 7226 in den Wiener Kaffeehäusern zeigen, in den Nachtlokalen
281 7160 1910 7246 lich ein. Die Wirkung auf breite Schichten des Publikums
1984 7218 3563 7292 sollte sich, wenn möglich, auch mit den Dirnen und Dämchen
3753 7180 5221 7304 Endlich begreift er: Die drei Wochen müssen in aller
281 7238 1893 7313 Der Glaube an den Spruch des Militärgerichtes war zerstört
1959 7284 3576 7362 dieser Lokale im Gespräch sehen lassen. Mattachich nahm
3629 7263 5229 7370 Ruhe verstreichen. Keine Spur von Mattachich! Kein Zeichen
277 7300 1897 7383 das Zutrauen in das erlauchte Hofmarschallamt vernichtet
1976 7350 3563 7437 diese Aufgabe auf sich und führte sie mit der ganzen verbissenen
3617 7354 5229 7437 einer versuchten Befreiung! Dann, in der letzten Nacht, wenn
277 7366 1893 7449 die Entrüstung über das doppelte Unrecht allgemein
1959 7420 3559 7503 Hartnäckigkeit durch, die er besaß. Gegen das Entsetzliche
3617 7420 5213 7503 alle, bevor sie zu Bett gehen, Gott danken, daß nichts ge-
277 7432 1910 7532 Praktisch half das freilich wenig, um Mattachich zu rehabili¬
1972 7490 3563 7561 was er erlitten hatte, schien das ja leicht. Dennoch kostete
3629 7490 5221 7569 schehen, daß auch nichts mehr zu fürchten ist, in dieser letzten
281 7511 1893 7610 tieren, half zur Befreiung der Prinzessin gar nicht. Aber e
1972 7561 3559 7647 ihn gerade diese Rolle große Ueberwindung. Er taugte schlech
3634 7561 5204 7631 Nacht, wenn alle sich friedlichem Schlaf hingeben — dann
281 7556 1232 7664 blieb eine Vorbereitung für beides.
1976 7627 3026 7730 dafür, fand sich nur schwer darin zurecht
3766 7627 5217 7714 Zwei Wochen weilt Louise in Bad Elster, Mattachich
418 7619 1902 7726 Unterdessen jedoch hätte mein Ratschlag, an Mattachick
2100 7681 3576 7767 Es ist schon gesagt worden, wie sehr ihn das Schicksal
3634 7685 5242 7788 spaziert in Wien umher, als kümmere ihn Louise von Koburg
277 7689 1897 7821 in jener Nacht gegeben, beinahe alles und für immer ver¬
1972 7755 3563 7842 der letzten Jahre vereinsamt hatte. Er trug das beständig
3634 7763 4911 7871 gar nichts, als sei sie ihm gleichgültig geworden.
281 7780 1910 7871 eitelt. Mattachich hatte durch diesen Rat, hatte auch meine
3762 7813 5229 7920 Eines Tages kommt er zu mir und berichtet. Er ist
1972 7829 3572 7900 bohrende Gefühl des Unrechtes, das er selbst, mehr noch des
285 7838 1906 7941 Veröffentlichung plötzlich zu viel Mut bekommen. Er ließ all
1972 7895 3563 7974 Unrechtes, das die Prinzessin erdulden mußte, in seinen
3629 7891 5217 7982 nicht untätig gewesen. Hat einen Vertrauensmann, der
293 7900 1910 8007 Lorsicht, ließ jede Zurückhaltung beiseite und fuhr nach
1972 7962 3580 8040 Innern. Er war von seiner Familie ausgestoßen, war von
3646 7949 5221 8048 Bad Elster im selben Hotel wie Louise wohnt und die Ver¬
289 7957 1922 8090 Koswig in Sachsen. Dort war Dr. Piersons Heilanstalt, in
1984 8032 3572 8127 seinem Gesellschaftskreis boykottiert. Dazu wühlte die Sehn-
3629 8024 5221 8119 bindung mit ihr herstellt. Er selber, Mattachich, wird erst
281 8053 1922 8156 welcher Louise seit nunmehr sechs Jahren gefangen schmachtete.
3634 8090 4750 8230 letzten Abend in Bad Elster erscheinen
1984 8102 3576 8172 sucht nach der geliebten Frau in seinem Herzen Allein, von
285 8123 1939 8214 Zweimal reiste er nach Koswig in rascher Aufeinanderfolge.
3749 8156 4101 8280 Borttefflich
293 8172 3621 8317 Er hatte niemanden gefragt, er war ein gänzlich Ver- diesen Dingen abgesehen, war er ganz bedürfnislos und gar
