3308 4072
1559 334 2052 485 Yours
1214 317 1385 457 952
987 362 2498 580 S. Fischer Verlag Perlin ### Buͤlowstraße 90
1427 550 2072 664 AKTIENSESELISCHAFT
751 631 2742 754 Bankkonto: Deutsche Bank, Depositenkasse P in Berlin / Postscheckkonto Berlin Nr. 16632
1189 707 2316 774 Fernsprechanschlüsse: Amt Lützow Nr. 6162 bis 6164
1178 754 2305 892 Telegramm-Adresse: Fischerverlag 6162 Berlinlützow
2078 821 3042 962 Berlin, den 3. Februar 1930.
771 838 973 981 M/St.
1172 953 1379 1099 Herrn
1469 1004 2198 1152 Dr. Arthur Schnitzler
2285 1018 2779 1158 W i e n XVIII
2181 1164 2907 1309 Sternwartestrasse 71,
782 1208 1671 1413 Sehr geehrter Herr Doktor!
1155 1349 2812 1525 Wir haben eben die amerikanische Schulausgabe von
793 1486 2739 1607 "Der blinde Geronimo" für die University of Chicago Press
788 1601 2902 1736 fertiggestellt, die von Herrn Lawrence M. Prince geleitet wurde.
2097 1682 2338 1736 ( 1
782 1727 2882 1848 Dies ist der erste Fall, wo wir für einen ausländischen Verlag
785 1803 2930 1963 auch die Herstellung des Buches selbst übernommen haben, ein Ex-
793 1935 2941 2083 periment, das zwar für uns eine ausserordentliche Arbeitsüberla-
788 2007 2922 2201 stung bedeutet, während wir aber sonst für die englische Schul-
788 2167 2891 2305 ausgabe desselben Buches 15  Honorar erhielten, war es uns in
785 2226 2793 2397 diesem Falle möglich, Ihr Honorar auf 150 Doller (für 3.000
785 2397 2818 2518 Exemplare) zu kalkulieren, das wir Ihnen gleichzeitig gutge-
793 2512 1346 2650 schrieben haben.
1119 2529 2888 2734 Zu unserm grossen Befremden erhielten wir allerdings
793 2678 2927 2835 gleichzeitig eine Beschwerde der University Press darüber, dass
793 2826 2997 2964 der Verlag Haath & Company in seinem Herbstkatalog, den wir Ihnen
785 2941 2947 3062 gleichzeitig einsenden, Novellen und Stücke in deutscher Sprache
796 3034 2961 3168 von Ihnen anzeigt, in denen auch "Der blinde Geronimo" enthalten
796 3132 2941 3286 ist. Uns ist von dieser Ausgabe gar nichts bekannt, und sie ist
788 3272 2860 3387 natürlich mit der der University Press gegebenen Lizenz nicht
793 3345 2907 3505 zu vereinen. Wir bitten Sie, uns Mitteilung darüber zugehen zu
791 3446 2815 3608 lassen. Derselbe Professor Porterfield brachte mir übrigens
793 3608 3048 3757 eine ähnliche Beschwerde über eine Ausgabe von „Der Ruppenspieler“
524 3639 816 3830 10, 29. 12000 V. S.
