3020 4183
1016 399 1211 542 963
1256 391 1608 555 Gout
603 444 2278 656 S. FISCHERVERLAG A.=G.. BERLIN W 57
1072 592 1825 723 Theaterabteilung
430 717 2454 796 Fernsprecher: Lützow Nr. 6162-6164 Telegramm=Adresse: Fischerverlag 6162 Berlinlützöw
421 768 2459 929 Bankkonto: Deutsche Bank, Depositenkasse P in Berlin / Postscheckkonto; Berlin Nr. 16‘692
1167 846 1725 955 Bülowstraße 90
1496 890 2177 1072 Berlin, den 13.3.30.
701 935 927 1050 Ma/Hb.
650 1094 843 1245 Herrn
837 1267 1918 1432 Dr. Arthur Schnitzler,
1982 1351 2454 1530 Wien XVIII.
706 1524 1359 1700 Lieber Herr Doktor,
1340 1602 2585 1786 wir haben nach reiflicher Ueberlegung
419 1742 2587 1920 doch davon abgesehen, Barnowsky durch eine einstweilige Verfügung
419 1867 2445 2012 die Aufführung zu verbieten, da wir die Sache nicht so publik
2484 1904 2599 1996 G.C.H.F.P.P
405 1959 2585 2091 machen wollten und wir glauben, auch so zu unserm Ziel zu kommen.
391 2052 2303 2208 wir lassen nunmehr das erste Urteil über einen Teilbetrag
388 2160 2565 2300 rechtskräftig werden und haben eine zweite Klage wegen der unter-
394 2275 2632 2403 dessen fälligen Tantiemeüber die am 19.März verhandelt werden wird,
391 2361 2615 2507 eingeleitet, sodass wir auf Grund dieser Klagen Pfändungsinstrumente
382 2481 2378 2585 in die Hand bekommen. Unterdessen hat Barnowsky seit dem 25.
394 2568 2479 2735 die tägliche Abrechnung eingehalten und es sind ungefähr 2000.-
382 2668 2389 2861 bis zum 7.ds. eingegangen. Ausserdem hat er eine Zahlung von
382 2786 1390 2950 Rm 1000.- und 750.- geleistet.
1471 2839 2096 3031 Mit besten Grüssen
1471 2995 1951 3112 Ihr ergebener
1946 3068 2141 3310 eing
