3098 4120
1144 313 1331 464 1041
623 381 2108 578 S. Fischer Verlag/Berlin W57 Bülowstrasse 9o
1053 529 1679 652 AKTIENSESELESCHAFT.
387 603 2356 725 Bankkonto: Deutsche Bank, Depositenkasse P in Berlin / Postscheckkonto Berlin Nr. 16692
814 688 1926 777 Fernsprechanschlüsse: Amt Lützow Nr. 6162 bis 6164
814 754 1932 888 Telegramm-Adresse: Fischerverlag 6162 Berlinlützow
1673 743 2478 939 Berlin, den 1.Juni 1931.
341 822 626 942 Sch. /Ar.
344 982 541 1155 Herrn
836 1007 1878 1206 Dr. Arthur Schnitzler
2046 1107 2529 1243 W i e n XVIII
2046 1235 2171 1289 -- — —
1915 1263 2597 1391 Sternwartestrasse 71
364 1408 1263 1562 Sehr verehrter Herr Doktor!
538 1502 2612 1647 Wir kommen auf Ihren Wunsch, bei Gelegenheit der Neuausgabe des
376 1599 2663 1778 „Reigen“ auch für Ihr im Phaidon-Verlag erschienenes Buch „Sprüche und
1926 1693 2057 1741 G.C.H.F.P
1650 1701 1792 1758 que nous avons
381 1730 2632 1875 Bedenken» zu werben, zurück. Bei der ersten Binderate war dies leider
381 1832 2609 1963 nicht möglich, da zu diesem Zeitpunkt der Phaidon -Verlag keinen Pro-
384 1912 2606 2077 spekt zur Verfügung stellen konnte. Wir haben jedoch für die Zukunft
390 2031 1986 2157 einen Prospekt-, bezw. Anzeigentausch vorgesehen.
2091 2091 2572 2213 cht entspricht,
546 2131 2102 2259 Obwohl es unseren Gepflogenheiten eigentlich nie
2091 2185 2225 2259 G.C.H.
390 2230 2677 2364 ein Werk, das in einem anderen Verlage erschienen ist, in unseren Pro-
398 2339 2563 2464 spekt aufzunehmen, werden wir bei der in Vorbereitung befindlichen
395 2432 2586 2597 Neuauflage des Prospektes, der Ihre bei uns erschienenen Werke ent-
395 2524 2461 2686 hält, das oben genannte Buch mit Angabe des Verlages aufnehmen.
1593 2597 2521 2754 Mit verbindlicher Begrüssung
1630 2737 2455 2851 S. FISCHER VERLAQ A.-G.
1465 2808 2532 3021 Dr Bermanne, Ppe. N. Whann
228 3650 469 3815 30 20000 V. S.
333 3795 626 3923 B. A. M. M
