<?xml version="1.0" encoding="UTF-8" standalone="yes"?>
<PcGts xmlns="http://schema.primaresearch.org/PAGE/gts/pagecontent/2013-07-15" xmlns:xsi="http://www.w3.org/2001/XMLSchema-instance" xsi:schemaLocation="http://schema.primaresearch.org/PAGE/gts/pagecontent/2013-07-15 http://schema.primaresearch.org/PAGE/gts/pagecontent/2013-07-15/pagecontent.xsd">
    <Metadata>
        <Creator>prov=READ-COOP:name=TrHtr:version=2.1.0:model_id=51170:date=25_07_2023_14:24</Creator>
        <Created>2023-05-02T08:16:28.011+02:00</Created>
        <LastChange>2023-07-25T14:24:19.809+02:00</LastChange>
        <TranskribusMetadata docId="1416744" pageId="54954252" pageNr="172" tsid="130674117" status="IN_PROGRESS" userId="64420" imgUrl="https://files.transkribus.eu/Get?id=SCUDTLAHNGUDGBLTTBYXCQQN&amp;fileType=view" xmlUrl="https://files.transkribus.eu/Get?id=FLCNJKRLCBLNIBGZIBMXCJIQ" imageId="44457977"/>
    </Metadata>
    <Page imageFilename="1416744_0172.jpg" imageWidth="3138" imageHeight="4007">
        <ReadingOrder>
            <OrderedGroup id="ro_1711826034665" caption="Regions reading order">
                <RegionRefIndexed index="0" regionRef="tr_1"/>
                <RegionRefIndexed index="1" regionRef="tr_2"/>
            </OrderedGroup>
        </ReadingOrder>
        <TextRegion id="tr_1" custom="readingOrder {index:0;}">
            <Coords points="438,400 2743,400 2743,1574 438,1574"/>
            <TextLine id="tr_1_tl_1" custom="readingOrder {index:0;}">
                <Coords points="1177,477 1201,477 1222,491 1248,470 1267,477 1285,463 1323,477 1330,472 1351,477 1349,395 1314,390 1300,400 1290,395 1283,400 1262,397 1243,383 1213,400 1198,388 1175,388"/>
                <Baseline points="1191,450 1236,453 1280,453 1325,456 1355,459"/>
                <TextEquiv>
                    <Unicode>1068</Unicode>
                </TextEquiv>
            </TextLine>
            <TextLine id="tr_1_tl_2" custom="readingOrder {index:1;}">
                <Coords points="1716,503 1732,505 1751,486 1762,496 1800,486 1835,515 1852,505 1880,524 1918,496 1953,498 1943,385 1892,388 1880,378 1852,397 1817,369 1772,367 1746,392 1727,400 1706,395"/>
                <Baseline points="1725,480 1770,486 1815,495 1860,498 1904,498 1949,498 1958,498"/>
                <TextEquiv>
                    <Unicode>drey</Unicode>
                </TextEquiv>
            </TextLine>
            <TextLine id="tr_1_tl_3" custom="readingOrder {index:2;}">
                <Coords points="1958,623 2092,606 2305,623 2385,578 2444,592 2500,557 2613,604 2616,468 2566,454 2505,489 2425,454 2303,491 2251,470 2183,494 2094,475 1960,491"/>
                <Baseline points="1970,561 1991,558 2036,552 2081,555 2125,558 2170,558 2215,558 2260,555 2305,555 2349,555 2394,552 2439,549 2484,552 2529,552 2573,555 2618,558"/>
                <TextEquiv>
                    <Unicode>BERLIN W 57</Unicode>
                </TextEquiv>
            </TextLine>
            <TextLine id="tr_1_tl_4" custom="readingOrder {index:3;}">
                <Coords points="425,595 552,644 736,590 1027,632 1255,580 1868,580 1868,508 1629,437 1483,423 1227,494 773,439 597,498 496,414 425,430"/>
                <Baseline points="438,588 444,588 483,564 528,561 573,558 618,558 662,558 707,558 752,558 797,558 842,558 886,558 931,558 976,558 1021,558 1065,555 1110,558 1155,558 1200,555 1245,555 1289,555 1334,555 1379,558 1424,555 1469,555 1513,555 1558,555 1603,558 1648,558 1692,558 1737,552 1782,552 1827,558 1872,558"/>
                <TextEquiv>
                    <Unicode>S. FISCHER VerlAG X:G:</Unicode>
                </TextEquiv>
            </TextLine>
            <TextLine id="tr_1_tl_5" custom="readingOrder {index:4;}">
                <Coords points="1222,649 1544,663 1661,637 1713,660 1960,658 1960,585 1824,604 1668,578 1476,609 1443,585 1340,611 1253,580 1222,599"/>
                <Baseline points="1236,632 1280,632 1325,632 1370,635 1415,635 1460,635 1504,632 1549,635 1594,635 1639,635 1684,635 1728,632 1773,635 1818,635 1863,635 1907,638 1952,638 1964,635"/>
                <TextEquiv>
                    <Unicode>Theaterabteilung</Unicode>
                </TextEquiv>
            </TextLine>
            <TextLine id="tr_1_tl_6" custom="readingOrder {index:5;}">
                <Coords points="1509,773 2660,754 2733,743 2735,639 2522,658 2423,613 2204,660 1511,653"/>
                <Baseline points="1522,743 1528,740 1573,743 1618,743 1663,743 1707,743 1752,743 1797,743 1842,743 1887,743 1931,743 1976,743 2021,743 2066,743 2110,743 2155,743 2200,743 2245,743 2290,743 2334,743 2379,740 2424,740 2469,740 2514,737 2558,737 2603,737 2648,737 2693,737 2738,737"/>
                <TextEquiv>
                    <Unicode>Telegramm=Adresse: Fischerverlag 6182 Berlinlützow</Unicode>
                </TextEquiv>
            </TextLine>
            <TextLine id="tr_1_tl_7" custom="readingOrder {index:6;}">
                <Coords points="456,754 1274,766 1292,649 1177,656 1093,625 961,658 909,623 768,660 602,609 456,677"/>
                <Baseline points="468,743 513,746 558,746 603,749 647,749 692,746 737,746 782,746 827,746 871,746 916,746 961,746 1006,746 1051,746 1095,746 1140,743 1185,743 1230,743 1274,743 1298,743"/>
                <TextEquiv>
                    <Unicode>Fernsprecher: Lützow Nr. 6162=6164</Unicode>
                </TextEquiv>
            </TextLine>
            <TextLine id="tr_1_tl_8" custom="readingOrder {index:7;}">
                <Coords points="1950,837 2176,837 2329,799 2390,827 2540,804 2738,822 2740,750 1953,757"/>
                <Baseline points="1964,800 1982,800 2027,800 2072,800 2116,800 2161,797 2206,797 2251,797 2296,797 2340,797 2385,794 2430,794 2475,794 2520,797 2564,794 2609,794 2654,794 2699,791 2743,794"/>
                <TextEquiv>
                    <Unicode>Postscheckkonto: Berlin Nr. 16892</Unicode>
                </TextEquiv>
            </TextLine>
            <TextLine id="tr_1_tl_9" custom="readingOrder {index:8;}">
                <Coords points="451,841 686,804 1022,860 1093,813 1748,827 1713,750 451,752"/>
                <Baseline points="465,803 501,800 546,803 591,803 635,800 680,800 725,800 770,803 815,800 859,800 904,800 949,800 994,800 1039,800 1083,800 1128,803 1173,803 1218,800 1263,800 1307,800 1352,800 1397,800 1442,800 1486,800 1531,800 1576,800 1621,800 1666,797 1710,797 1755,800"/>
                <TextEquiv>
                    <Unicode>Bankkonto: Deutsche Bank, Depositenkasse P in Berlin</Unicode>
                </TextEquiv>
            </TextLine>
            <TextLine id="tr_1_tl_10" custom="readingOrder {index:9;}">
                <Coords points="691,933 705,933 724,921 736,933 740,928 766,938 799,905 815,912 822,905 839,912 860,909 860,813 848,813 825,832 806,818 792,825 780,813 757,820 743,813 705,846 691,844"/>
                <Baseline points="704,880 749,883 794,883 839,883 865,883"/>
                <TextEquiv>
                    <Unicode>Ma/K</Unicode>
                </TextEquiv>
            </TextLine>
            <TextLine id="tr_1_tl_11" custom="readingOrder {index:10;}">
                <Coords points="1318,905 1401,924 1488,893 1678,933 1899,893 2052,933 2392,909 2392,851 2324,832 1318,837"/>
                <Baseline points="1331,889 1376,889 1421,889 1466,892 1510,892 1555,892 1600,892 1645,892 1689,892 1734,892 1779,889 1824,889 1869,889 1913,889 1958,889 2003,889 2048,889 2093,892 2137,889 2182,889 2227,889 2272,892 2317,892 2361,895 2397,892"/>
                <TextEquiv>
                    <Unicode>Bülowstraße 90  7. Oktober 31.</Unicode>
                </TextEquiv>
            </TextLine>
            <TextLine id="tr_1_tl_12" custom="readingOrder {index:11;}">
                <Coords points="700,1295 736,1288 747,1276 757,1283 785,1276 794,1283 811,1278 825,1288 844,1281 877,1288 877,1180 834,1182 822,1170 804,1175 771,1144 747,1159 724,1142 698,1149"/>
                <Baseline points="713,1251 758,1248 803,1248 847,1251 883,1251"/>
                <TextEquiv>
                    <Unicode>Herrn</Unicode>
                </TextEquiv>
            </TextLine>
            <TextLine id="tr_1_tl_13" custom="readingOrder {index:12;}">
                <Coords points="1029,1389 2014,1372 2012,1311 1737,1253 1636,1304 1544,1271 1332,1302 1027,1276"/>
                <Baseline points="1039,1352 1083,1355 1128,1358 1173,1358 1218,1358 1263,1358 1307,1355 1352,1355 1397,1358 1442,1358 1486,1355 1531,1355 1576,1355 1621,1358 1666,1358 1710,1358 1755,1358 1800,1358 1845,1358 1890,1358 1934,1358 1979,1358 2015,1358"/>
                <TextEquiv>
                    <Unicode>Dr. Arthur Schnitzler</Unicode>
                </TextEquiv>
            </TextLine>
            <TextLine id="tr_1_tl_14" custom="readingOrder {index:13;}">
                <Coords points="2049,1459 2103,1483 2289,1469 2303,1455 2381,1485 2517,1471 2517,1398 2477,1382 2444,1398 2390,1377 2326,1405 2272,1377 2216,1391 2181,1372 2049,1391"/>
                <Baseline points="2063,1460 2108,1460 2152,1463 2197,1460 2242,1463 2287,1463 2331,1466 2376,1463 2421,1463 2466,1463 2511,1463 2520,1463"/>
                <TextEquiv>
                    <Unicode>W i e n XVIII</Unicode>
                </TextEquiv>
            </TextLine>
            <TextLine id="tr_1_tl_15" custom="readingOrder {index:14;}">
                <Coords points="2023,1504 2042,1504 2054,1513 2099,1504 2129,1525 2141,1518 2162,1518 2162,1483 2136,1476 2129,1483 2115,1483 2103,1471 2096,1469 2087,1476 2061,1466 2044,1452 2021,1448"/>
                <Baseline points="2036,1498 2081,1498 2125,1501 2167,1501"/>
                <TextEquiv>
                    <Unicode>----</Unicode>
                </TextEquiv>
            </TextLine>
            <TextLine id="tr_1_tl_16" custom="readingOrder {index:15;}">
                <Coords points="2197,1513 2218,1506 2263,1523 2303,1511 2343,1525 2385,1509 2423,1523 2456,1511 2503,1511 2503,1478 2477,1471 2456,1483 2439,1473 2423,1483 2385,1473 2298,1483 2237,1462 2218,1478 2197,1478"/>
                <Baseline points="2209,1498 2254,1501 2299,1498 2343,1501 2388,1501 2433,1498 2478,1498 2508,1498"/>
                <TextEquiv>
                    <Unicode>ʀ ̃ ʒ  ==============</Unicode>
                </TextEquiv>
            </TextLine>
            <TextLine id="tr_1_tl_17" custom="readingOrder {index:16;}">
                <Coords points="2016,1596 2117,1586 2171,1619 2225,1596 2282,1612 2383,1603 2435,1574 2482,1598 2562,1584 2562,1513 2533,1506 2127,1525 2016,1499"/>
                <Baseline points="2030,1564 2075,1561 2119,1561 2164,1561 2209,1561 2254,1561 2299,1561 2343,1561 2388,1561 2433,1564 2478,1561 2523,1561 2567,1561"/>
                <TextEquiv>
                    <Unicode>Sternwartestr. 71</Unicode>
                </TextEquiv>
            </TextLine>
        </TextRegion>
        <TextRegion id="tr_2" custom="readingOrder {index:1;}">
            <Coords points="647,1708 2529,1708 2529,2939 647,2939"/>
            <TextLine id="tr_2_tl_1" custom="readingOrder {index:0;}">
                <Coords points="670,1772 783,1765 881,1795 916,1762 1018,1784 1166,1767 1194,1791 1340,1770 1391,1793 1391,1633 1255,1664 1137,1643 1090,1666 947,1629 670,1657"/>
                <Baseline points="683,1758 728,1758 773,1758 818,1758 862,1758 907,1761 952,1758 997,1758 1042,1758 1086,1758 1131,1758 1176,1761 1221,1758 1265,1758 1310,1761 1355,1761 1397,1764"/>
                <TextEquiv>
                    <Unicode>Lieber Dr. Schnitzler,</Unicode>
                </TextEquiv>
            </TextLine>
            <TextLine id="tr_2_tl_2" custom="readingOrder {index:1;}">
                <Coords points="1029,1880 2475,1899 2453,1772 1713,1746 1553,1828 1337,1840 1220,1777 1029,1779"/>
                <Baseline points="1042,1863 1086,1863 1131,1863 1176,1860 1221,1863 1265,1860 1310,1860 1355,1863 1400,1863 1445,1866 1489,1866 1534,1863 1579,1866 1624,1866 1669,1866 1713,1866 1758,1866 1803,1869 1848,1869 1893,1866 1937,1866 1982,1866 2027,1866 2072,1866 2116,1866 2161,1866 2206,1866 2251,1866 2296,1866 2340,1869 2385,1869 2430,1869 2475,1872 2481,1872"/>
                <TextEquiv>
                    <Unicode>ich komme eben aus London, wo ich festgestellt</Unicode>
                </TextEquiv>
            </TextLine>
            <TextLine id="tr_2_tl_3" custom="readingOrder {index:2;}">
                <Coords points="691,1983 2493,1983 2477,1894 691,1882"/>
                <Baseline points="704,1961 707,1961 752,1961 797,1961 842,1961 886,1961 931,1958 976,1955 1021,1955 1065,1955 1110,1955 1155,1955 1200,1955 1245,1955 1289,1952 1334,1952 1379,1955 1424,1955 1469,1955 1513,1955 1558,1955 1603,1952 1648,1952 1692,1952 1737,1952 1782,1952 1827,1952 1872,1952 1916,1952 1961,1949 2006,1952 2051,1952 2096,1952 2140,1952 2185,1952 2230,1952 2275,1952 2319,1952 2364,1952 2409,1949 2454,1952 2499,1952"/>
                <TextEquiv>
                    <Unicode>habe, dass es sich bei den Aufführungen von "Reigen" nicht</Unicode>
                </TextEquiv>
            </TextLine>
            <TextLine id="tr_2_tl_4" custom="readingOrder {index:3;}">
                <Coords points="682,2073 2383,2070 2374,1979 682,1965"/>
                <Baseline points="695,2057 731,2057 776,2057 821,2057 865,2057 910,2054 955,2054 1000,2057 1045,2057 1089,2057 1134,2057 1179,2057 1224,2057 1268,2057 1313,2057 1358,2057 1403,2057 1448,2054 1492,2054 1537,2057 1582,2054 1627,2054 1672,2054 1716,2054 1761,2054 1806,2054 1851,2054 1896,2054 1940,2054 1985,2051 2030,2051 2075,2054 2119,2054 2164,2054 2209,2051 2254,2051 2299,2051 2343,2054 2388,2051"/>
                <TextEquiv>
                    <Unicode>um eine einmalige Privataufführung handelt, sondern um</Unicode>
                </TextEquiv>
            </TextLine>
            <TextLine id="tr_2_tl_5" custom="readingOrder {index:4;}">
                <Coords points="634,2190 2519,2195 2519,2089 2331,2068 1861,2117 634,2082"/>
                <Baseline points="647,2152 692,2158 737,2158 782,2158 827,2158 871,2158 916,2158 961,2158 1006,2158 1051,2158 1095,2155 1140,2158 1185,2158 1230,2155 1274,2155 1319,2155 1364,2155 1409,2158 1454,2158 1498,2155 1543,2155 1588,2155 1633,2158 1678,2158 1722,2158 1767,2158 1812,2158 1857,2158 1901,2155 1946,2158 1991,2155 2036,2155 2081,2155 2125,2155 2170,2155 2215,2155 2260,2155 2305,2152 2349,2152 2394,2155 2439,2152 2484,2152 2526,2152"/>
                <TextEquiv>
                    <Unicode>eine richtige Marie von Aufführungen, die nur deshalb unter</Unicode>
                </TextEquiv>
            </TextLine>
            <TextLine id="tr_2_tl_6" custom="readingOrder {index:5;}">
                <Coords points="670,2280 2512,2296 2498,2202 670,2200"/>
                <Baseline points="683,2257 728,2260 773,2260 818,2260 862,2260 907,2260 952,2260 997,2260 1042,2260 1086,2260 1131,2260 1176,2257 1221,2260 1265,2257 1310,2257 1355,2257 1400,2257 1445,2257 1489,2257 1534,2257 1579,2257 1624,2257 1669,2260 1713,2257 1758,2257 1803,2260 1848,2260 1893,2257 1937,2257 1982,2257 2027,2257 2072,2257 2116,2257 2161,2257 2206,2254 2251,2254 2296,2257 2340,2257 2385,2257 2430,2257 2475,2260 2517,2266"/>
                <TextEquiv>
                    <Unicode>dem Deckmantel von Privatvorstellungen veranstaltet werden,</Unicode>
                </TextEquiv>
            </TextLine>
            <TextLine id="tr_2_tl_7" custom="readingOrder {index:6;}">
                <Coords points="686,2411 2334,2383 2334,2312 2263,2287 1377,2322 686,2280"/>
                <Baseline points="698,2361 728,2361 773,2361 818,2361 862,2361 907,2358 952,2361 997,2361 1042,2358 1086,2361 1131,2361 1176,2361 1221,2361 1265,2361 1310,2358 1355,2358 1400,2358 1445,2361 1489,2358 1534,2358 1579,2358 1624,2358 1669,2361 1713,2361 1758,2361 1803,2361 1848,2361 1893,2361 1937,2361 1982,2358 2027,2358 2072,2358 2116,2355 2161,2355 2206,2355 2251,2355 2296,2355 2340,2355"/>
                <TextEquiv>
                    <Unicode>um Massnahmen der Zensur zu vermeiden. Ich habe unter</Unicode>
                </TextEquiv>
            </TextLine>
            <TextLine id="tr_2_tl_8" custom="readingOrder {index:7;}">
                <Coords points="686,2505 2512,2482 2444,2404 2160,2381 686,2411"/>
                <Baseline points="698,2466 725,2466 770,2463 815,2463 859,2463 904,2463 949,2463 994,2463 1039,2463 1083,2463 1128,2463 1173,2463 1218,2463 1263,2463 1307,2463 1352,2463 1397,2463 1442,2463 1486,2463 1531,2463 1576,2463 1621,2463 1666,2463 1710,2463 1755,2463 1800,2463 1845,2466 1890,2463 1934,2463 1979,2463 2024,2463 2069,2460 2113,2460 2158,2460 2203,2460 2248,2460 2293,2460 2337,2463 2382,2463 2427,2460 2472,2460 2517,2457"/>
                <TextEquiv>
                    <Unicode>solchen Umständen unsere Zustimmung zu den Aufführungen ge-</Unicode>
                </TextEquiv>
            </TextLine>
            <TextLine id="tr_2_tl_9" custom="readingOrder {index:8;}">
                <Coords points="691,2604 2482,2618 2524,2519 693,2507"/>
                <Baseline points="704,2567 734,2567 779,2567 824,2567 868,2567 913,2564 958,2567 1003,2567 1048,2564 1092,2564 1137,2564 1182,2564 1227,2564 1271,2564 1316,2564 1361,2561 1406,2564 1451,2564 1495,2564 1540,2564 1585,2564 1630,2564 1675,2564 1719,2564 1764,2564 1809,2564 1854,2564 1898,2564 1943,2561 1988,2564 2033,2564 2078,2561 2122,2561 2167,2561 2212,2561 2257,2561 2302,2561 2346,2561 2391,2564 2436,2561 2481,2561 2526,2555"/>
                <TextEquiv>
                    <Unicode>geben, um nicht um die Tantiemen zu kommen. Wir werden also</Unicode>
                </TextEquiv>
            </TextLine>
            <TextLine id="tr_2_tl_10" custom="readingOrder {index:9;}">
                <Coords points="705,2693 2524,2705 2524,2618 2369,2592 705,2625"/>
                <Baseline points="719,2666 764,2666 809,2669 853,2669 898,2666 943,2669 988,2669 1033,2669 1077,2666 1122,2666 1167,2666 1212,2666 1257,2666 1301,2666 1346,2666 1391,2666 1436,2666 1480,2666 1525,2666 1570,2666 1615,2666 1660,2666 1704,2669 1749,2669 1794,2669 1839,2666 1884,2666 1928,2666 1973,2666 2018,2666 2063,2666 2108,2663 2152,2663 2197,2663 2242,2663 2287,2663 2331,2663 2376,2663 2421,2663 2466,2663 2511,2666 2529,2666"/>
                <TextEquiv>
                    <Unicode>von diesen Aufführungen die regulären Tantiemen einziehen.</Unicode>
                </TextEquiv>
            </TextLine>
            <TextLine id="tr_2_tl_11" custom="readingOrder {index:10;}">
                <Coords points="1405,2836 1551,2883 1612,2844 1676,2869 1730,2844 1817,2879 2007,2858 2009,2764 1981,2754 1934,2775 1814,2747 1711,2782 1676,2754 1598,2773 1509,2726 1408,2728"/>
                <Baseline points="1418,2830 1430,2827 1475,2824 1519,2821 1564,2821 1609,2821 1654,2821 1698,2821 1743,2821 1788,2821 1833,2821 1878,2821 1922,2818 1967,2818 2012,2818"/>
                <TextEquiv>
                    <Unicode>Mit besten Grüssen</Unicode>
                </TextEquiv>
            </TextLine>
            <TextLine id="tr_2_tl_12" custom="readingOrder {index:11;}">
                <Coords points="1563,2956 1584,2959 1598,2949 1605,2956 1629,2954 1645,2940 1666,2942 1692,2935 1694,2872 1666,2867 1647,2846 1638,2853 1622,2848 1605,2865 1567,2860"/>
                <Baseline points="1579,2929 1609,2923 1654,2923 1698,2923"/>
                <TextEquiv>
                    <Unicode>Ihr</Unicode>
                </TextEquiv>
            </TextLine>
        </TextRegion>
    </Page>
</PcGts>
