3147 4041
1442 283 1607 406 1071
653 370 2687 525 S. FISCHERVERLAG A.=G. / BERLIN W 57
1298 476 2034 625 Theaterabteilung
527 599 1414 671 Fernsprecher: Lützow Nr. 6162=6164
1576 622 2803 689 Telegramm“Adresse: Fischerverlag 6162 Berlinlützow
535 645 1831 753 Bankkonto: Deutsche, Bank, Depositenkasse P in Berlin
1872 671 1952 748 1
2006 681 2808 764 Postscheckkonto: Berlin Nr. 16892
764 707 939 854 Ma/K
1378 730 2476 879 Bülowstrase 80 17. Oktober 31.
756 1005 957 1116 Herrn
1067 1090 2057 1237 Dr. Arthur Schnitzler
2144 1180 2489 1332 Wien XVIII
2042 1293 2589 1481 Sternwartestr. 71
751 1558 1355 1689 Lieber Herr Doktor,
1062 1648 2610 1797 die Angelegenheit Rökk Richter ist insofern ausge-
756 1784 2633 1908 tragen, als nur noch eine von Rökk Richter vorgenommene Ein¬
748 1877 2677 2011 kassierung nicht verfolgt wird, und zwar wegen der Geringfügig
751 1977 2713 2108 keit der Angelegenheit, nachdem ich Ihnen auch einmal in Berlin
756 2085 2687 2193 persönlich geraten hatte, auf diese Angelegenheit keine Kosten
751 2170 2769 2342 aufzuwenden. Seither sind alle Sendungen von der Societa Italiana
738 2299 2720 2432 zum üblichen Satz honoriert worden und werden auch in Zukunft so
738 2355 1291 2520 honoriert werden.
1052 2486 2702 2618 Das Staatstheater, Berlin antwortet auf unsere wieder
735 2566 2723 2741 holten Reklamationen wegen des Vertrages „gang zum Weiher“, dass
730 2695 2723 2831 die Intendanz diesen Vertrag wie üblicherweise erst kurz vor der
725 2800 2718 2954 Aufführung abschlieset. Das ist nun ein wirklich bestehender Un-
728 2893 2720 3014 fug, und wir haben der Direktion natürlich geantwortet, dass wir
1849 2996 1970 3065 wird
728 3016 2792 3181 uns xxx bis zum erfolgten Abschlüsse als für gebunden betrachten
720 3088 987 3227 könnten.
1008 3152 2759 3312 Wir verhandeln mit der Volksbühne wegen Uebernahme eines
705 3191 2592 3427 Einakters in ihr nächstes Programm. Die Direktion möchte den
460 3481 687 3602 10000. s. 50. V.
