3079 4184
165 0 362 106 G.C.H.F.P
938 426 1103 568 959
398 421 579 628 0 5
1217 395 2023 558 Baron Beruf
563 481 2261 687 S. FISCHER VERLAG, A,=G.. BERLIN W 57.
1065 618 1803 713 Theaterabteilung
367 742 2444 814 Fernsprecher: Lützow Nr. 6162-6164 Telegramm=Adresse: Fischerverlag 6162 Berlinlützöw
408 793 2449 907 Bankkonto: Deutsche Bank, Depositenkasse P in Berlin / Postscheckkonto; Berlin Nr. 16892
1127 858 1850 974 Bülowstraße 90
390 863 620 995 G.H.F.P.
801 987 1010 1114 Ma/Hb.
1323 966 1966 1103 Berlin, den 3.3.30.
1225 1052 1411 1222 G.C.F.P.
656 1212 853 1315 Herrn
920 1201 1305 1364 .Monsieur
899 1354 1930 1530 Dr. Arthur Schnitzler,
2018 1470 2150 1602 er
1654 1501 1809 1661 G.H.F.P.
1124 1530 1217 1659 G.F.P.
953 1535 1085 1656 G.H.F.P.
1850 1519 2405 1698 Sternwartestr. 71
1896 1638 2072 1770 G.C.H.F.P.
1486 1620 1788 1765 G.C.H.F.P
723 1623 1395 1822 Lieber Herr Doktor,
1331 1791 2542 1951 Ich gebe Ihnen erst heute Nachricht
525 1904 2436 2044 von meinem Schritten, die ich gegen Barnowski eingeleitet
537 2026 2537 2150 habe, weil ich sicher war, dass Sie mein Vorgehen gutheissen
537 2134 2400 2261 und ich Sie mit den Details der Angelegenheit verschonen
269 2103 470 2276 Würden
535 2212 2452 2364 wollte. Barnowsky hat von allem Anfang an, seinen Vertrag,
522 2349 2395 2467 der tägliches Inkasso vorsieht, nicht eingehalten und ich
530 2424 2426 2560 habe daraufhin sofort die Angelegenheit der zentralstelle
532 2542 2460 2664 übergeben, die dann eine Klage gegen Barnowsky angestrengt
530 2654 2369 2770 hat. Mitte voriger Woche fand der Termin statt, dem ich
532 2741 2431 2842 nicht beiwohnen konnte, weil ich zu der Zeit nach München
535 2842 2426 2948 gereist war. In diesem Termin hat sich das Schiedsgericht
532 2948 2467 3080 merkwürdigerweise sehr für Barnowsky eingesetzt, und einen
530 3028 2305 3170 Vergleich vorgeschlagen, den unsere Anwälte natürlich
517 3132 2444 3299 nur unter Wieerruf akzeptiert haben. Dieser Vergleich sah
514 3250 2573 3374 Ratenzahlungen vor. Nach meiner Rückkehr habe ich aber diesen
522 3351 2380 3514 Vergleich widerrufen, da ich sicher bin, dass Sie gegen
282 3643 470 3752 0000. 2. 30.
