<?xml version="1.0" encoding="UTF-8" standalone="yes"?>
<PcGts xmlns="http://schema.primaresearch.org/PAGE/gts/pagecontent/2013-07-15" xmlns:xsi="http://www.w3.org/2001/XMLSchema-instance" xsi:schemaLocation="http://schema.primaresearch.org/PAGE/gts/pagecontent/2013-07-15 http://schema.primaresearch.org/PAGE/gts/pagecontent/2013-07-15/pagecontent.xsd">
    <Metadata>
        <Creator>prov=READ-COOP:name=TrHtr:version=2.1.0:model_id=51170:date=25_07_2023_14:23</Creator>
        <Created>2023-05-02T08:16:00.667+02:00</Created>
        <LastChange>2023-07-25T14:23:29.244+02:00</LastChange>
        <TranskribusMetadata docId="1416744" pageId="54953543" pageNr="15" tsid="130673480" status="IN_PROGRESS" userId="64420" imgUrl="https://files.transkribus.eu/Get?id=MPSDWITTTIVCADRLJFQFGQUZ&amp;fileType=view" xmlUrl="https://files.transkribus.eu/Get?id=PHKOZTBPSFVAANPQIZRSJCGY" imageId="44457268"/>
    </Metadata>
    <Page imageFilename="1416744_0015.jpg" imageWidth="3283" imageHeight="4072">
        <ReadingOrder>
            <OrderedGroup id="ro_1711825916214" caption="Regions reading order">
                <RegionRefIndexed index="0" regionRef="tr_1"/>
            </OrderedGroup>
        </ReadingOrder>
        <TextRegion id="tr_1" custom="readingOrder {index:0;}">
            <Coords points="591,350 2859,350 2859,3798 591,3798"/>
            <TextLine id="tr_1_tl_1" custom="readingOrder {index:0;}">
                <Coords points="2246,456 2287,466 2304,461 2325,482 2337,482 2347,328 2325,323 2312,333 2302,328 2279,338 2274,333 2267,340 2254,338"/>
                <Baseline points="2262,406 2304,403 2349,400"/>
                <TextEquiv>
                    <Unicode>1</Unicode>
                </TextEquiv>
            </TextLine>
            <TextLine id="tr_1_tl_2" custom="readingOrder {index:1;}">
                <Coords points="1909,451 1946,454 1984,444 1997,456 2035,454 2062,471 2078,469 2083,340 2055,338 2042,350 2020,340 1994,340 1954,361 1914,355"/>
                <Baseline points="1925,426 1952,426 1997,423 2041,423 2086,417"/>
                <TextEquiv>
                    <Unicode>h</Unicode>
                </TextEquiv>
            </TextLine>
            <TextLine id="tr_1_tl_3" custom="readingOrder {index:2;}">
                <Coords points="1082,474 1165,474 1185,461 1238,487 1263,461 1329,479 1414,444 1495,444 1493,353 1467,350 1435,381 1384,388 1341,363 1190,393 1082,368"/>
                <Baseline points="1096,437 1143,432 1188,435 1232,435 1277,438 1322,438 1367,435 1412,435 1456,435 1501,435"/>
                <TextEquiv>
                    <Unicode>0t 1    A</Unicode>
                </TextEquiv>
            </TextLine>
            <TextLine id="tr_1_tl_4" custom="readingOrder {index:3;}">
                <Coords points="1316,673 1359,678 1392,650 1417,668 1480,666 1505,688 1553,666 1631,696 1646,683 1727,693 1717,595 1641,560 1624,577 1563,537 1525,580 1490,590 1450,562 1351,585 1306,570"/>
                <Baseline points="1328,656 1373,653 1418,656 1462,659 1507,665 1552,671 1597,674 1641,677 1686,683 1731,683"/>
                <TextEquiv>
                    <Unicode>153 Iam</Unicode>
                </TextEquiv>
            </TextLine>
            <TextLine id="tr_1_tl_5" custom="readingOrder {index:4;}">
                <Coords points="903,761 2088,741 2582,799 2582,648 2410,613 2292,693 1823,598 1631,696 903,620"/>
                <Baseline points="916,734 961,737 1006,737 1050,737 1095,740 1140,740 1185,740 1229,740 1274,737 1319,737 1364,737 1409,740 1453,740 1498,740 1543,740 1588,740 1632,743 1677,740 1722,743 1767,743 1812,743 1856,740 1901,740 1946,740 1991,740 2036,740 2080,740 2125,743 2170,743 2215,743 2259,740 2304,740 2349,743 2394,740 2439,740 2483,743 2528,743 2573,749 2588,752"/>
                <TextEquiv>
                    <Unicode>S. FISCHER VERLAG A.-G. BERLIN W 57</Unicode>
                </TextEquiv>
            </TextLine>
            <TextLine id="tr_1_tl_6" custom="readingOrder {index:5;}">
                <Coords points="1374,832 1503,842 1656,814 1737,842 1767,814 2108,845 2105,782 2070,769 1873,779 1747,751 1662,782 1609,751 1573,784 1488,756 1372,761"/>
                <Baseline points="1388,809 1432,809 1477,812 1522,812 1567,812 1612,812 1656,814 1701,814 1746,812 1791,812 1835,814 1880,814 1925,817 1970,817 2015,817 2059,817 2104,817 2113,817"/>
                <TextEquiv>
                    <Unicode>Theaterabteilung</Unicode>
                </TextEquiv>
            </TextLine>
            <TextLine id="tr_1_tl_7" custom="readingOrder {index:6;}">
                <Coords points="729,925 2746,943 2557,882 729,865"/>
                <Baseline points="743,916 788,919 832,919 877,922 922,922 967,922 1012,922 1056,922 1101,922 1146,922 1191,922 1235,922 1280,922 1325,922 1370,922 1415,922 1459,925 1504,925 1549,925 1594,928 1638,928 1683,925 1728,928 1773,925 1818,925 1862,925 1907,925 1952,925 1997,928 2041,928 2086,925 2131,928 2176,928 2221,928 2265,928 2310,931 2355,931 2400,931 2444,931 2489,931 2534,931 2579,931 2624,931 2668,931 2713,931 2752,934"/>
                <TextEquiv>
                    <Unicode>Fernsprecher: Lützow Nr. 6162-6164 Telegramm*Adresse: Fischerverlag 6162 Berlinlützov</Unicode>
                </TextEquiv>
            </TextLine>
            <TextLine id="tr_1_tl_8" custom="readingOrder {index:7;}">
                <Coords points="736,983 1094,1041 1576,988 2756,1026 2756,938 736,930"/>
                <Baseline points="749,979 794,976 838,979 883,979 928,979 973,976 1018,979 1062,979 1107,979 1152,979 1197,979 1241,979 1286,979 1331,982 1376,982 1421,979 1465,982 1510,982 1555,982 1600,982 1644,982 1689,982 1734,982 1779,982 1824,985 1868,982 1913,985 1958,985 2003,985 2047,982 2092,985 2137,982 2182,985 2227,985 2271,985 2316,985 2361,985 2406,988 2450,988 2495,985 2540,988 2585,988 2630,988 2674,985 2719,985 2761,988"/>
                <TextEquiv>
                    <Unicode>Bankkonto: Deutsche Bank, Depositenkasse P in Berlin' Postscheckkonto; Berlin Nr. 16892</Unicode>
                </TextEquiv>
            </TextLine>
            <TextLine id="tr_1_tl_9" custom="readingOrder {index:8;}">
                <Coords points="1460,1107 1551,1119 1699,1069 1735,1082 1795,1064 1825,1087 1916,1064 2017,1069 2017,1016 1987,1003 1888,1034 1853,1009 1639,1029 1578,1011 1535,1021 1505,996 1460,1014"/>
                <Baseline points="1474,1059 1519,1059 1564,1059 1609,1059 1653,1059 1698,1059 1743,1062 1788,1062 1832,1062 1877,1062 1922,1062 1967,1059 2012,1062 2024,1065"/>
                <TextEquiv>
                    <Unicode>Bülowstraße 90</Unicode>
                </TextEquiv>
            </TextLine>
            <TextLine id="tr_1_tl_10" custom="readingOrder {index:9;}">
                <Coords points="1077,1233 1099,1230 1117,1240 1150,1208 1162,1220 1175,1208 1210,1218 1223,1208 1268,1230 1301,1233 1296,1152 1245,1137 1228,1122 1188,1132 1072,1099"/>
                <Baseline points="1089,1176 1134,1179 1179,1182 1223,1182 1268,1182 1301,1185"/>
                <TextEquiv>
                    <Unicode>Ma/Hb.</Unicode>
                </TextEquiv>
            </TextLine>
            <TextLine id="tr_1_tl_11" custom="readingOrder {index:10;}">
                <Coords points="1699,1233 1745,1243 1808,1195 1856,1220 1982,1223 2045,1258 2161,1215 2342,1220 2342,1079 2244,1089 2166,1145 2078,1117 1853,1142 1770,1104 1699,1114"/>
                <Baseline points="1713,1188 1758,1185 1803,1185 1847,1188 1892,1188 1937,1188 1982,1188 2027,1185 2071,1185 2116,1188 2161,1188 2206,1188 2250,1188 2295,1188 2340,1191 2349,1188"/>
                <TextEquiv>
                    <Unicode>Berlin, swn 3.2.30.</Unicode>
                </TextEquiv>
            </TextLine>
            <TextLine id="tr_1_tl_12" custom="readingOrder {index:11;}">
                <Coords points="1049,1495 1064,1495 1087,1475 1107,1485 1142,1472 1162,1475 1177,1460 1198,1462 1208,1452 1223,1465 1238,1465 1238,1361 1213,1372 1198,1364 1185,1374 1157,1361 1122,1369 1104,1387 1084,1377 1049,1387"/>
                <Baseline points="1062,1438 1107,1435 1152,1435 1197,1435 1241,1438 1244,1438"/>
                <TextEquiv>
                    <Unicode>Herrn</Unicode>
                </TextEquiv>
            </TextLine>
            <TextLine id="tr_1_tl_13" custom="readingOrder {index:12;}">
                <Coords points="1278,1619 1419,1571 1455,1593 1583,1571 1636,1611 1863,1604 1969,1581 1969,1490 1757,1503 1682,1455 1629,1488 1583,1460 1278,1493"/>
                <Baseline points="1292,1555 1337,1555 1382,1552 1426,1552 1471,1552 1516,1549 1561,1549 1606,1552 1650,1549 1695,1549 1740,1549 1785,1549 1830,1549 1874,1549 1919,1549 1964,1555 1976,1558"/>
                <TextEquiv>
                    <Unicode>Dr. Arthur Schnitzler,</Unicode>
                </TextEquiv>
            </TextLine>
            <TextLine id="tr_1_tl_14" custom="readingOrder {index:13;}">
                <Coords points="1972,1656 2146,1644 2330,1651 2330,1573 2272,1598 2231,1583 2148,1621 2098,1581 1972,1576"/>
                <Baseline points="1985,1653 2024,1647 2068,1644 2113,1644 2158,1647 2203,1644 2247,1647 2292,1647 2337,1647"/>
                <TextEquiv>
                    <Unicode>Wien XVIII</Unicode>
                </TextEquiv>
            </TextLine>
            <TextLine id="tr_1_tl_15" custom="readingOrder {index:14;}">
                <Coords points="1962,1717 2014,1752 2098,1732 2199,1762 2259,1745 2320,1762 2350,1742 2463,1755 2501,1735 2501,1641 2461,1621 2302,1672 2042,1667 2025,1649 1962,1646"/>
                <Baseline points="1976,1701 2021,1698 2065,1698 2110,1698 2155,1698 2200,1698 2244,1698 2289,1698 2334,1698 2379,1698 2424,1698 2468,1698 2507,1701"/>
                <TextEquiv>
                    <Unicode>Sternwartestr. 71</Unicode>
                </TextEquiv>
            </TextLine>
            <TextLine id="tr_1_tl_16" custom="readingOrder {index:15;}">
                <Coords points="842,1896 882,1901 908,1876 976,1916 1011,1886 1044,1899 1119,1868 1160,1881 1251,1858 1331,1888 1384,1868 1482,1881 1482,1830 1369,1795 1349,1813 1291,1793 1205,1818 1077,1813 971,1800 898,1762 842,1767"/>
                <Baseline points="856,1853 901,1850 946,1850 991,1850 1035,1853 1080,1856 1125,1856 1170,1853 1215,1853 1259,1856 1304,1853 1349,1853 1394,1853 1438,1856 1483,1856 1486,1859"/>
                <TextEquiv>
                    <Unicode>Lieber Herr-Doktor,</Unicode>
                </TextEquiv>
            </TextLine>
            <TextLine id="tr_1_tl_17" custom="readingOrder {index:16;}">
                <Coords points="1462,1992 2746,1979 2723,1904 2562,1926 2332,1873 2204,1924 2027,1868 1906,1911 1830,1873 1462,1904"/>
                <Baseline points="1477,1955 1522,1955 1567,1955 1612,1958 1656,1958 1701,1958 1746,1955 1791,1955 1835,1958 1880,1958 1925,1961 1970,1958 2015,1958 2059,1958 2104,1958 2149,1958 2194,1961 2239,1958 2283,1961 2328,1958 2373,1958 2418,1958 2462,1958 2507,1961 2552,1961 2597,1961 2642,1958 2686,1958 2731,1961 2749,1961"/>
                <TextEquiv>
                    <Unicode>die Mitteilung in meinem Schreiben vom</Unicode>
                </TextEquiv>
            </TextLine>
            <TextLine id="tr_1_tl_18" custom="readingOrder {index:17;}">
                <Coords points="812,2115 1026,2060 2670,2118 2698,1982 2067,1979 1946,2032 1674,1972 1298,2027 809,1987"/>
                <Baseline points="823,2059 868,2056 913,2056 958,2059 1003,2059 1047,2059 1092,2059 1137,2059 1182,2059 1226,2062 1271,2062 1316,2059 1361,2062 1406,2059 1450,2059 1495,2059 1540,2059 1585,2059 1629,2059 1674,2059 1719,2059 1764,2059 1809,2059 1853,2062 1898,2062 1943,2059 1988,2062 2033,2065 2077,2065 2122,2062 2167,2062 2212,2059 2256,2059 2301,2065 2346,2062 2391,2062 2436,2062 2480,2062 2525,2062 2570,2062 2615,2062 2659,2056 2704,2056"/>
                <TextEquiv>
                    <Unicode>27.1. bezog sich natürlich auf "Im Spiel der-Sommerlüfte"</Unicode>
                </TextEquiv>
            </TextLine>
            <TextLine id="tr_1_tl_19" custom="readingOrder {index:18;}">
                <Coords points="2731,2118 2756,2115 2786,2133 2801,2130 2809,2120 2854,2123 2841,1972 2809,1979 2801,1989 2789,1987 2771,2002 2741,1999 2720,2007"/>
                <Baseline points="2743,2098 2788,2104 2833,2107 2859,2110"/>
                <TextEquiv>
                    <Unicode>F.</Unicode>
                </TextEquiv>
            </TextLine>
            <TextLine id="tr_1_tl_20" custom="readingOrder {index:19;}">
                <Coords points="812,2158 1346,2214 2796,2193 2796,2130 2642,2100 812,2118"/>
                <Baseline points="826,2158 871,2158 916,2158 961,2161 1006,2161 1050,2161 1095,2161 1140,2164 1185,2161 1229,2161 1274,2164 1319,2164 1364,2164 1409,2164 1453,2164 1498,2161 1543,2164 1588,2164 1632,2164 1677,2164 1722,2164 1767,2164 1812,2164 1856,2164 1901,2164 1946,2167 1991,2167 2036,2170 2080,2167 2125,2167 2170,2167 2215,2167 2259,2167 2304,2167 2349,2167 2394,2167 2439,2167 2483,2167 2528,2167 2573,2167 2618,2167 2662,2167 2707,2167 2752,2167 2797,2170 2803,2173"/>
                <TextEquiv>
                    <Unicode>und sollte zu Ihrer Beruhigung dienen, damit Sie nicht zu be-</Unicode>
                </TextEquiv>
            </TextLine>
            <TextLine id="tr_1_tl_21" custom="readingOrder {index:20;}">
                <Coords points="809,2279 2836,2315 2834,2216 2617,2186 2128,2241 1893,2178 807,2214"/>
                <Baseline points="823,2259 832,2259 877,2259 922,2259 967,2259 1012,2262 1056,2262 1101,2262 1146,2262 1191,2262 1235,2262 1280,2262 1325,2265 1370,2265 1415,2262 1459,2262 1504,2262 1549,2262 1594,2262 1638,2262 1683,2265 1728,2265 1773,2265 1818,2265 1862,2262 1907,2265 1952,2265 1997,2265 2041,2265 2086,2268 2131,2265 2176,2268 2221,2268 2265,2265 2310,2268 2355,2268 2400,2268 2444,2271 2491,2276 2491,2276 2537,2268 2582,2268 2627,2268 2671,2268 2716,2268 2761,2268 2806,2268 2839,2271"/>
                <TextEquiv>
                    <Unicode>fürchten hätten, dass noch andere Leute als Curtis Brown sich</Unicode>
                </TextEquiv>
            </TextLine>
            <TextLine id="tr_1_tl_22" custom="readingOrder {index:21;}">
                <Coords points="804,2372 2776,2408 2776,2330 2428,2302 804,2320"/>
                <Baseline points="817,2364 856,2364 901,2364 946,2364 991,2364 1035,2364 1080,2367 1125,2367 1170,2367 1215,2364 1259,2364 1304,2364 1349,2367 1394,2367 1439,2375 1439,2375 1486,2376 1531,2370 1576,2373 1621,2370 1665,2367 1710,2370 1755,2370 1800,2370 1844,2367 1889,2370 1934,2373 1979,2370 2024,2370 2068,2370 2113,2370 2158,2370 2203,2370 2247,2370 2292,2370 2337,2370 2382,2370 2427,2370 2471,2370 2516,2373 2561,2373 2606,2373 2650,2370 2695,2370 2740,2373 2782,2376"/>
                <TextEquiv>
                    <Unicode>mit dem Stück in Amerika befassen. Ich habe im übrigen auch</Unicode>
                </TextEquiv>
            </TextLine>
            <TextLine id="tr_1_tl_23" custom="readingOrder {index:22;}">
                <Coords points="807,2494 2799,2504 2799,2433 2642,2403 1374,2433 1261,2367 898,2425 807,2380"/>
                <Baseline points="820,2462 865,2462 910,2462 955,2465 1000,2465 1044,2465 1089,2465 1134,2465 1179,2465 1223,2465 1268,2465 1313,2465 1358,2468 1403,2468 1447,2468 1492,2468 1537,2468 1582,2471 1627,2471 1671,2471 1716,2468 1761,2468 1806,2468 1850,2468 1895,2468 1940,2471 1985,2471 2030,2471 2074,2471 2119,2471 2164,2471 2209,2471 2253,2471 2298,2471 2343,2471 2388,2471 2433,2471 2477,2474 2522,2474 2567,2474 2612,2477 2656,2480 2701,2477 2746,2480 2791,2486 2806,2489"/>
                <TextEquiv>
                    <Unicode>heute wieder von einem anderen Agenten eine Anfrage darnach,</Unicode>
                </TextEquiv>
            </TextLine>
            <TextLine id="tr_1_tl_24" custom="readingOrder {index:23;}">
                <Coords points="812,2579 2640,2607 2640,2531 2229,2478 2078,2539 812,2488"/>
                <Baseline points="826,2567 871,2564 916,2567 961,2567 1006,2567 1050,2570 1095,2570 1140,2567 1185,2570 1229,2570 1274,2570 1319,2570 1364,2570 1409,2570 1453,2570 1498,2570 1543,2573 1588,2573 1632,2573 1677,2573 1722,2573 1767,2573 1812,2573 1856,2573 1901,2570 1946,2573 1991,2573 2036,2573 2080,2573 2125,2573 2170,2573 2215,2573 2259,2573 2304,2576 2349,2573 2394,2573 2439,2573 2483,2576 2528,2576 2573,2576 2618,2576 2645,2579"/>
                <TextEquiv>
                    <Unicode>den ich gleichfalls an Curtis Brown verwiesen habe. Für</Unicode>
                </TextEquiv>
            </TextLine>
            <TextLine id="tr_1_tl_25" custom="readingOrder {index:24;}">
                <Coords points="804,2695 1392,2723 1540,2673 1649,2733 1785,2678 1994,2748 2761,2705 2761,2607 804,2620"/>
                <Baseline points="817,2668 862,2665 907,2665 952,2668 997,2665 1041,2665 1086,2665 1131,2665 1176,2665 1221,2665 1265,2668 1310,2668 1355,2668 1400,2668 1444,2668 1489,2671 1534,2671 1579,2671 1624,2671 1668,2674 1713,2674 1758,2674 1803,2671 1847,2671 1892,2674 1937,2674 1982,2674 2027,2674 2071,2674 2116,2674 2161,2674 2206,2674 2250,2674 2295,2674 2340,2674 2385,2674 2430,2674 2474,2674 2519,2674 2564,2677 2609,2677 2653,2674 2698,2677 2743,2680 2767,2686"/>
                <TextEquiv>
                    <Unicode>Deutschland werde ich also gemäss Ihrem Schreiben vorgehen.</Unicode>
                </TextEquiv>
            </TextLine>
            <TextLine id="tr_1_tl_26" custom="readingOrder {index:25;}">
                <Coords points="1558,2859 1654,2879 1704,2854 1830,2869 1934,2846 2264,2877 2304,2867 2304,2713 2246,2698 2178,2733 2135,2710 2093,2743 1909,2743 1866,2776 1838,2756 1783,2778 1692,2736 1558,2789"/>
                <Baseline points="1573,2845 1594,2845 1638,2845 1683,2845 1728,2842 1773,2842 1818,2842 1862,2842 1907,2842 1952,2842 1997,2842 2041,2842 2086,2842 2131,2842 2176,2842 2221,2842 2265,2842 2310,2842"/>
                <TextEquiv>
                    <Unicode>Mit herzlichen Grüssen</Unicode>
                </TextEquiv>
            </TextLine>
            <TextLine id="tr_1_tl_27" custom="readingOrder {index:26;}">
                <Coords points="1659,2962 1704,2978 1775,2937 1795,2950 1835,2935 1901,2968 1962,2955 1994,2983 2103,2978 2103,2864 2055,2862 2012,2894 1941,2872 1886,2887 1866,2869 1798,2887 1762,2872 1740,2887 1659,2864"/>
                <Baseline points="1674,2931 1719,2928 1764,2931 1809,2928 1853,2928 1898,2931 1943,2931 1988,2931 2033,2931 2077,2931 2110,2931"/>
                <TextEquiv>
                    <Unicode>Ihr ergebener</Unicode>
                </TextEquiv>
            </TextLine>
            <TextLine id="tr_1_tl_28" custom="readingOrder {index:27;}">
                <Coords points="1984,3177 2035,3205 2060,3189 2188,3197 2204,3182 2262,3194 2375,3141 2410,3154 2425,3038 2244,3081 2188,3043 2100,3028 2067,3043 1999,3038"/>
                <Baseline points="1997,3170 2015,3173 2059,3176 2104,3173 2149,3173 2194,3167 2239,3158 2283,3152 2328,3146 2373,3137 2418,3128"/>
                <TextEquiv>
                    <Unicode>Dr dieneri.</Unicode>
                </TextEquiv>
            </TextLine>
            <TextLine id="tr_1_tl_29" custom="readingOrder {index:28;}">
                <Coords points="577,3810 600,3817 620,3800 671,3810 693,3792 719,3805 782,3810 827,3789 880,3797 882,3744 862,3747 840,3731 822,3744 766,3719 706,3731 648,3721 633,3736 580,3747"/>
                <Baseline points="591,3788 620,3788 665,3788 710,3788 755,3785 800,3785 844,3782 889,3785"/>
                <TextEquiv>
                    <Unicode>10. 29. 12000 V. S.</Unicode>
                </TextEquiv>
            </TextLine>
        </TextRegion>
    </Page>
</PcGts>
