3097 4025
1493 233 1719 405 Mend
1193 331 1377 469 1061
1524 385 1631 505 27
952 395 2450 623 S. Fischer Verlag / Berlin 1757 Bülowstraße 90
1370 557 2024 631 AKTIEN EESELLSCHAFT
711 610 2686 787 Bankkonto: Deutsche Bank, Depositenkasse P### Berlin / Postscheckkonto Berlin Nr. 16692
1141 736 2267 800 Fernsprechanschlüsse: Amt Lützow Nr. 6162 bis 6164
1139 793 2267 895 Telegramm-Adresse: Fischerverlag 6162 Berlinlützow
1829 862 2752 1036 Berlin, den 8.September 1931.
746 887 954 1023 Be/J a
749 1044 957 1167 Herrn
1239 1118 1942 1257 Dr. Arthur Schnitzler,
2157 1211 2696 1403 Sternwartestr.71
749 1465 1888 1670 Hochverehrter Herr Dr.Schnitzler!
1144 1621 2719 1760 An dem Schutzumschlag von Meid können wir jetzt,
757 1739 2647 1872 da er bereits ausgedruckt ist, leider nichts mehr ändern
1141 1849 2603 1983 Ueber die Angelegenheit Legal wird sich Herr
759 1937 1329 2083 Dr. Maril äussern.
1152 1955 2752 2126 Was einen neuen Band der Theaterstücke anbelangt,
759 2103 2755 2257 so sind wir auch der Ansicht, dass ein solcher Band zusammen-
759 2232 2809 2350 gestellt werden muss, jedoch glauben wir, dass für das Erschei-
757 2314 2814 2434 nen eines solchen Bandes im Moment nicht die richtige Zeit ist.
762 2393 2701 2550 Wir möchten damit noch warten, bis man einige Klarheit über
757 2501 2362 2652 die wirtschaftliche Situation im allgemeinen hat.
1134 2619 1890 2768 Mit herzlichen Grüssen
2111 2632 2763 2832 Ihr Ihnen ergebener
2152 2832 2683 2998 Brennennig
