3193 4040
520 1004 1250 1107 ARTHUR SCHNITZLES
639 1085 1128 1188 Die Theaterstücke
785 1159 994 1235 in 5 Bänden
520 1196 1252 1271 In Halbleinen 32.50 RM, Geschenkausgabe in
520 1255 1247 1311 Halbleder mit reicher Rückenvergoldung 50 RM
516 1304 1243 1381 Band I: Anatol / Das Märchen / Liebelei / Frei.
706 1347 1073 1405 wild/ Das Vermächtnis
519 1372 1246 1442 Band II: Paracelsus / Die Gefahrtin / Der grüne
523 1427 1246 1477 Kakadu/ Der Schleier der Beatrice / Lebendige
517 1466 1253 1533 Stunden/ Die Frau mit dem Dolche / Die letzten
746 1502 1046 1556 Masken / Literatur
517 1533 1252 1602 Band III: Der einsame Weg / Zwischenspiel
517 1590 1253 1638 Der Suppenspieler / Der tapfere Cassian/ Zum
606 1620 1195 1682 großen Wurstel/ Der Ruf des Lebens
517 1660 1258 1722 Band IV: Komtesse Mizzi oder Der Familientag
595 1705 1198 1767 Der junge Medardus / Das weite Land
529 1743 1258 1798 Band V: Professor Bernhardi / Komödie der
532 1791 1253 1852 Worte / Fink und Fliederbusch / Die Schwestern
726 1824 1059 1879 oder Casanova in Spa
517 1842 1243 1936 (Dieser Band als Ergänzungsband einzeln in Ganz
633 1904 1161 1976 leinen 8 RM, in Halbleder 10 RM)
523 1988 1258 2095 Die Erzählenden Schriften
791 2065 992 2134 in 6 Bänden
532 2098 1258 2169 Band I: STERBEN und andere Novellen:
532 2159 1261 2204 Blumen / Ein Abschied / Die Frau des Weisen
532 2201 1255 2245 Der Ehrentag/ Die Toten schweigen / Andreas
535 2234 1259 2283 Thameyers letzter Brief / Der blinde Geronimo
532 2268 1253 2339 und sein Bruder / Leutnant Gustl / Die griechi-
788 2308 1004 2354 sche Tänzerin
532 2345 1268 2397 Band II: FRAU BERTA GARLAN
532 2387 1261 2435 und andere Novellen: Das Schicksal des Frei¬
532 2426 1258 2472 herrn von Leisenbohg/ Die Fręmde / Die Weis-
532 2472 1258 2511 sagung / Das neue Lied / Der Tod des Jung-
536 2505 1261 2545 gesellen / Der tote Gabriel / Das Tagebuch det
529 2542 1265 2593 Redegonda / Der Mörder / Die dreifache War-
717 2576 1216 2627 nung / Die Hittenflöte
529 2606 1274 2667 Band III: DER WEG INS FRÈIE, Roman
538 2655 1268 2718 Band IV: DIE ALTERNDEN, Novellen:
533 2700 1258 2758 Frau Beate und ihr Sohn/ Doktor Gräsler, Bade.
684 2734 1129 2795 arzt / Casanovas Heimfahrt
532 2768 1266 2847 Band V: THERESE, Chronik eines Frauen¬
851 2824 963 2870 lebens
529 2843 1274 2935 Band VI: DIE ERWACHENDEN, Novellen:
595 2911 1207 2967 Fräulein Else / Die Frau des Richters
791 2941 1022 3001 Traumnovelle
529 2968 1272 3034 Die Bände sind auch einzeln käuflich u. nicht numeriert
636 3028 1168 3086 Preis jedes Bandes geheftet 7-10 RM,
535 3050 1271 3126 in Ganzleinen 7.50 RM, in Halbleder 10 RM.
387 3646 709 3726 10000. 6. 31. V. S.
1350 873 1627 1007 Titel blau
1632 988 2578 1094 ARTHUR SCHNITZLES
1837 1080 2366 1180 Der Weg ins Freie
1509 1164 2700 1225 Roman. 86. Auflage. Gebiftet 5.10.RM, Ganzleinen 7.50 RM, Halbleder 10 RM
1509 1223 2697 1275 Ein junger Mann schreitet durch die Erlebnisse seiner Jugend hindurch,
1509 1252 2707 1316 lernt sich selbst kennen, lernt seinen Beruf erkennen. wird mit Freunden
1509 1290 2697 1337 und Kameraden verknüpft, in ihre Abenteuer und Schicksale verwickelt,
1508 1323 2700 1378 nimmt Auteil und empfängt Anteilnahme, genießt das rasche Glück mancher
1515 1377 2698 1421 fluchtigen Liebe und empfindet die Seligkeit wie die Last ernsterer Bande.
1521 1413 2697 1456 Wundervoll ist der sanfte, breit hinströmende Fluß des Erzählens, die stille,
1512 1447 2706 1496 gesammelte Gewalt des Ausdruckes, die feine Melodik dieser Sprache, in der
1515 1480 2697 1535 alles voll Reife, voll Kultur, voil meisterlicher Harmonie, Geschmacksicher¬
2502 1509 2703 1562 Felix Salten
1509 1512 2448 1585 heit und von einer merkwürdigen Virtuosität der Ruhe ist.
1922 1572 2296 1663 Traumnovelle
1740 1638 2478 1716 30. Auflage. Mit einer Zeichnung von Hans Meid
1655 1670 2572 1754 Gebeftet 3.50 RM, Ganzleinen 5.10 RM, Halbleder 7.50 MM.
1518 1737 2703 1800 Arthur Schnitzlers Werk macht den in höchstem Maße geglückten Versuch, die
1515 1788 2707 1846 Erlebnisse eines Traums und das bunte Geschehen einer freilich recht traum-
1518 1830 2706 1871 haften Wirklichkeit zu verweben. Spannend durch Technik und Inhalt ist die
1521 1861 2709 1938 Schicksalsverknotung und -lösung in dieser Erzählung. Berliner Tageblatt
2012 1924 2222 2012 Therese
1913 1994 2315 2062 Chronik eines Frauenlebens
1573 2047 2663 2113 35. Auflage. Gebeftet J.50 RM, Ganzleinen 7.50 RM, Halbleder 10 RM
1524 2082 2716 2156 Die Fûlle des Geschebens in diesem Roman überwältigt die Leser. Sie werden
1521 2147 2712 2184 immer aufs neue die große Kunst Schnitzlers bewundern, der auch hier wieder
1524 2180 2709 2225 Menschenherzen bloßzulegen vermag. Man muß bis zu Flaubert und Goncourt
1518 2217 2710 2268 zurückgehen, um ein Werk von ähnlicher Bedeutung und Wirkung wie „The¬
1524 2251 2707 2304 rese“ zu finden. Hier liegt ein Meisterwerk vor, das Bewunderung wachruft und
1527 2289 2712 2345 dem eine erste Stelle in der Romanliteratur unserer Zeit gebührt. Pester Lloyd
1824 2338 2429 2444 Casanovas Heimfahrt
1661 2405 2590 2490 Novelle. 49. Auflage. Gebeftet 3.50 RM, Ganzleinen 5.50 RM
1524 2481 2718 2532 Die Liebenswürdigkeit und Kühnheit Casanovas, seinen kecken und vagen
1533 2524 2716 2573 Geist, Verführung, ungeheuren Liebesbetrug, Duell und Totschlag, — es ist,
1524 2561 2715 2622 als ob der Dichter alle Motive dieses Lebenslaufes in seiner Erzählung wie
2380 2588 2721 2651 Berliner Börsenzeitung
1527 2596 2043 2667 in einem Brennpunkt sammelte.
1809 2642 2457 2751 Spiel im Morgengrauen
1524 2719 2722 2801 Novelle. 15. Auflage, Geheftet 3.50 RM, Ganzleinen 3.10 RM, Halbleder 7.10 R.M.
1532 2767 2718 2843 Eine große Novelle. Eine Schuld soll bezahlt werden, das Geld vom Spiel¬
1533 2816 2725 2876 tisch könnte helfen, wenn es nicht tiefer in Pein und Verstrickung hinein¬
1533 2864 2727 2910 führte. Die Meisterschaft der Einfachheit bestimmt den Wert eines Buches,
1533 2894 2701 2958 das Schicksal, Abenteuer und Grazie auf wundervolle Weise umschließt.
2363 2938 2730 2999 Neue Leipziger Zeitung
1955 2962 2730 3050 xyz
1587 3022 2727 3125 FISCHERVERLAG BERLIN
