3093 4023
1178 544 2311 744 Teplitz-Schönau, am 16. Juni 1930.
486 1146 675 1262 Titl.
657 1311 1582 1460 S. Fischer - Verlag,
1468 1529 2108 1681 Berlin.
910 1727 2669 1922 In Ihren sehr gesch. Verlag erscheinen Erzählungen
465 1808 2625 2018 von Arthur Schnitzler, ich erlaube mir daher die Anfrage ob Sie
474 1971 2771 2149 oder der Autor gegen eine Uebersetzung in die tschechische Sprache
474 2102 2657 2227 etwas einzuwenden hätten und ob Sie die Verlegung dieses Ueber-
465 2207 2797 2326 setzung selbst übernehmen würden, oder ob Sie sich mit einen hiesigen
474 2311 2753 2451 Verlag ins Einvernehmen setzten würden, oder ob ich dies tun soll.-
916 2428 2739 2579 Ihr baldmöglichsten gesch. Ausführungen sehe ich mit
468 2544 1524 2687 Vergnügen entgegen und zeichne
1497 2634 2096 2742 hochachtungsvoll:
1364 2788 2029 2902 Jaroslava Knésková,
503 2716 1134 2931 or the
1372 2870 1922 2937 Teplitz-Schönau,
2029 2800 2297 3035 Queskord
1372 2922 1925 2992 Duxerstrasse 31.
645 2890 1067 3131 a n
1369 2971 1965 3102 Tschechoslowakei.
157 3617 474 3762 10. 29. 12000 V. S.
