3097 4152
818 555 2246 722 S. FISCHER :: VERLAG A. G. :) BERLIN W. 57
265 703 1215 859 Dr. A. Schnitzler 2/1. 31
569 919 2608 1070 Vorzug, dass dabei ein anständiges Honorar für Sie herauskäme,
566 1048 2583 1198 während der Preis von M 2,85 eben nur als ein Propagandapreis
566 1193 982 1308 gelten kann.
690 1281 2550 1395 Den x Reigen » möchte ich erst im Mai herausbringen, das
572 1346 2651 1489 Novellenbuch darf nicht mit einem anderen Buch zusammen auf den
572 1483 2485 1603 Markt kommen, das wäre für beide Bücher nicht vorteilhaft.
700 1579 2766 1713 Von dem Novelle###buch zu M 2,85 würden wir zunächst 30 000 Exem-
580 1718 2657 1831 plare drucken und in drei Raten für je 10 000 Exemplare voraus-
575 1811 955 1954 honorieren
955 1924 2635 2052 Mit herzlichen Grüssen und besten Wünschen für das
1204 2033 1560 2175 shr
703 2069 1141 2211 Neue Jahr,
1333 2140 1863 2304 Hischer
646 2504 2605 2616 Wie soll der Buchtitel des Novellenbuches lauten? Wenn Sie
389 2547 558 2695 P. S.
555 2619 2539 2758 dafür einen bildhaften Titel finden, wäre das für den Absatz
553 2717 2747 2840 sehr fördernd. - Wir reisen nächsten Montag Abend nah dem Engadin.
550 2835 2703 2944 Wenn Sie mir etwas Dringendes zu schreiben haben, so bitte ich um
558 2936 2668 3051 einen Bilbrief. Uebrigens steht mein Schwiegersohn zu Ihrer Ver-
558 3059 804 3190 fügung.
