<?xml version="1.0" encoding="UTF-8" standalone="yes"?>
<PcGts xmlns="http://schema.primaresearch.org/PAGE/gts/pagecontent/2013-07-15" xmlns:xsi="http://www.w3.org/2001/XMLSchema-instance" xsi:schemaLocation="http://schema.primaresearch.org/PAGE/gts/pagecontent/2013-07-15 http://schema.primaresearch.org/PAGE/gts/pagecontent/2013-07-15/pagecontent.xsd">
    <Metadata>
        <Creator>prov=READ-COOP:name=TrHtr:version=2.1.0:model_id=51170:date=25_07_2023_14:23</Creator>
        <Created>2023-05-02T08:16:05.723+02:00</Created>
        <LastChange>2023-07-25T14:23:39.061+02:00</LastChange>
        <TranskribusMetadata docId="1416744" pageId="54953680" pageNr="44" tsid="130673582" status="IN_PROGRESS" userId="64420" imgUrl="https://files.transkribus.eu/Get?id=OCHHDPHAEQIXFLDORRAASFXH&amp;fileType=view" xmlUrl="https://files.transkribus.eu/Get?id=BQCPAOJZHWHSZRCEOEJKDWYT" imageId="44457405"/>
    </Metadata>
    <Page imageFilename="1416744_0044.jpg" imageWidth="3115" imageHeight="4023">
        <ReadingOrder>
            <OrderedGroup id="ro_1711825938575" caption="Regions reading order">
                <RegionRefIndexed index="0" regionRef="tr_1"/>
                <RegionRefIndexed index="1" regionRef="tr_2"/>
            </OrderedGroup>
        </ReadingOrder>
        <TextRegion id="tr_1" custom="readingOrder {index:0;}">
            <Coords points="593,308 2697,308 2697,1973 593,1973"/>
            <TextLine id="tr_1_tl_1" custom="readingOrder {index:0;}">
                <Coords points="1411,417 1441,407 1468,415 1495,405 1510,390 1547,387 1559,375 1574,373 1572,276 1547,289 1505,271 1498,276 1471,254 1456,262 1446,252 1434,262 1429,257 1404,264"/>
                <Baseline points="1423,358 1468,361 1513,361 1557,364 1581,364"/>
                <TextEquiv>
                    <Unicode>973.</Unicode>
                </TextEquiv>
            </TextLine>
            <TextLine id="tr_1_tl_2" custom="readingOrder {index:1;}">
                <Coords points="836,545 1833,498 2226,550 2317,528 2317,392 2166,365 2043,417 1870,385 1545,439 1345,395 1175,432 1049,370 836,419"/>
                <Baseline points="850,492 895,489 940,492 984,492 1029,489 1074,492 1119,492 1163,492 1208,492 1253,489 1298,492 1342,492 1387,495 1432,495 1477,495 1522,495 1566,495 1611,495 1656,495 1701,495 1745,498 1790,498 1835,498 1880,498 1924,498 1969,501 2014,501 2059,501 2104,504 2148,507 2193,507 2238,504 2283,504 2324,501"/>
                <TextEquiv>
                    <Unicode>S. Fischer Verlag/ Berlin W57 Bülowstratze 90</Unicode>
                </TextEquiv>
            </TextLine>
            <TextLine id="tr_1_tl_3" custom="readingOrder {index:2;}">
                <Coords points="1261,600 1399,597 1483,622 1587,600 1767,634 1900,619 1900,521 1865,528 1831,498 1799,526 1629,503 1574,523 1443,503 1409,521 1261,513"/>
                <Baseline points="1274,552 1319,552 1363,552 1408,555 1453,555 1498,555 1542,555 1587,555 1632,555 1677,555 1722,555 1766,555 1811,558 1856,555 1901,561 1907,558"/>
                <TextEquiv>
                    <Unicode>AETIEN GESELISCHAFT</Unicode>
                </TextEquiv>
            </TextLine>
            <TextLine id="tr_1_tl_4" custom="readingOrder {index:3;}">
                <Coords points="580,664 2559,686 2509,614 580,592"/>
                <Baseline points="593,653 638,650 683,650 728,653 772,653 817,653 862,653 907,653 952,653 996,653 1041,653 1086,653 1131,656 1175,656 1220,656 1265,659 1310,659 1354,659 1399,659 1444,659 1489,662 1533,662 1578,665 1623,665 1668,662 1713,665 1757,665 1802,665 1847,665 1892,665 1936,665 1981,668 2026,668 2071,671 2115,671 2160,668 2205,671 2250,668 2295,671 2339,671 2384,671 2429,671 2474,671 2518,671 2563,671 2566,671"/>
                <TextEquiv>
                    <Unicode>Bankkonto: Deutsche Bank, Depositenkasse P in Berlin / Postscheckkonto Berlin Nr. 16892</Unicode>
                </TextEquiv>
            </TextLine>
            <TextLine id="tr_1_tl_5" custom="readingOrder {index:4;}">
                <Coords points="1017,718 2144,743 2144,681 2075,674 1752,698 1017,664"/>
                <Baseline points="1029,710 1074,707 1119,710 1163,710 1208,713 1253,713 1298,713 1342,713 1387,716 1432,716 1477,716 1522,716 1566,716 1611,719 1656,719 1701,719 1745,719 1790,719 1835,719 1880,722 1924,722 1969,722 2014,722 2059,722 2104,725 2148,725 2151,725"/>
                <TextEquiv>
                    <Unicode>Fernsprechanschlüsse: Amt Lützow Nr. 6162 bis 6164</Unicode>
                </TextEquiv>
            </TextLine>
            <TextLine id="tr_1_tl_6" custom="readingOrder {index:5;}">
                <Coords points="1012,817 1091,827 1194,780 1315,809 1382,777 1540,807 2132,795 2129,733 2090,728 1740,750 1009,716"/>
                <Baseline points="1026,766 1071,764 1116,769 1160,766 1205,769 1250,769 1295,769 1340,769 1384,769 1429,769 1474,772 1519,772 1563,772 1608,772 1653,772 1698,775 1742,778 1787,775 1832,775 1877,775 1921,778 1966,778 2011,775 2056,778 2101,775 2136,778"/>
                <TextEquiv>
                    <Unicode>Telegramm-Adresse: Fischerverlag 6162 Berlinlützow</Unicode>
                </TextEquiv>
            </TextLine>
            <TextLine id="tr_1_tl_7" custom="readingOrder {index:6;}">
                <Coords points="836,903 854,906 869,893 886,903 920,896 940,911 962,911 977,896 989,906 1012,898 1031,908 1046,898 1061,901 1061,797 1031,804 980,780 908,807 876,795 856,804 836,799"/>
                <Baseline points="850,856 895,853 940,853 984,853 1029,853 1068,856"/>
                <TextEquiv>
                    <Unicode>F./Re.</Unicode>
                </TextEquiv>
            </TextLine>
            <TextLine id="tr_1_tl_8" custom="readingOrder {index:7;}">
                <Coords points="1525,898 1643,918 1752,888 1860,925 2001,876 2201,911 2201,792 2060,787 1989,829 1932,790 1865,812 1819,797 1762,829 1651,780 1525,807"/>
                <Baseline points="1539,856 1584,853 1629,856 1674,856 1719,856 1763,856 1808,856 1853,856 1898,856 1942,856 1987,856 2032,856 2077,856 2121,856 2166,856 2208,859"/>
                <TextEquiv>
                    <Unicode>Berlin, den 2. 6. 30.</Unicode>
                </TextEquiv>
            </TextLine>
            <TextLine id="tr_1_tl_9" custom="readingOrder {index:8;}">
                <Coords points="1150,1244 1458,1209 1510,1241 1754,1182 1851,1226 1905,1194 2339,1204 2339,1091 2080,1120 1851,1086 1710,1128 1150,1088"/>
                <Baseline points="1163,1166 1208,1166 1253,1166 1298,1169 1342,1169 1387,1169 1432,1169 1477,1169 1522,1169 1566,1169 1611,1169 1656,1172 1701,1172 1745,1169 1790,1169 1835,1169 1880,1172 1924,1172 1969,1172 2014,1172 2059,1172 2104,1172 2148,1172 2193,1169 2238,1172 2283,1172 2327,1175 2345,1178"/>
                <TextEquiv>
                    <Unicode>Herrn Dr. Arthur Schnitzler</Unicode>
                </TextEquiv>
            </TextLine>
            <TextLine id="tr_1_tl_10" custom="readingOrder {index:9;}">
                <Coords points="1819,1328 1937,1300 2041,1337 2112,1335 2169,1300 2396,1318 2396,1202 2290,1214 2260,1197 2238,1221 2179,1229 2068,1189 2038,1212 1967,1197 1878,1229 1819,1216"/>
                <Baseline points="1832,1292 1862,1283 1907,1271 1951,1268 1996,1271 2041,1274 2086,1274 2130,1277 2175,1277 2220,1277 2265,1277 2309,1277 2354,1277 2399,1274"/>
                <TextEquiv>
                    <Unicode>Wien XVIII</Unicode>
                </TextEquiv>
            </TextLine>
            <TextLine id="tr_1_tl_11" custom="readingOrder {index:10;}">
                <Coords points="1804,1456 1893,1448 1920,1424 2004,1446 2058,1431 2088,1451 2253,1387 2359,1409 2359,1308 2231,1305 2139,1347 2097,1325 2038,1345 1804,1313"/>
                <Baseline points="1817,1381 1862,1378 1907,1378 1951,1381 1996,1381 2041,1381 2086,1381 2130,1381 2175,1381 2220,1381 2265,1381 2309,1381 2354,1381 2366,1384"/>
                <TextEquiv>
                    <Unicode>Sternwartestr. 71</Unicode>
                </TextEquiv>
            </TextLine>
            <TextLine id="tr_1_tl_12" custom="readingOrder {index:11;}">
                <Coords points="1140,1545 1266,1579 1392,1545 1421,1562 1453,1552 1515,1567 1537,1550 1619,1542 1619,1476 1522,1448 1473,1473 1406,1466 1377,1488 1308,1466 1263,1478 1221,1458 1140,1453"/>
                <Baseline points="1154,1539 1175,1536 1220,1533 1265,1533 1310,1533 1354,1533 1399,1533 1444,1533 1489,1533 1533,1533 1578,1533 1623,1536"/>
                <TextEquiv>
                    <Unicode>Lieber Freund!</Unicode>
                </TextEquiv>
            </TextLine>
            <TextLine id="tr_1_tl_13" custom="readingOrder {index:12;}">
                <Coords points="1295,1685 2115,1670 2164,1712 2379,1646 2640,1705 2640,1594 2361,1609 2125,1545 1295,1572"/>
                <Baseline points="1310,1641 1354,1638 1399,1638 1444,1638 1489,1638 1533,1638 1578,1638 1623,1641 1668,1638 1713,1641 1757,1641 1802,1644 1847,1644 1892,1641 1936,1641 1981,1644 2026,1644 2071,1641 2115,1644 2160,1641 2205,1641 2250,1641 2295,1641 2339,1644 2384,1644 2429,1644 2474,1644 2518,1644 2563,1644 2608,1644 2647,1647"/>
                <TextEquiv>
                    <Unicode>Nach Unterredung mit Ihrem Anwalt vermisse</Unicode>
                </TextEquiv>
            </TextLine>
            <TextLine id="tr_1_tl_14" custom="readingOrder {index:13;}">
                <Coords points="841,1767 1550,1757 1870,1828 2692,1759 2667,1703 2233,1670 841,1685"/>
                <Baseline points="856,1748 901,1745 946,1745 990,1742 1035,1745 1080,1745 1125,1742 1169,1742 1214,1745 1259,1742 1304,1745 1348,1745 1393,1745 1438,1745 1483,1745 1528,1745 1572,1745 1617,1745 1662,1748 1707,1745 1751,1745 1796,1745 1841,1748 1886,1748 1930,1748 1975,1748 2020,1745 2065,1748 2109,1748 2154,1751 2199,1751 2244,1748 2289,1751 2333,1748 2378,1748 2423,1751 2468,1751 2512,1751 2557,1751 2602,1751 2647,1751 2691,1751 2697,1751"/>
                <TextEquiv>
                    <Unicode>ich weitere Information wegen der Abfindung, die Ihr Anwalt</Unicode>
                </TextEquiv>
            </TextLine>
            <TextLine id="tr_1_tl_15" custom="readingOrder {index:14;}">
                <Coords points="822,1905 1347,1870 1389,1898 1485,1856 1631,1895 1727,1878 1727,1814 1579,1779 1446,1816 822,1794"/>
                <Baseline points="835,1853 880,1853 925,1853 969,1853 1014,1853 1059,1853 1104,1853 1149,1850 1193,1850 1238,1850 1283,1850 1328,1850 1372,1850 1417,1850 1462,1850 1507,1850 1551,1850 1596,1853 1641,1853 1686,1853 1730,1856 1733,1856"/>
                <TextEquiv>
                    <Unicode>mit Harz vereinbaren wollte.</Unicode>
                </TextEquiv>
            </TextLine>
            <TextLine id="tr_1_tl_16" custom="readingOrder {index:15;}">
                <Coords points="1305,1964 1429,2004 1567,1967 2643,1984 2616,1920 2448,1930 2278,1870 1303,1907"/>
                <Baseline points="1319,1954 1363,1954 1408,1957 1453,1957 1498,1957 1542,1957 1587,1954 1632,1954 1677,1957 1722,1954 1766,1954 1811,1957 1856,1954 1901,1957 1945,1960 1990,1960 2035,1960 2080,1960 2124,1960 2169,1960 2214,1960 2259,1960 2303,1963 2348,1963 2393,1963 2438,1963 2483,1963 2527,1963 2572,1960 2617,1960 2650,1963"/>
                <TextEquiv>
                    <Unicode>Ich hatte Ihrem Anwalt vorgeschlagen, dass</Unicode>
                </TextEquiv>
            </TextLine>
        </TextRegion>
        <TextRegion id="tr_2" custom="readingOrder {index:1;}">
            <Coords points="292,2009 2850,2009 2850,3803 292,3803"/>
            <TextLine id="tr_2_tl_1" custom="readingOrder {index:0;}">
                <Coords points="834,2115 2640,2080 2618,1999 2322,1972 832,2013"/>
                <Baseline points="847,2065 856,2062 901,2059 946,2062 990,2062 1035,2059 1080,2062 1125,2059 1169,2059 1214,2059 1259,2059 1304,2059 1348,2062 1393,2059 1438,2059 1483,2059 1528,2062 1572,2062 1617,2062 1662,2062 1707,2062 1751,2062 1796,2062 1841,2062 1886,2062 1930,2065 1975,2065 2020,2068 2065,2068 2109,2068 2154,2065 2199,2065 2244,2065 2289,2062 2333,2065 2378,2065 2423,2065 2468,2065 2512,2068 2557,2068 2602,2065 2647,2062"/>
                <TextEquiv>
                    <Unicode>ich, für den Fall der Vermakulierung, die Hälfte der Kauf-</Unicode>
                </TextEquiv>
            </TextLine>
            <TextLine id="tr_2_tl_2" custom="readingOrder {index:1;}">
                <Coords points="839,2223 1421,2171 2522,2203 2682,2184 2682,2132 2381,2088 2120,2134 2036,2078 836,2112"/>
                <Baseline points="853,2169 898,2166 943,2163 987,2166 1032,2166 1077,2166 1122,2166 1166,2166 1211,2166 1256,2166 1301,2166 1345,2166 1390,2166 1435,2169 1480,2169 1525,2169 1569,2169 1614,2169 1659,2169 1704,2169 1748,2169 1793,2169 1838,2169 1883,2169 1927,2172 1972,2172 2017,2172 2062,2172 2107,2172 2151,2169 2196,2172 2241,2172 2286,2172 2330,2172 2375,2172 2420,2175 2465,2175 2509,2175 2554,2175 2599,2172 2644,2172 2688,2172"/>
                <TextEquiv>
                    <Unicode>summe tragen würde. Die Honorierung der neuen Auflagen, die</Unicode>
                </TextEquiv>
            </TextLine>
            <TextLine id="tr_2_tl_3" custom="readingOrder {index:2;}">
                <Coords points="839,2300 2596,2317 2593,2213 2522,2186 836,2223"/>
                <Baseline points="853,2274 898,2271 943,2271 987,2268 1032,2271 1077,2271 1122,2271 1166,2271 1211,2271 1256,2271 1301,2271 1345,2271 1390,2271 1435,2271 1480,2271 1525,2271 1569,2274 1614,2274 1659,2274 1704,2274 1748,2271 1793,2271 1838,2274 1883,2274 1927,2274 1972,2274 2017,2274 2062,2274 2107,2274 2151,2277 2196,2277 2241,2277 2286,2277 2330,2277 2375,2277 2420,2277 2465,2277 2509,2277 2554,2277 2599,2283 2602,2283"/>
                <TextEquiv>
                    <Unicode>ich zu drucken hätte, würde in der bisherigen Weise nach</Unicode>
                </TextEquiv>
            </TextLine>
            <TextLine id="tr_2_tl_4" custom="readingOrder {index:3;}">
                <Coords points="832,2413 2712,2428 2695,2292 832,2305"/>
                <Baseline points="844,2375 889,2375 934,2375 978,2375 1023,2375 1068,2375 1113,2375 1157,2378 1202,2378 1247,2378 1292,2378 1337,2378 1381,2378 1426,2378 1471,2378 1516,2381 1560,2381 1605,2378 1650,2381 1695,2378 1739,2381 1784,2381 1829,2378 1874,2378 1918,2381 1963,2384 2008,2381 2053,2381 2098,2381 2142,2381 2187,2381 2232,2384 2277,2384 2321,2384 2366,2384 2411,2384 2456,2384 2500,2384 2545,2384 2590,2384 2635,2384 2680,2381 2718,2384"/>
                <TextEquiv>
                    <Unicode>Massgabe des Absatzes, mit 20x vom Ladenpreis des broschier-</Unicode>
                </TextEquiv>
            </TextLine>
            <TextLine id="tr_2_tl_5" custom="readingOrder {index:4;}">
                <Coords points="836,2524 2598,2495 2512,2423 836,2418"/>
                <Baseline points="850,2483 895,2480 940,2480 984,2483 1029,2483 1074,2483 1119,2483 1163,2483 1208,2483 1253,2486 1298,2489 1342,2486 1387,2486 1432,2486 1477,2486 1522,2486 1566,2486 1611,2489 1656,2486 1701,2486 1745,2486 1790,2489 1835,2489 1880,2489 1924,2486 1969,2489 2014,2489 2059,2489 2104,2489 2148,2489 2193,2489 2238,2489 2283,2491 2327,2489 2372,2489 2417,2489 2462,2491 2506,2491 2551,2489 2596,2491 2605,2497"/>
                <TextEquiv>
                    <Unicode>ten Exemplars gerechnet, zu erfolgen haben. Ich bin aber</Unicode>
                </TextEquiv>
            </TextLine>
            <TextLine id="tr_2_tl_6" custom="readingOrder {index:5;}">
                <Coords points="827,2616 2524,2633 2712,2611 2709,2490 2023,2559 824,2532"/>
                <Baseline points="841,2584 886,2584 931,2587 975,2587 1020,2587 1065,2587 1110,2587 1154,2587 1199,2587 1244,2590 1289,2590 1334,2587 1378,2590 1423,2590 1468,2590 1513,2590 1557,2587 1602,2590 1647,2590 1692,2590 1736,2590 1781,2593 1826,2593 1871,2593 1915,2593 1960,2593 2005,2590 2050,2590 2095,2593 2139,2593 2184,2593 2229,2593 2274,2593 2318,2593 2363,2593 2408,2596 2453,2599 2497,2596 2542,2596 2587,2596 2632,2596 2677,2590 2715,2590"/>
                <TextEquiv>
                    <Unicode>auch bereit, die Kaufsumme, wenn sie nicht mehr als 4.000.-</Unicode>
                </TextEquiv>
            </TextLine>
            <TextLine id="tr_2_tl_7" custom="readingOrder {index:6;}">
                <Coords points="824,2727 2556,2727 2554,2625 2322,2648 2166,2593 1749,2665 822,2643"/>
                <Baseline points="838,2694 883,2691 928,2691 972,2694 1017,2694 1062,2694 1107,2691 1151,2694 1196,2691 1241,2694 1286,2694 1331,2694 1375,2694 1420,2694 1465,2697 1510,2697 1554,2697 1599,2697 1644,2697 1689,2697 1733,2697 1778,2694 1823,2694 1868,2694 1913,2694 1957,2697 2002,2697 2047,2697 2092,2697 2136,2697 2181,2697 2226,2697 2271,2697 2315,2697 2360,2697 2405,2700 2450,2700 2494,2700 2539,2700 2563,2700"/>
                <TextEquiv>
                    <Unicode>Mark betragen sollte, selbst zu übernehmen und die neue</Unicode>
                </TextEquiv>
            </TextLine>
            <TextLine id="tr_2_tl_8" custom="readingOrder {index:7;}">
                <Coords points="834,2857 2714,2828 2712,2766 2559,2736 2418,2781 832,2759"/>
                <Baseline points="847,2799 892,2796 937,2796 981,2796 1026,2799 1071,2799 1116,2799 1160,2799 1205,2799 1250,2799 1295,2799 1340,2799 1384,2799 1429,2799 1474,2802 1519,2802 1563,2802 1608,2802 1653,2802 1698,2802 1742,2802 1787,2802 1832,2802 1877,2802 1921,2802 1966,2802 2011,2802 2056,2802 2101,2805 2145,2805 2190,2805 2235,2805 2280,2805 2324,2805 2369,2805 2414,2808 2459,2808 2503,2808 2548,2808 2593,2808 2638,2811 2682,2808 2721,2814"/>
                <TextEquiv>
                    <Unicode>Auflage natürlich auch auf meine Kosten zu drucken. Ich wäre</Unicode>
                </TextEquiv>
            </TextLine>
            <TextLine id="tr_2_tl_9" custom="readingOrder {index:8;}">
                <Coords points="827,2966 1836,2917 2021,2998 2495,2993 2751,2941 2749,2855 824,2870"/>
                <Baseline points="838,2903 883,2903 928,2903 972,2903 1017,2903 1062,2903 1107,2906 1151,2906 1196,2906 1241,2906 1286,2906 1331,2906 1375,2906 1420,2909 1465,2909 1510,2909 1554,2909 1599,2909 1644,2909 1689,2909 1733,2912 1778,2912 1823,2909 1868,2909 1913,2909 1957,2912 2002,2909 2047,2912 2092,2912 2136,2912 2181,2912 2226,2912 2271,2909 2315,2912 2360,2912 2405,2915 2450,2915 2494,2915 2539,2915 2584,2918 2629,2918 2674,2921 2718,2924 2754,2921"/>
                <TextEquiv>
                    <Unicode>sehr froh, wenn diese Angelegenheit nun einmal zur Erledigung</Unicode>
                </TextEquiv>
            </TextLine>
            <TextLine id="tr_2_tl_10" custom="readingOrder {index:9;}">
                <Coords points="832,3052 869,3062 915,3030 938,3037 950,3030 975,3042 1002,3037 1002,2978 980,2983 965,2968 952,2973 933,2949 906,2931 851,2954 834,2951"/>
                <Baseline points="844,3008 874,3008 919,3005 963,3005 1008,3005"/>
                <TextEquiv>
                    <Unicode>käme.</Unicode>
                </TextEquiv>
            </TextLine>
            <TextLine id="tr_2_tl_11" custom="readingOrder {index:10;}">
                <Coords points="360,3176 1063,3158 1328,3183 1328,3075 1251,3057 972,3099 918,3055 777,3037 575,3094 486,3060 429,3097 360,3087"/>
                <Baseline points="373,3151 417,3154 462,3157 507,3157 552,3157 596,3157 641,3157 686,3160 731,3160 775,3160 820,3157 865,3157 910,3157 955,3157 999,3160 1044,3157 1089,3160 1134,3160 1178,3163 1223,3163 1268,3160 1313,3154 1334,3154"/>
                <TextEquiv>
                    <Unicode>P.S. Das Honorar für "Therese".</Unicode>
                </TextEquiv>
            </TextLine>
            <TextLine id="tr_2_tl_12" custom="readingOrder {index:11;}">
                <Coords points="1562,3195 1653,3178 1794,3205 1930,3181 2105,3220 2238,3200 2282,3188 2280,3070 1559,3094"/>
                <Baseline points="1575,3181 1617,3172 1662,3169 1707,3169 1751,3172 1796,3172 1841,3172 1886,3172 1930,3172 1975,3172 2020,3172 2065,3175 2109,3175 2154,3175 2199,3178 2244,3175 2289,3181"/>
                <TextEquiv>
                    <Unicode>Mit herzlichen Grüssen</Unicode>
                </TextEquiv>
            </TextLine>
            <TextLine id="tr_2_tl_13" custom="readingOrder {index:12;}">
                <Coords points="368,3215 1384,3242 1369,3166 368,3168"/>
                <Baseline points="382,3208 426,3211 471,3211 516,3211 561,3211 605,3211 650,3211 695,3211 740,3214 784,3214 829,3214 874,3217 919,3214 963,3214 1008,3214 1053,3214 1098,3217 1143,3217 1187,3220 1232,3220 1277,3220 1322,3217 1366,3223 1390,3226"/>
                <TextEquiv>
                    <Unicode>36.-38. Auflage (3000 Exemplare)</Unicode>
                </TextEquiv>
            </TextLine>
            <TextLine id="tr_2_tl_14" custom="readingOrder {index:13;}">
                <Coords points="363,3277 1226,3289 1226,3237 1175,3227 869,3215 706,3245 363,3218"/>
                <Baseline points="376,3267 420,3264 465,3264 510,3264 555,3264 599,3267 644,3267 689,3267 734,3267 778,3267 823,3267 868,3267 913,3267 957,3267 1002,3267 1047,3267 1092,3267 1137,3270 1181,3267 1226,3267 1232,3267"/>
                <TextEquiv>
                    <Unicode>im Betrage von Rm. 3.750.—</Unicode>
                </TextEquiv>
            </TextLine>
            <TextLine id="tr_2_tl_15" custom="readingOrder {index:14;}">
                <Coords points="1782,3326 1809,3319 1819,3329 1828,3329 1843,3326 1853,3316 1873,3314 1880,3306 1915,3309 1917,3218 1890,3215 1885,3220 1873,3215 1863,3223 1836,3210 1796,3235 1784,3235"/>
                <Baseline points="1796,3279 1841,3279 1886,3276 1921,3279"/>
                <TextEquiv>
                    <Unicode>Ihr</Unicode>
                </TextEquiv>
            </TextLine>
            <TextLine id="tr_2_tl_16" custom="readingOrder {index:15;}">
                <Coords points="365,3336 402,3331 464,3378 646,3398 728,3395 817,3346 999,3383 1041,3348 1160,3336 1157,3299 1101,3277 363,3269"/>
                <Baseline points="379,3321 423,3318 468,3315 513,3318 558,3321 602,3321 647,3321 692,3321 737,3321 781,3321 826,3321 871,3321 916,3321 960,3321 1005,3321 1050,3324 1095,3327 1140,3327 1166,3327"/>
                <TextEquiv>
                    <Unicode>steht zu Ihrer Verfügung.</Unicode>
                </TextEquiv>
            </TextLine>
            <TextLine id="tr_2_tl_17" custom="readingOrder {index:16;}">
                <Coords points="1636,3457 1675,3447 1712,3467 1757,3450 1821,3479 1875,3447 1942,3467 1986,3440 2107,3452 2112,3321 2006,3348 1930,3309 1838,3329 1670,3255 1641,3260"/>
                <Baseline points="1650,3426 1668,3426 1713,3420 1757,3420 1802,3420 1847,3420 1892,3417 1936,3417 1981,3414 2026,3411 2071,3414 2115,3417"/>
                <TextEquiv>
                    <Unicode>Ffischer</Unicode>
                </TextEquiv>
            </TextLine>
            <TextLine id="tr_2_tl_18" custom="readingOrder {index:17;}">
                <Coords points="716,3563 735,3563 780,3526 799,3543 841,3541 856,3553 906,3531 950,3548 999,3538 997,3430 960,3420 935,3440 908,3422 864,3450 817,3417 730,3462 713,3459"/>
                <Baseline points="728,3506 772,3506 817,3509 862,3506 907,3509 952,3512 996,3509 1005,3509"/>
                <TextEquiv>
                    <Unicode>1 Anlage</Unicode>
                </TextEquiv>
            </TextLine>
            <TextLine id="tr_2_tl_19" custom="readingOrder {index:18;}">
                <Coords points="1172,3575 1542,3627 1710,3585 1809,3632 1900,3583 2443,3625 2574,3568 2635,3615 2791,3558 2791,3445 2690,3425 2036,3509 1853,3462 1545,3546 1175,3452"/>
                <Baseline points="1187,3563 1229,3566 1274,3569 1319,3569 1363,3572 1408,3575 1453,3578 1498,3578 1542,3578 1587,3578 1632,3578 1677,3578 1722,3578 1766,3575 1811,3575 1856,3575 1901,3578 1945,3575 1990,3572 2035,3572 2080,3569 2124,3572 2169,3572 2214,3569 2259,3569 2303,3569 2348,3569 2393,3572 2438,3572 2483,3566 2527,3560 2572,3560 2617,3554 2662,3551 2706,3548 2751,3545 2796,3542"/>
                <TextEquiv>
                    <Unicode>Wenn ich die 4000 Mrk. selbst</Unicode>
                </TextEquiv>
            </TextLine>
            <TextLine id="tr_2_tl_20" custom="readingOrder {index:19;}">
                <Coords points="1187,3686 2796,3659 2781,3590 1801,3630 1656,3585 1431,3630 1189,3573"/>
                <Baseline points="1202,3661 1235,3661 1280,3661 1325,3661 1369,3664 1414,3667 1459,3667 1504,3667 1548,3670 1593,3670 1638,3673 1683,3673 1727,3670 1772,3670 1817,3667 1862,3664 1907,3664 1951,3664 1996,3661 2041,3661 2086,3658 2130,3658 2175,3655 2220,3655 2265,3655 2309,3655 2354,3655 2399,3655 2444,3649 2489,3646 2533,3646 2578,3646 2623,3643 2668,3640 2712,3640 2757,3640 2802,3646"/>
                <TextEquiv>
                    <Unicode>übernehme so werden Sie nur</Unicode>
                </TextEquiv>
            </TextLine>
            <TextLine id="tr_2_tl_21" custom="readingOrder {index:20;}">
                <Coords points="281,3748 328,3758 360,3738 385,3756 407,3751 437,3775 469,3743 489,3738 548,3760 590,3736 587,3632 560,3640 481,3622 439,3632 400,3617 343,3640 279,3647"/>
                <Baseline points="292,3694 337,3694 382,3694 426,3697 471,3697 516,3697 561,3700 596,3703"/>
                <TextEquiv>
                    <Unicode>10. 29. 12000 V. S.</Unicode>
                </TextEquiv>
            </TextLine>
            <TextLine id="tr_2_tl_22" custom="readingOrder {index:21;}">
                <Coords points="1150,3746 2736,3731 2736,3667 2653,3644 2544,3699 2260,3654 2142,3701 1337,3699 1152,3622"/>
                <Baseline points="1166,3739 1175,3736 1220,3733 1265,3733 1310,3733 1354,3733 1399,3736 1444,3742 1489,3742 1533,3745 1578,3742 1623,3742 1668,3745 1713,3739 1757,3736 1802,3736 1847,3733 1892,3730 1936,3730 1981,3730 2026,3727 2071,3727 2115,3724 2160,3724 2205,3724 2250,3724 2295,3724 2339,3727 2384,3727 2429,3727 2474,3724 2518,3724 2563,3724 2608,3718 2653,3715 2697,3709 2742,3712"/>
                <TextEquiv>
                    <Unicode>wohl das Recht einräumen die</Unicode>
                </TextEquiv>
            </TextLine>
            <TextLine id="tr_2_tl_23" custom="readingOrder {index:22;}">
                <Coords points="2097,3820 2324,3820 2374,3867 2773,3849 2847,3827 2847,3733 2588,3728 2517,3758 2430,3726 2097,3746"/>
                <Baseline points="2112,3781 2157,3781 2202,3781 2247,3781 2292,3784 2336,3784 2381,3787 2426,3787 2471,3781 2515,3781 2560,3781 2605,3781 2650,3784 2694,3787 2739,3784 2784,3784 2829,3790 2850,3793"/>
                <TextEquiv>
                    <Unicode>Nachfolge Stadt</Unicode>
                </TextEquiv>
            </TextLine>
            <TextLine id="tr_2_tl_24" custom="readingOrder {index:23;}">
                <Coords points="1167,3834 1189,3842 1231,3822 1281,3837 1310,3822 1330,3834 1365,3820 1421,3827 1461,3862 1493,3862 1493,3756 1431,3746 1414,3760 1392,3746 1328,3751 1313,3738 1300,3746 1266,3733 1167,3773"/>
                <Baseline points="1181,3793 1184,3790 1229,3787 1274,3784 1319,3784 1363,3784 1408,3784 1453,3787 1498,3790"/>
                <TextEquiv>
                    <Unicode>Vorrat</Unicode>
                </TextEquiv>
            </TextLine>
        </TextRegion>
    </Page>
</PcGts>
