3113 4071
1238 284 1436 429 1050
1623 290 1726 441 R.
360 304 837 555 31/17
867 382 2362 561 S. Fischer Verlag/ Berlin W57 Bülowstratze 90
1288 502 1944 633 AKTIEGESESELISCHAFT
622 616 2605 736 Bankkonto: Deutsche Bank, Depositenkasse P in Berlin / Postscheckkonto Berlin Nr. 16692
1049 686 2184 747 Fernsprechanschlüsse: Amt Lützow Nr. 6162 bis 6164
1046 719 2181 856 Telegramm-Adresse: Fischerverlag 6162 Berlinlützow
455 834 647 937 F/Si.
2086 834 2571 976 11. Juli 1931
814 1004 2055 1168 Herrn Dr. Arthur Schnitzler
2301 1141 2574 1238 en XVIII
1986 1157 2568 1336 Sternwartestr. 71
706 1311 1202 1489 Lieber Freund,
878 1411 2688 1559 wir haben auf indirektem Weg ein Exemplar vom „Reigen
753 1534 2719 1670 von LANYI, Wien bezogen; es ist, wie nicht anders zu erwarten
745 1643 2722 1776 war, ein Exemplar aus den alten Beständen von HARZ. Ich lege
753 1732 2697 1866 die Quittung bei und lasse Ihnen das Exemplar gleichzeitig
747 1846 2733 1952 per Kreuzband zugehen. Da die Buchhandlung von LANYI in Wien
753 1958 2856 2083 domiziliert, kann es Ihnen nicht schwer fallen, dort zu erfahren
745 2036 2298 2184 was Ihnen bei dieser Sache nicht ganz klar ist.
865 2122 2758 2270 Die Abrechnung über das letzte Semester, die diesmal sehr
745 2276 2764 2384 dürftig ist, und die Theater-Abrechnung lassen wir Ihnen nach
742 2373 2267 2504 Rückkehr von Dr. Maril ( 15. ds. M. ) zugehen.
865 2440 2605 2566 Die Honoraraufstellung für die 31. - 50, Auflage von
745 2549 2792 2700 " Traum und Schicksal " im Betrage von M 3000.- liegt diesem
733 2647 2267 2778 Schreiben bei. Wir bitten darüber zu verfügen.
890 2758 2783 2895 Meine Frau war nicht wohl, sie hatte eine leichte Rippen-
580 2881 2822 2987 fellreizung; wir werden aber voraussichtlich schon nächsten Dienstag
563 2967 2624 3107 in der Lage sein, nach dem Engadin (Portresina, Schloss Hotel)
572 3079 920 3193 zu reisen.
1439 3201 2234 3344 Mit herzlichen Grüssen,
1732 3305 1966 3452 thr
1670 3399 2117 3578 Fischer
474 3628 647 3756 3.000 V. 3.
1012 3751 2114 3896 Nichtgeliefertes ist vergriffen — folgt in einigen Tagen!
