3054 4151
1244 277 1862 460 Vere de Reige
994 309 1160 431 988
708 373 2226 559 S. Fischer Verlag/Berlin W57 Bülowstraße 9o
1151 524 1807 644 AKTIENSESELISCHAFT
472 606 2468 746 Bankkonto: Deutsche Bank, Depositenkasse P in Berlin / Postscheckkonto Berlin Nr. 16632
903 682 2043 769 Fernsprechanschlüsse: Amt Lützow Nr. 6162 bis 6164
900 746 2051 868 Telegramm-Adresse: Fischerverlag 6162 Berlinlützow
326 798 519 953 F/Si.
2255 825 2768 997 10. November 30
583 982 1839 1151 Herrn Dr. Arthur Schnitzler
2212 1101 2386 1230 Wien
455 1224 979 1358 Lieber Freund,
621 1375 2602 1469 ich schicke Ihnen mitfolgend die Uebersetzung der Einleitung
455 1469 2663 1600 von SCHINNER. Nachdem ich die Einleitung gelesen habe, bin ich der
452 1553 2579 1713 Meinung, wir sollten den Abdruck der Einleitung im „Reigen“ auf
405 1675 2631 1777 einen gelegeneren Zeitpunkt verschieben. Diese Einleitung ist eine
452 1769 2550 1888 sehr gewissenhafte philologische Darstellung der Schicksale des
449 1876 2652 1990 Buches und der Theateraufführungen; für die Einleitung oder für das
446 1967 1355 2127 Nachwort durchaus geeignet.
574 2083 2681 2200 Wir stehen indessen augenblicklich unter dem Druck der national-
443 2174 2657 2305 sozialen Bewegung und die Wirkung dieser Einleitung wäre zweifellos
440 2284 2593 2413 die, dass die antisemitische Presse die Beunruhigung, die aus der
434 2415 2745 2520 Lektüre und den Aufführungen entstanden ist, zu einer neuen Aufrollung
437 2480 1407 2634 der Frage missbrauchen würde.
530 2602 2649 2739 Ich weiss nicht, was Sie mit der Einleitung bezwecken. Weder Sie
428 2721 2617 2812 noch wir haben unter den gegenwärtigen Verhältnissen ein Interesse
434 2800 2652 2914 daran, eine Konfiskation oder ein Verbot heraufzubeschwören. Und so
425 2931 2768 3042 möchte ich am liebsten die Buchausgabe vom „Reigen „ im Januar zunächst
434 3022 2736 3135 ohne jeden weiteren Kommentar herausgeben und die Einleitung erst dann
420 3124 2605 3290 hinzufügen, wenn die antisemitische Welle sich etwas verzogen hat.
417 3205 2311 3351 Lassen Sie mich wissen, ob Sie damit einverstanden wären.
577 3330 2611 3450 Wegen des billigen Buches, resp. Novellenbandes, den wir am
417 3432 2713 3549 besten einige Wochen nach Erscheinen des „Reigen“ u herausgeben würden,
422 3526 1317 3668 erwarte ich Ihren Bescheid.
1605 3572 2372 3741 Mit herzlichen Grüssen
248 3610 495 3724 29. 12000 V. S.
2107 3683 2593 3808 Fischer
1731 3674 1996 3811 Thr.
