3097 4152
1374 278 1551 433 993
765 365 2283 555 S. Fischer Verlag/Berlin W57 Bülowstrasse 90
1208 501 1853 615 AKTIEN GESELESCHAFT
525 582 2514 759 Bankkonto: Deutsche Bank, Depositenkasse P in Berlin / Postscheckkonto Berlin Nr. 16692
963 664 2101 757 Fernsprechanschlüsse: Amt Lützow Nr. 6162 bis 6164
974 729 2104 835 Telegramm-Adresse: Fischerverlag 6162 Berlinlützow
2294 805 2871 961 11. Dezenber 1930
1380 808 1815 999 have not
460 871 664 999 F/St.
784 1018 2046 1222 Herrn Dr. Arthur Schnitzler
2256 1083 2631 1233 Wien XVIII
2158 1189 2751 1339 Sternwartestr. 71
650 1412 1135 1600 Lieber Freund,
852 1559 2784 1684 ich habe Ihre Hovelle, für deren Zusendung ich Ihnen danke,
661 1665 2618 1782 mit starker Anteilnahme gelesen. Die alte Meisterschaft ist
661 1723 2735 1921 lebendig in Ihnen und so hoffe ich, dass die Wirkung nicht aus-
659 1869 2773 2003 bleiben wird. Nur der Brudermord scheint mir nicht zwingend, die
664 1951 2852 2087 Tat wirkt darum überraschend, was ich darauf zurückführe, dass ich
672 2060 2855 2212 nicht den Eindruck des abgeschlossenen Krankheitsbildes bei Robert
680 2174 2751 2302 empfangen habe, obgleich ich weiss, dass die Krankheit logische
667 2267 2759 2416 Denkfolge zeitweise nicht ausschliesst. Indessen das wissen Sie
675 2343 2759 2517 besser, nicht nur als Arzt, sondern sehr viel mehr als Dichter.
906 2468 2827 2623 Wann soll das Buch erscheinen und welche Wünsche haben Sie
678 2615 1929 2732 hinsichtlich der Honorarbedingungen?
909 2697 2811 2844 In der Angelegenheit HARZ ist die Sache nun erledigt, wie
691 2819 1597 2966 Sie aus der Anlage ersehen.
1606 2923 2362 3078 Mit herzlichen Grüssen
1889 3048 2109 3154 Thr
1867 3121 2400 3312 Tfischer
414 3486 762 3649 1 Anlage,
381 3649 694 3788 10. 29. 12000 V. S.
