<?xml version="1.0" encoding="UTF-8" standalone="yes"?>
<PcGts xmlns="http://schema.primaresearch.org/PAGE/gts/pagecontent/2013-07-15" xmlns:xsi="http://www.w3.org/2001/XMLSchema-instance" xsi:schemaLocation="http://schema.primaresearch.org/PAGE/gts/pagecontent/2013-07-15 http://schema.primaresearch.org/PAGE/gts/pagecontent/2013-07-15/pagecontent.xsd">
    <Metadata>
        <Creator>prov=READ-COOP:name=TrHtr:version=2.1.0:model_id=51170:date=25_07_2023_14:24</Creator>
        <Created>2023-05-02T08:16:19.318+02:00</Created>
        <LastChange>2023-07-25T14:24:04.865+02:00</LastChange>
        <TranskribusMetadata docId="1416744" pageId="54954051" pageNr="124" tsid="130673890" status="IN_PROGRESS" userId="64420" imgUrl="https://files.transkribus.eu/Get?id=PWSZYSTERNBMHFPUJWLFIEHW&amp;fileType=view" xmlUrl="https://files.transkribus.eu/Get?id=PALKAIHMNFJHRGBMRTYCKMRQ" imageId="44457776"/>
    </Metadata>
    <Page imageFilename="1416744_0124.jpg" imageWidth="3055" imageHeight="4185">
        <ReadingOrder>
            <OrderedGroup id="ro_1711825998399" caption="Regions reading order">
                <RegionRefIndexed index="0" regionRef="tr_2"/>
                <RegionRefIndexed index="1" regionRef="tr_1"/>
            </OrderedGroup>
        </ReadingOrder>
        <TextRegion id="tr_2" custom="readingOrder {index:0;}">
            <Coords points="579,409 2889,409 2889,2669 579,2669"/>
            <TextLine id="tr_2_tl_1" custom="readingOrder {index:0;}">
                <Coords points="1312,503 1354,511 1393,472 1617,508 1773,466 2030,466 2072,494 2114,483 2117,374 1899,422 1810,388 1550,416 1455,355 1315,380"/>
                <Baseline points="1328,459 1373,465 1417,465 1462,468 1507,465 1552,465 1596,465 1641,462 1686,465 1731,462 1776,462 1820,459 1865,459 1910,459 1955,459 1999,459 2044,459 2089,459 2122,462"/>
                <TextEquiv>
                    <Unicode>Reon</Unicode>
                </TextEquiv>
            </TextLine>
            <TextLine id="tr_2_tl_2" custom="readingOrder {index:1;}">
                <Coords points="1067,478 1095,480 1109,466 1137,466 1178,500 1206,497 1201,374 1190,374 1181,385 1167,383 1151,399 1128,394 1103,410 1078,388 1064,388"/>
                <Baseline points="1080,462 1125,462 1170,465 1214,465"/>
                <TextEquiv>
                    <Unicode>103</Unicode>
                </TextEquiv>
            </TextLine>
            <TextLine id="tr_2_tl_3" custom="readingOrder {index:2;}">
                <Coords points="801,628 1977,578 2228,634 2309,592 2312,469 1888,475 1798,533 1500,472 1287,519 804,483"/>
                <Baseline points="817,599 838,599 883,599 928,597 973,594 1017,594 1062,597 1107,594 1152,594 1196,588 1241,588 1286,588 1331,588 1376,588 1420,588 1465,588 1510,585 1555,585 1599,582 1644,582 1689,579 1734,579 1779,576 1823,576 1868,576 1913,576 1958,576 2002,576 2047,576 2092,576 2137,576 2182,573 2226,573 2271,570 2316,573"/>
                <TextEquiv>
                    <Unicode>S. Fischer Verlag / Berlin W57 Bülowstratze 90</Unicode>
                </TextEquiv>
            </TextLine>
            <TextLine id="tr_2_tl_4" custom="readingOrder {index:3;}">
                <Coords points="1229,718 1329,693 1377,718 1608,687 1726,712 1776,687 1877,695 1879,592 1231,614"/>
                <Baseline points="1247,647 1259,647 1304,647 1349,647 1394,644 1438,644 1483,644 1528,641 1573,641 1617,641 1662,641 1707,641 1752,638 1796,638 1841,635 1886,635"/>
                <TextEquiv>
                    <Unicode>AKTIENGESELESCHAFT</Unicode>
                </TextEquiv>
            </TextLine>
            <TextLine id="tr_2_tl_5" custom="readingOrder {index:4;}">
                <Coords points="564,771 2435,776 2547,743 2550,670 564,726"/>
                <Baseline points="579,767 585,767 629,767 674,767 719,767 764,767 808,764 853,764 898,764 943,761 988,758 1032,758 1077,758 1122,758 1167,758 1211,758 1256,755 1301,755 1346,755 1391,752 1435,752 1480,752 1525,752 1570,749 1614,749 1659,749 1704,746 1749,746 1793,746 1838,746 1883,743 1928,743 1973,743 2017,743 2062,743 2107,743 2152,740 2196,737 2241,737 2286,737 2331,737 2376,734 2420,734 2465,731 2510,731 2555,725"/>
                <TextEquiv>
                    <Unicode>Bankkonto: Deutsche Bank, Depositenkasse P in Berlin / Postscheckkonto Berlin Nr. 16692</Unicode>
                </TextEquiv>
            </TextLine>
            <TextLine id="tr_2_tl_6" custom="readingOrder {index:5;}">
                <Coords points="1003,827 2175,824 2175,774 2106,751 1003,774"/>
                <Baseline points="1017,811 1062,814 1107,811 1152,814 1196,811 1241,811 1286,811 1331,811 1376,808 1420,808 1465,805 1510,805 1555,805 1599,805 1644,805 1689,805 1734,802 1779,802 1823,799 1868,799 1913,799 1958,799 2002,797 2047,797 2092,797 2137,794 2182,794"/>
                <TextEquiv>
                    <Unicode>Fernsprechanschlüsse: Amt Lützow Nr. 6162 bis 6164</Unicode>
                </TextEquiv>
            </TextLine>
            <TextLine id="tr_2_tl_7" custom="readingOrder {index:6;}">
                <Coords points="1003,908 1776,863 1988,899 2133,868 2136,818 1003,827"/>
                <Baseline points="1017,871 1020,868 1065,868 1110,871 1155,871 1199,868 1244,868 1289,868 1334,865 1379,865 1423,865 1468,862 1513,862 1558,862 1602,859 1647,859 1692,859 1737,859 1782,859 1826,856 1871,856 1916,856 1961,853 2005,853 2050,850 2095,850 2140,850"/>
                <TextEquiv>
                    <Unicode>Telegramm-Adresse: Fischerverlag 6162 Berlinlützow</Unicode>
                </TextEquiv>
            </TextLine>
            <TextLine id="tr_2_tl_8" custom="readingOrder {index:7;}">
                <Coords points="2189,1008 2318,1030 2508,1000 2717,1053 2720,896 2625,902 2569,935 2519,922 2441,952 2309,919 2262,941 2189,924"/>
                <Baseline points="2205,996 2232,996 2277,996 2322,999 2367,999 2411,996 2456,996 2501,994 2546,994 2590,991 2635,991 2680,988 2725,994"/>
                <TextEquiv>
                    <Unicode>23. April 1931</Unicode>
                </TextEquiv>
            </TextLine>
            <TextLine id="tr_2_tl_9" custom="readingOrder {index:8;}">
                <Coords points="564,1072 584,1070 592,1061 609,1061 620,1070 653,1036 687,1039 712,1028 732,1033 732,969 718,969 704,955 693,966 670,972 653,961 628,980 606,966 564,969"/>
                <Baseline points="579,1029 605,1026 650,1026 695,1026 740,1026"/>
                <TextEquiv>
                    <Unicode>F/Si.</Unicode>
                </TextEquiv>
            </TextLine>
            <TextLine id="tr_2_tl_10" custom="readingOrder {index:9;}">
                <Coords points="852,1257 1234,1271 1460,1218 1569,1285 1818,1237 2092,1285 2092,1162 1972,1123 1622,1176 1301,1134 852,1176"/>
                <Baseline points="868,1229 889,1226 934,1223 979,1223 1023,1223 1068,1226 1113,1223 1158,1223 1202,1223 1247,1217 1292,1217 1337,1220 1382,1220 1426,1217 1471,1217 1516,1220 1561,1217 1605,1217 1650,1217 1695,1217 1740,1214 1785,1214 1829,1211 1874,1211 1919,1211 1964,1208 2008,1208 2053,1208 2098,1211"/>
                <TextEquiv>
                    <Unicode>Herrn Dr. Arthur Schnitzler</Unicode>
                </TextEquiv>
            </TextLine>
            <TextLine id="tr_2_tl_11" custom="readingOrder {index:10;}">
                <Coords points="2268,1326 2374,1321 2435,1349 2527,1321 2541,1338 2572,1329 2608,1349 2611,1254 2589,1243 2575,1251 2502,1229 2469,1234 2441,1259 2421,1245 2390,1257 2360,1231 2340,1237 2307,1206 2273,1204"/>
                <Baseline points="2286,1301 2331,1304 2376,1313 2420,1313 2442,1304 2442,1304 2483,1301 2528,1301 2573,1298 2617,1298"/>
                <TextEquiv>
                    <Unicode>Wien XVIII</Unicode>
                </TextEquiv>
            </TextLine>
            <TextLine id="tr_2_tl_12" custom="readingOrder {index:11;}">
                <Coords points="1927,1393 2016,1396 2078,1368 2114,1391 2164,1379 2203,1416 2307,1388 2399,1424 2446,1396 2488,1410 2519,1402 2522,1293 2413,1332 2167,1268 1930,1299"/>
                <Baseline points="1946,1361 1991,1358 2035,1358 2080,1358 2125,1358 2170,1355 2214,1355 2259,1355 2304,1355 2349,1355 2393,1355 2438,1355 2483,1349 2528,1352"/>
                <TextEquiv>
                    <Unicode>Sternwartestr. 71</Unicode>
                </TextEquiv>
            </TextLine>
            <TextLine id="tr_2_tl_13" custom="readingOrder {index:12;}">
                <Coords points="695,1558 829,1544 860,1561 913,1536 1014,1558 1047,1539 1081,1564 1117,1541 1142,1567 1173,1564 1173,1491 1109,1469 1070,1469 1036,1494 949,1460 916,1488 849,1500 790,1480 774,1494 695,1488"/>
                <Baseline points="710,1537 731,1537 776,1534 820,1534 865,1534 910,1531 955,1531 999,1531 1044,1531 1089,1531 1134,1531 1179,1531"/>
                <TextEquiv>
                    <Unicode>Lieber Freund,</Unicode>
                </TextEquiv>
            </TextLine>
            <TextLine id="tr_2_tl_14" custom="readingOrder {index:13;}">
                <Coords points="771,1659 2332,1645 2491,1622 2491,1564 771,1608"/>
                <Baseline points="785,1638 797,1635 841,1635 886,1635 931,1632 976,1632 1020,1632 1065,1632 1110,1629 1155,1629 1199,1632 1244,1632 1289,1632 1334,1629 1379,1629 1423,1626 1468,1626 1513,1623 1558,1623 1602,1623 1647,1623 1692,1623 1737,1620 1782,1620 1826,1620 1871,1620 1916,1620 1961,1617 2005,1617 2050,1614 2095,1614 2140,1611 2185,1611 2229,1611 2274,1611 2319,1611 2364,1608 2408,1608 2453,1608 2498,1608"/>
                <TextEquiv>
                    <Unicode>erlauben Sie mir, Ihnen auf Ihren an Herrn Dr. Maril</Unicode>
                </TextEquiv>
            </TextLine>
            <TextLine id="tr_2_tl_15" custom="readingOrder {index:14;}">
                <Coords points="639,1759 963,1751 1016,1787 1106,1745 1472,1765 1670,1740 1670,1689 1455,1670 1226,1703 1117,1667 1036,1703 639,1701"/>
                <Baseline points="656,1752 692,1743 737,1740 782,1740 826,1740 871,1737 916,1737 961,1737 1005,1737 1050,1734 1095,1734 1140,1734 1185,1734 1229,1731 1274,1731 1319,1731 1364,1731 1408,1728 1453,1728 1498,1725 1543,1725 1588,1725 1632,1725 1677,1725"/>
                <TextEquiv>
                    <Unicode>gerichteten Brief zu antworten.</Unicode>
                </TextEquiv>
            </TextLine>
            <TextLine id="tr_2_tl_16" custom="readingOrder {index:15;}">
                <Coords points="771,1877 2510,1843 2597,1837 2597,1759 771,1790"/>
                <Baseline points="785,1841 811,1844 856,1841 901,1838 946,1838 991,1838 1035,1835 1080,1835 1125,1832 1170,1832 1214,1832 1259,1832 1304,1832 1349,1832 1394,1829 1438,1829 1483,1829 1528,1829 1573,1826 1617,1826 1662,1826 1707,1823 1752,1823 1796,1823 1841,1823 1886,1820 1931,1817 1976,1817 2020,1817 2065,1817 2110,1817 2155,1817 2199,1814 2244,1814 2289,1814 2334,1814 2379,1811 2423,1811 2468,1808 2513,1808 2558,1808 2602,1811"/>
                <TextEquiv>
                    <Unicode>Auf eine ornamentale Ausschmückung des Schutzumschlages</Unicode>
                </TextEquiv>
            </TextLine>
            <TextLine id="tr_2_tl_17" custom="readingOrder {index:16;}">
                <Coords points="2114,1904 2164,1888 2245,1885 2281,1885 2298,1902 2323,1904 2360,1888 2446,1896 2446,1826 2393,1854 2371,1837 2343,1849 2307,1821 2262,1854 2226,1835 2173,1860 2114,1860"/>
                <Baseline points="2128,1883 2173,1883 2217,1883 2262,1883 2307,1886 2352,1886 2396,1886 2441,1886 2450,1889"/>
                <TextEquiv>
                    <Unicode>A.W.S.</Unicode>
                </TextEquiv>
            </TextLine>
            <TextLine id="tr_2_tl_18" custom="readingOrder {index:17;}">
                <Coords points="648,1966 2642,1927 2689,1843 648,1891"/>
                <Baseline points="662,1952 677,1952 722,1949 767,1946 811,1943 856,1940 901,1940 946,1940 991,1937 1035,1937 1080,1937 1125,1934 1170,1934 1214,1934 1259,1934 1304,1931 1349,1931 1394,1931 1438,1931 1483,1931 1528,1931 1573,1928 1617,1928 1662,1925 1707,1928 1752,1928 1796,1928 1841,1925 1886,1925 1931,1922 1976,1922 2020,1919 2065,1919 2110,1919 2155,1916 2199,1916 2244,1916 2289,1919 2334,1916 2379,1916 2423,1913 2468,1910 2513,1907 2558,1907 2602,1907 2647,1907 2692,1907"/>
                <TextEquiv>
                    <Unicode>glaubten wir verzichten zu müssen, um Raum zu schallen für die</Unicode>
                </TextEquiv>
            </TextLine>
            <TextLine id="tr_2_tl_19" custom="readingOrder {index:18;}">
                <Coords points="639,2069 2832,2041 2887,1944 639,2005"/>
                <Baseline points="656,2047 695,2047 740,2047 785,2044 829,2044 874,2044 919,2044 964,2044 1008,2041 1053,2038 1098,2038 1143,2041 1188,2038 1232,2035 1277,2035 1322,2035 1367,2035 1411,2032 1456,2032 1501,2032 1546,2032 1591,2032 1635,2029 1680,2029 1725,2029 1770,2029 1814,2026 1859,2026 1904,2026 1949,2023 1993,2023 2038,2023 2083,2023 2128,2020 2173,2020 2217,2020 2262,2020 2307,2020 2352,2017 2396,2017 2441,2014 2486,2014 2531,2011 2576,2011 2620,2011 2665,2008 2710,2008 2755,2008 2799,2011 2844,2011 2889,2017"/>
                <TextEquiv>
                    <Unicode>Besprechung von Felix Salten. Es scheint mir, dass diese Besprechung</Unicode>
                </TextEquiv>
            </TextLine>
            <TextLine id="tr_2_tl_20" custom="readingOrder {index:19;}">
                <Coords points="653,2164 2748,2139 2748,2066 2402,2039 656,2072"/>
                <Baseline points="668,2149 692,2152 737,2149 782,2149 826,2149 871,2146 916,2146 961,2143 1005,2143 1050,2143 1095,2140 1140,2137 1185,2137 1229,2137 1274,2140 1319,2137 1364,2137 1408,2137 1453,2134 1498,2134 1543,2134 1588,2131 1632,2131 1677,2131 1722,2131 1767,2128 1811,2128 1856,2128 1901,2125 1946,2125 1991,2125 2035,2125 2080,2122 2125,2122 2170,2122 2214,2119 2259,2119 2304,2119 2349,2119 2393,2119 2438,2119 2483,2116 2528,2116 2573,2113 2617,2113 2662,2116 2707,2119 2752,2122"/>
                <TextEquiv>
                    <Unicode>an auffallender Stelle dem Buche gute Dienste zu leisten vermag,</Unicode>
                </TextEquiv>
            </TextLine>
            <TextLine id="tr_2_tl_21" custom="readingOrder {index:20;}">
                <Coords points="656,2265 2298,2284 2695,2187 656,2214"/>
                <Baseline points="671,2250 683,2250 728,2250 773,2250 817,2250 862,2250 907,2247 952,2247 996,2244 1041,2244 1086,2244 1131,2241 1176,2241 1220,2241 1265,2241 1310,2238 1355,2238 1399,2238 1444,2238 1489,2235 1534,2235 1579,2235 1623,2232 1668,2232 1713,2232 1758,2232 1802,2232 1847,2229 1892,2229 1937,2229 1982,2229 2026,2226 2071,2226 2116,2223 2161,2223 2205,2223 2250,2220 2295,2220 2340,2220 2385,2220 2429,2217 2474,2214 2519,2214 2564,2214 2608,2211 2653,2211 2698,2211"/>
                <TextEquiv>
                    <Unicode>schon um den Leser auf das Buch richtig einzustellen. Wir ver-</Unicode>
                </TextEquiv>
            </TextLine>
            <TextLine id="tr_2_tl_22" custom="readingOrder {index:21;}">
                <Coords points="651,2385 2837,2360 2837,2279 2536,2251 653,2301"/>
                <Baseline points="668,2355 695,2355 740,2352 785,2352 829,2352 874,2352 919,2352 964,2352 1008,2349 1053,2349 1098,2349 1143,2346 1188,2343 1232,2343 1277,2343 1322,2343 1367,2343 1411,2343 1456,2340 1501,2337 1546,2337 1591,2337 1635,2334 1680,2334 1725,2331 1770,2331 1814,2334 1859,2331 1904,2331 1949,2331 1993,2331 2038,2331 2083,2328 2128,2325 2173,2325 2217,2325 2262,2325 2307,2325 2352,2325 2396,2322 2441,2322 2486,2322 2531,2319 2576,2319 2620,2319 2665,2319 2710,2319 2755,2319 2799,2316 2844,2319"/>
                <TextEquiv>
                    <Unicode>sprechen uns aber auch eine Förderung des Absatzes, und so wirksam</Unicode>
                </TextEquiv>
            </TextLine>
            <TextLine id="tr_2_tl_23" custom="readingOrder {index:22;}">
                <Coords points="653,2480 2644,2455 2818,2441 2820,2357 653,2404"/>
                <Baseline points="668,2456 677,2456 722,2456 767,2456 811,2453 856,2453 901,2450 946,2450 991,2450 1035,2450 1080,2447 1125,2447 1170,2447 1214,2447 1259,2444 1304,2444 1349,2444 1394,2444 1438,2441 1483,2441 1528,2441 1573,2441 1617,2438 1662,2435 1707,2435 1752,2435 1796,2432 1841,2432 1886,2432 1931,2432 1976,2429 2020,2429 2065,2429 2110,2429 2155,2426 2199,2426 2244,2426 2289,2426 2334,2426 2379,2426 2423,2423 2468,2423 2513,2423 2558,2420 2602,2423 2647,2420 2692,2420 2737,2420 2782,2417 2826,2414"/>
                <TextEquiv>
                    <Unicode>auch ein ornamental ausgeschmückter Schutzumschlag sein mag, eine</Unicode>
                </TextEquiv>
            </TextLine>
            <TextLine id="tr_2_tl_24" custom="readingOrder {index:23;}">
                <Coords points="651,2577 2418,2564 2703,2544 2703,2494 653,2527"/>
                <Baseline points="668,2561 695,2561 740,2561 785,2558 829,2558 874,2555 919,2555 964,2555 1008,2555 1053,2552 1098,2552 1143,2552 1188,2549 1232,2549 1277,2549 1322,2546 1367,2546 1411,2546 1456,2546 1501,2543 1546,2540 1591,2543 1635,2546 1680,2543 1725,2540 1770,2540 1814,2537 1859,2537 1904,2537 1949,2537 1993,2534 2038,2534 2083,2531 2128,2531 2173,2531 2217,2528 2262,2531 2307,2528 2352,2528 2396,2525 2441,2525 2486,2525 2531,2522 2576,2522 2620,2522 2665,2519 2710,2522"/>
                <TextEquiv>
                    <Unicode>unmittelbar praktische Wirkung kommt ihm nicht zu. Ich schicke</Unicode>
                </TextEquiv>
            </TextLine>
            <TextLine id="tr_2_tl_25" custom="readingOrder {index:24;}">
                <Coords points="656,2670 2857,2636 2790,2552 659,2597"/>
                <Baseline points="674,2659 716,2659 761,2656 805,2656 850,2656 895,2656 940,2656 985,2653 1029,2650 1074,2653 1119,2650 1164,2650 1208,2650 1253,2647 1298,2647 1343,2644 1388,2644 1432,2647 1477,2644 1522,2644 1567,2644 1611,2641 1656,2641 1701,2638 1746,2638 1791,2638 1835,2635 1880,2635 1925,2632 1970,2632 2014,2632 2059,2632 2104,2632 2149,2632 2193,2629 2238,2629 2283,2629 2328,2629 2373,2626 2417,2626 2462,2626 2507,2626 2552,2623 2596,2623 2641,2623 2686,2623 2731,2623 2776,2620 2820,2620 2865,2623"/>
                <TextEquiv>
                    <Unicode>Ihnen einige Umschläge mit recht zur Ansicht; der Urschlag von Döblin hat</Unicode>
                </TextEquiv>
            </TextLine>
        </TextRegion>
        <TextRegion id="tr_1" custom="readingOrder {index:1;}">
            <Coords points="337,2672 2865,2672 2865,3830 337,3830"/>
            <TextLine id="tr_1_tl_1" custom="readingOrder {index:0;}">
                <Coords points="662,2804 2745,2773 2857,2692 662,2725"/>
                <Baseline points="677,2770 716,2764 761,2761 805,2761 850,2758 895,2758 940,2758 985,2755 1029,2755 1074,2755 1119,2755 1164,2752 1208,2752 1253,2752 1298,2749 1343,2752 1388,2749 1432,2749 1477,2749 1522,2746 1567,2743 1611,2743 1656,2743 1701,2743 1746,2743 1791,2743 1835,2740 1880,2737 1925,2737 1970,2737 2014,2737 2059,2734 2104,2734 2149,2731 2193,2734 2238,2731 2283,2731 2328,2728 2373,2728 2417,2728 2462,2728 2507,2728 2552,2728 2596,2725 2641,2725 2686,2725 2731,2725 2776,2722 2820,2722 2865,2725"/>
                <TextEquiv>
                    <Unicode>geradezu vorbildlich gewirkt. Ich lasse nun für Sie einen Ornament-</Unicode>
                </TextEquiv>
            </TextLine>
            <TextLine id="tr_1_tl_2" custom="readingOrder {index:1;}">
                <Coords points="662,2887 2728,2857 2728,2781 662,2820"/>
                <Baseline points="677,2871 719,2865 764,2862 808,2862 853,2859 898,2859 943,2856 988,2856 1032,2856 1077,2856 1122,2853 1167,2853 1211,2853 1256,2853 1301,2853 1346,2850 1391,2850 1435,2850 1480,2847 1525,2847 1570,2847 1614,2847 1659,2844 1704,2847 1749,2844 1793,2841 1838,2841 1883,2841 1928,2838 1973,2838 2017,2838 2062,2835 2107,2835 2152,2835 2196,2832 2241,2832 2286,2832 2331,2832 2376,2829 2420,2829 2465,2829 2510,2829 2555,2826 2599,2826 2644,2826 2689,2823 2734,2823"/>
                <TextEquiv>
                    <Unicode>geschmückten Umschlag entwerfen und zwar von demselben Künstler</Unicode>
                </TextEquiv>
            </TextLine>
            <TextLine id="tr_1_tl_3" custom="readingOrder {index:2;}">
                <Coords points="679,2991 804,3038 1011,2977 2709,2954 2670,2865 2259,2843 2133,2899 681,2907"/>
                <Baseline points="695,2970 701,2970 746,2967 791,2964 835,2964 880,2964 925,2961 970,2958 1014,2961 1059,2961 1104,2958 1149,2955 1194,2955 1238,2955 1283,2955 1328,2952 1373,2952 1417,2952 1462,2949 1507,2949 1552,2949 1596,2949 1641,2949 1686,2949 1731,2946 1776,2946 1820,2943 1865,2943 1910,2943 1955,2943 1999,2940 2044,2940 2089,2940 2134,2940 2179,2937 2223,2934 2268,2937 2313,2934 2358,2934 2402,2934 2447,2937 2492,2934 2537,2934 2582,2931 2626,2931 2671,2928 2716,2931"/>
                <TextEquiv>
                    <Unicode>( Salter), der den Umschlag und Einband für Ihr Buch „ Traum</Unicode>
                </TextEquiv>
            </TextLine>
            <TextLine id="tr_1_tl_4" custom="readingOrder {index:3;}">
                <Coords points="667,3083 760,3111 877,3069 1005,3108 1075,3069 1282,3091 1527,3061 1614,3111 1692,3086 1692,2996 1603,3013 1516,2960 1332,2968 1167,3038 1111,2999 793,3035 667,3013"/>
                <Baseline points="683,3068 713,3065 758,3065 802,3062 847,3062 892,3062 937,3062 982,3059 1026,3059 1071,3059 1116,3062 1161,3062 1205,3059 1250,3056 1295,3056 1340,3053 1385,3050 1429,3050 1474,3050 1519,3050 1564,3050 1608,3050 1653,3050 1698,3047"/>
                <TextEquiv>
                    <Unicode>und Schicksal  gezeichnet hat.</Unicode>
                </TextEquiv>
            </TextLine>
            <TextLine id="tr_1_tl_5" custom="readingOrder {index:4;}">
                <Coords points="787,3200 2636,3181 2840,3147 2843,3077 2474,3008 2173,3102 787,3083"/>
                <Baseline points="802,3167 832,3167 877,3164 922,3161 967,3161 1011,3158 1056,3158 1101,3158 1146,3158 1191,3158 1235,3155 1280,3155 1325,3155 1370,3155 1414,3152 1459,3152 1504,3152 1549,3152 1594,3149 1638,3149 1683,3146 1728,3146 1773,3146 1817,3149 1862,3146 1907,3146 1952,3146 1996,3143 2041,3143 2086,3140 2131,3140 2176,3137 2220,3137 2265,3134 2310,3134 2355,3134 2399,3134 2444,3131 2489,3134 2534,3131 2579,3131 2623,3131 2668,3131 2713,3128 2758,3128 2802,3128 2847,3131"/>
                <TextEquiv>
                    <Unicode>Meine Tochter kann bis jetzt eigentlich nur Schriften zeichnen</Unicode>
                </TextEquiv>
            </TextLine>
            <TextLine id="tr_1_tl_6" custom="readingOrder {index:5;}">
                <Coords points="673,3304 2527,3239 2723,3306 2784,3189 673,3228"/>
                <Baseline points="689,3268 728,3268 773,3265 817,3265 862,3265 907,3265 952,3262 996,3262 1041,3262 1086,3259 1131,3259 1176,3259 1220,3256 1265,3259 1310,3256 1355,3256 1399,3256 1444,3253 1489,3253 1534,3253 1579,3253 1623,3250 1668,3247 1713,3247 1758,3250 1802,3247 1847,3247 1892,3247 1937,3244 1982,3244 2026,3244 2071,3244 2116,3244 2161,3241 2205,3241 2250,3241 2295,3241 2340,3238 2385,3238 2429,3235 2474,3235 2519,3235 2564,3232 2608,3232 2653,3232 2698,3232 2743,3229 2788,3229"/>
                <TextEquiv>
                    <Unicode>oder typographisch anordnen. Für den „Reigen“ einen ornamentalen</Unicode>
                </TextEquiv>
            </TextLine>
            <TextLine id="tr_1_tl_7" custom="readingOrder {index:6;}">
                <Coords points="670,3385 2256,3387 2385,3362 2388,3284 673,3301"/>
                <Baseline points="686,3370 731,3370 776,3370 820,3370 865,3370 910,3367 955,3367 999,3367 1044,3364 1089,3364 1134,3361 1179,3361 1223,3361 1268,3361 1313,3358 1358,3358 1402,3358 1447,3358 1492,3358 1537,3355 1582,3355 1626,3355 1671,3352 1716,3349 1761,3349 1805,3349 1850,3349 1895,3349 1940,3349 1985,3346 2029,3346 2074,3346 2119,3346 2164,3346 2208,3343 2253,3340 2298,3340 2343,3340 2388,3340"/>
                <TextEquiv>
                    <Unicode>Umschlag zu entwerfen, traut sie sich noch nicht zu.</Unicode>
                </TextEquiv>
            </TextLine>
            <TextLine id="tr_1_tl_8" custom="readingOrder {index:7;}">
                <Coords points="793,3493 1938,3507 2298,3449 2583,3499 2751,3471 2751,3382 796,3435"/>
                <Baseline points="811,3474 832,3471 877,3468 922,3468 967,3468 1011,3465 1056,3465 1101,3465 1146,3465 1191,3462 1235,3462 1280,3462 1325,3459 1370,3459 1414,3459 1459,3459 1504,3456 1549,3456 1594,3456 1638,3453 1683,3456 1728,3453 1773,3456 1817,3453 1862,3450 1907,3453 1952,3450 1996,3450 2041,3450 2086,3447 2131,3447 2176,3444 2220,3444 2265,3444 2310,3444 2355,3441 2399,3441 2444,3441 2489,3438 2534,3438 2579,3438 2623,3438 2668,3438 2713,3441 2758,3441"/>
                <TextEquiv>
                    <Unicode>Ich würde sehr bedauern, wenn wir der ornamentalen Wirkung</Unicode>
                </TextEquiv>
            </TextLine>
            <TextLine id="tr_1_tl_9" custom="readingOrder {index:8;}">
                <Coords points="665,3602 2527,3586 2527,3499 2460,3485 667,3516"/>
                <Baseline points="683,3579 698,3579 743,3579 788,3579 832,3579 877,3579 922,3576 967,3573 1011,3573 1056,3573 1101,3570 1146,3570 1191,3567 1235,3567 1280,3567 1325,3567 1370,3567 1414,3567 1459,3564 1504,3564 1549,3564 1594,3564 1638,3561 1683,3558 1728,3558 1773,3561 1817,3561 1862,3558 1907,3558 1952,3555 1996,3555 2041,3555 2086,3552 2131,3552 2176,3552 2220,3552 2265,3549 2310,3546 2355,3549 2399,3546 2444,3546 2489,3546 2534,3546"/>
                <TextEquiv>
                    <Unicode>wegen den Textumschlag ( Salten.) fallenlassen müssten.</Unicode>
                </TextEquiv>
            </TextLine>
            <TextLine id="tr_1_tl_10" custom="readingOrder {index:9;}">
                <Coords points="1477,3675 1511,3678 1539,3661 1569,3678 1589,3658 1620,3653 1636,3661 1689,3650 1737,3669 1759,3661 1759,3616 1692,3580 1667,3574 1656,3586 1631,3580 1611,3591 1569,3588 1544,3569 1527,3583 1480,3574"/>
                <Baseline points="1492,3650 1498,3650 1543,3650 1588,3647 1632,3647 1677,3644 1722,3644 1767,3644"/>
                <TextEquiv>
                    <Unicode>Swalten</Unicode>
                </TextEquiv>
            </TextLine>
            <TextLine id="tr_1_tl_11" custom="readingOrder {index:10;}">
                <Coords points="2636,3694 2658,3689 2692,3697 2698,3692 2720,3711 2745,3692 2765,3694 2759,3513 2725,3513 2712,3505 2695,3521 2675,3519 2650,3538 2631,3538"/>
                <Baseline points="2650,3653 2695,3650 2740,3653 2770,3656"/>
                <TextEquiv>
                    <Unicode>von</Unicode>
                </TextEquiv>
            </TextLine>
            <TextLine id="tr_1_tl_12" custom="readingOrder {index:11;}">
                <Coords points="318,3829 371,3842 405,3868 444,3842 483,3856 508,3840 542,3856 561,3842 581,3865 626,3851 628,3714 592,3720 561,3686 505,3703 472,3675 444,3692 427,3683 321,3703"/>
                <Baseline points="337,3820 367,3820 411,3820 456,3817 501,3817 546,3817 591,3814 635,3817"/>
                <TextEquiv>
                    <Unicode>12. 30 20000 V. S.</Unicode>
                </TextEquiv>
            </TextLine>
        </TextRegion>
    </Page>
</PcGts>
