3096 4168
1219 295 1395 430 1000
752 370 2247 576 S. Fischer Verlag/Berlin W57 Bülowstratze 9o
1179 489 1833 635 AKTRINGESELESCHAFT
522 579 2493 716 Bankkonto: Deutsche Bank, Depositenkasse P in Berlin/Postscheckkonto Berlin Nr. 16892
946 649 2074 752 Fernsprechanschlüsse: Amt Lützow Nr. 6162 bis 6164
954 719 2066 844 Telegramm-Adresse: Fischerverlag 6162 Berlinlützow
2087 673 2482 852 den 22.I.31
514 765 716 917 He/Vo
525 963 727 1071 Herrn
1090 1030 2112 1184 Dr. Arthur Sch.nitzler
2239 1071 2598 1195 Wien XVIII
2247 1173 2531 1246 —  —  — — — ̃
2136 1198 2701 1338 Sternwartestr. 71
549 1319 1433 1501 Sehr geehrter Herr Doktor!
1111 1422 2617 1633 Wie Sie wissen, bereiten wir den Neudruck des
554 1574 1195 1760 Reigens vor.
1127 1636 2598 1828 Wir haben den Satz bereits herstellen lassen,
573 1771 2025 1947 u.zw. nach der bisherigen Harz'schen Ausgabe.
1130 1868 2690 2039 Wir gestatten uns, Ihnen gleichzeitig einen von
579 1968 2628 2120 unserem Hauskorrektor durchgesehenen Abzug einzusenden mit der
581 2060 2677 2217 Bitte um Druckfertigerklärung. Ein genaues Korrekturlesen durch
592 2160 2685 2333 Sie, sehr geehrter Herr Doktor, ist -wie wir glauben- nicht not-
595 2271 2739 2441 wendig, da es sich ja um eine gedruckte Vorlage handelte. Die von
598 2360 2644 2531 unserem Korrektor angebrachten Korrekturen betreffen lediglich
598 2460 2674 2628 rein technische Dinge, in der Hauptsache die Anwendung des Eli
611 2558 2785 2771 sionszeichmens, die wir etwas einheitlicher durchzuführen versucht
603 2736 825 2852 haben
1301 2798 2563 2980 Wir empfehlen uns Ihnen, sehr-geehrter
1290 2942 1709 3074 Herr Doktor,
1530 2988 2585 3158 mit ausgezeichneter Hochachtung
1638 3120 2377 3250 S. Fischer Verlag A.-G.
1906 3220 2704 3412 tumany.
1552 3253 1879 3450 Dr Hermann
400 3596 703 3788 12. 30 20000 V. S.
