3118 3959
1207 237 1389 373 10
818 295 2346 532 S. Fischer Verlag / Berlin 1657 Bútowstraße 90
1261 480 1910 537 AKTIEN GESELESCHAFT
594 579 2588 698 Bankkonto: Deutsche Bank, Depositenkasse P in Berlin / Postscheckkonto Berlin Nr. 16692
1029 633 2155 712 Fernsprechanschlüsse: Amt Lützow Nr. 6162 bis 6164
1032 696 2158 834 Telegramm-Adresse: Fischerverlag 6162 Berlinlützow
1986 777 2585 933 19e Februar 1931
480 803 675 954 F/S1.
943 1066 2197 1183 Herrn Dr. Arthur Schnitzler
2377 1134 2622 1238 XVIII
2197 1191 2791 1324 Sternwartestr. 71
784 1363 1277 1480 Lieber Freund,
996 1415 2893 1577 vielen Dank für Ihren Brief vom 16, der mich sehr gefraut
725 1574 2794 1671 hat. — Der günstigste Heitpunkt zur Herausgabe der Novelle wäre
738 1655 2770 1824 etwa der Monat Oktober. Es wird sich also wohl bequem machen
730 1767 2823 1905 lassen, dass Sie den zweiten Vorabdruck in einer Wiener Zeitung
735 1848 2669 2007 abschliessen. Das Manuskript lasse ich Ihnen gleichzeitig
735 1994 1024 2108 zugehen.
1444 2116 2085 2260 Mit besten Grüssen
1681 2207 1957 2353 Thr
1699 2314 2244 2533 Pfinche
