3082 4087
441 3587 759 3792 12.30 20000 V.S.
495 3775 804 3911 12. 30 20000 V. S.
1273 373 1565 537 042
759 369 859 533 G.C.P.
2512 414 2787 544 „ „ 4 „ —
1162 945 2474 1081 Je soussigné,.... (prénom) SCHNITZLERS,
883 1045 2463 1177 demeurant à (domicile), membre de la Société des
883 1173 2523 1307 Auteurs et Compositeurs Dramatiques, 9 & 11 R. Ballu
891 1284 2574 1403 à Paris, autorise la Maison FISCHER VerLAG, 90 Bülows-
898 1384 2550 1497 trasse, à Berlin, à toucher en mes lieu et place, les
891 1476 2474 1580 droits d'auteur qui seront perçus, pour mon compte,
891 1574 2606 1702 par ladite Société, lors des représentations d'ouvrages
889 1687 1810 1804 de mon répertoire, en France.
2359 1813 2529 1947 1931.
1192 1830 2054 1996 Fait à le
