3082 4087
1458 307 1664 457 1046
800 382 2361 586 S. Fischer Verlag/ Berlin W57 Bülowstratze 90
1293 529 1940 671 AKTIENSESELISCHAFT
624 614 2611 771 Bankkonto: Deutsche Bank, Depositenkasse P in Berlin / Postscheckkonto Berlin Nr. 16692
1053 689 2188 766 Fernsprechanschlüsse: Amt Lützow Nr. 6162 bis 6164
1055 743 2178 885 Telegramm-Adresse: Fischerverlag 6162 Berlinlützow
599 903 689 996 2.
1956 851 2451 1071 24. Juni 1931
697 947 810 1047 Si.
888 1042 2134 1305 Herrn Dr. Arthur Schnitzler
2229 1218 2554 1339 lien XVIII
2002 1290 2621 1432 Sternwartestr. 71
831 1411 1700 1579 Sehr geehrter Herr Doktor,
970 1571 2797 1711 der bekannte amerikanische Verleger, Herr B. V. Huebsch,
813 1682 2758 1850 von der „V Iking Press Ino“, New-York hat anlässlich seines
805 1806 2784 1914 heutigen persönlichen Besuches in unserm Büro sein Interesse
818 1896 2727 2038 für Ihre neue Novelle „ Flucht in die Finster xxx ausge-
815 1969 2639 2110 sprochen. Sollten Sie, sehr geehrter Herr Doktor, für
820 2103 2724 2234 diese Novelle für Amerika -und eventl. auch England - noch
792 2216 2668 2312 keine Bindung eingegangen sein und frei darüber verfügen
815 2263 2887 2417 können, so möchten wir Ihnen den Verlag „V Iking Press Ino,, der
815 2374 2606 2518 Ihnen ja auch bekannt ist, nochmals bestens empfehlen.
921 2477 2709 2621 Bitte haben Sie die Güte, uns zu sagen, ob wir uns mit
756 2595 2830 2774 der „V Iking Press Inc., wegen etwaiger Verhandlungen in Verbin-
795 2691 2779 2838 dung setzen sollen und lassen Sie uns auch gleichzeitig Ihre
800 2789 2766 2954 eventuellen Honoraransprüche für Amerika und eventl. auch für
800 2936 1308 3042 England wissen
1060 3008 2694 3171 Für eine baldige Benachrichtigung wären wir Ihnen
800 3114 1254 3248 sehr dankbar.
1135 3225 1734 3346 Wir begrüssen Sie
1901 3199 2851 3380 mit vorzüglicher Hochachtung
2188 3344 2717 3496 8. FISCHER VerlaG
2557 3434 2686 3488 de l'aet
2054 3465 2750 3653 Dr Bermennet
449 3390 746 3885 V. P.
