3097 4152
983 318 1081 472 94
1190 290 1603 466 Mrs. Rd.
743 419 2242 581 S. Fischer Verlag/Berlin M57 Bülowstratze 9o
1184 542 1818 670 AKTIENGESELISCHAFT
505 631 2491 720 Bankkonto: Deutsche Bank, Depositenkasse P in Berlin / Postscheckkonto Berlin Nr. 16692
944 701 2064 771 Fernsprechanschlüsse: Amt Lützow Nr. 6162 bis 6164
941 762 2069 896 Telegramm-Adresse: Fischerverlag 6162 Berlinlützow
2237 813 2739 955 2. Januar 1931
472 905 673 997 F/Si.
832 1036 2089 1229 Herrn Dr. Arthur Schnitzler
2290 1151 2631 1262 Wien XVIII
1977 1198 2605 1366 Sternwartestr. 71
578 1388 1067 1514 Lieber Freund,
751 1491 2779 1620 ich übersende Ihnen die Aufstellung der ausgewählten Novellen
592 1575 2787 1717 für den geplanten billigen Band der Novellenausgabe. Wir müssen an
595 1698 2720 1832 der Voraussetzung festhalten, dass es sich um ein Propagandabuch
589 1776 2742 1924 handelt; dass wir also eine Auswahl des Wirksamsten geben wollen.
592 1885 2815 2022 Neben den drei grossen Novellen haben wir noch vier kleine Novellen
600 1999 2695 2114 ausgesucht, bitte lassen Sie mich recht bald wissen, ob Sie mit
609 2078 2795 2240 dieser Zusammenstellung einverstanden sind oder ob Sie Aenderungen
519 2066 606 2203 De'
600 2198 2631 2351 darin wünschen. Leider hat sich während der Weihnachtswochen
600 2323 2737 2427 gezeigt, dass der Bücherabsatz sehr zurückgegangen ist. Auch die
609 2413 2737 2519 billigen Ausgaben sind zurückgegangen und ich fürchte, dass sich
606 2499 2848 2653 diese Verhältnisse nicht bessern sondern eher verschlechtern werden.
617 2636 2742 2748 Ich erwähne das, damit wir überlegen, ob wir das Buch zum Preise
617 2723 2670 2868 von M 2,85 in Leinen gebunden oder zu einem höheren Preise von
606 2834 2804 2960 N 3,75 in Leinen gebunden herausgeben sollen. Der Preis von M 2,85
617 2941 2748 3052 in Leinen gebunden ist so knapp kalkuliert, dass das Honorar nur
623 3016 2678 3161 10 Pfg. pro Exemplar betragen kann ( dasselbe Honorar, das wir
623 3142 2745 3267 auch für «Buddenbrookss und »bänsemännchen» zahlen konnten). Für
617 3239 2801 3359 die Ausgabe zum Preise von M 3,75 in Leinen gebunden, die man auch
623 3359 2675 3479 als billig bezeichnen kann, würden Sie ein Honorar von 30 Pfg.
620 3429 2840 3588 pro Exemplar bekommen. K'nnen wir also nicht mit der 2,85 -Ausgabe
628 3563 2689 3692 sehr grosse Umsätze erzielen, so hätte die Ausgabe zu 3,75 den
533 3605 628 3770 a v. s.
