3308 4072
1143 80 1282 158 Votre ami
1068 235 1890 422 945 Weg unsere
1941 240 2155 414 le
991 328 2480 542 S. Fischer Verlag/Berlin W57 Bülowstratze 9o
1415 470 2056 603 AKTIEN GESELISCHAFT
742 563 2721 678 Bankkonto: Deutsche Bank, Depositenkasse P in Berlin / Postsoheckkonto. Berlin Nr. 16692
1169 641 2296 708 Fernsprechanschlüsse: Amt Lützow Nr. 6162 bis 6164
1177 692 2294 820 Telegramm-Adresse: Fischerverlag 6162 Berlinlützow
2299 788 2817 996 21. Januar 1930
678 817 785 967 si.
1031 1137 2299 1314 Herrn Dr. Arthur Schnitzler
2398 1204 2785 1367 Wien XVIII
2232 1327 2715 1442 Sternwartestr.
2761 1327 2846 1410 71
857 1362 1725 1565 Sehr geehrter Herr Doktor,
1084 1538 2750 1711 wir haben inliegende Anfrage nach » Weg ins Freie »
894 1677 2747 1805 für die holländische Sprache. Wir teilen Ihnen dazu das
894 1781 2686 1930 Folgende mit: Im Jahre 1917 ist das Werk dem Verlag
902 1856 3044 1997 m Van Straatens Goedenhandels in Amsterdam für eine Pauschale von
889 1994 2982 2133 M 500.- überlassen worden. Der Verlag hat das Werk aber nicht
886 2099 2934 2235 herausgebracht und nach verschiedenen Mahnungen, resp. Korres-
894 2192 3014 2339 pondenzen unsererseits hat er uns mit Schreiben vom 13. November
894 2291 2881 2448 1923 ermächtigt, über das Werk für Holland frei zu verfügen.
1020 2395 2828 2539 Wir bitten nun um Mitteilung, ob wir die Verhandlungen
884 2504 2990 2633 mit dem Verlag STRENCHOLT führen sollen. In diesem malle bitten
894 2611 2820 2715 wir um Mitteilung und Bestätigung, dass Sie Ihrerseits das
884 2694 2982 2849 Werk nicht nach Holland vergeben haben und lassen Sie uns bitte
886 2809 2953 2934 gleichzeitig Ihre Honoraransprüche wissen. Den Brief erbitten
889 2924 1687 3076 wir freundlichst zurück.
1202 3017 1794 3183 Wir begrüssen Sie
1957 3185 2897 3316 mit vorzüglicher Hochachtung
2128 3265 2659 3370 S. FISCHER, VERLAG
2165 3356 2619 3420 AKTiÈINGESELISCHAFT
2109 3402 2686 3506 AUSLANDSABTEILUNG
2435 3468 2713 3645 Daun
