3257 4104
2607 184 2715 320 G.F.P.
1409 341 2039 502 42 Novell
566 377 884 597 3d.
1042 387 2554 587 S. Fischer Verlag/Berlin W57 Buͤlowstraße 90
1475 571 2128 633 AKTIENGESELISCHAFT
809 666 2802 753 Bankkonto: Deutsche Bank. Depositenkasse P in Berlin / Postscheckkonto Berlin Nr. 16892
1242 740 2372 802 Fernsprechanschlüsse: Amt Lützow Nr. 6162 bis 6164
1240 784 2367 855 Telegramm-Adresse: Fischerverlag 6162 Berlinlützow
2354 771 2992 855 den 10. Januar 1930.
807 817 1017 894 Be/Ja
809 968 1014 1045 Herrn
1268 1035 2008 1140 Dr. Arthur Schnitzler,
2385 1132 2584 1199 XVIII.
2098 1122 2328 1204 Wien
2095 1165 2630 1252 Sternwartestr.71
814 1460 1980 1527 Sehr verehrter Herr Dr.Schnitzler
1219 1529 2802 1626 Mir ist in meinem letzten Brief noch ein kleiner
825 1642 2787 1724 Irrtum unterlaufen. Der Umfang des Buches wird nämlich auch
825 1739 2871 1852 noch zu gross, wenn wir "Die Toten schweigen" und „Der Mörder"
825 1844 2861 1929 mit in die Novellensammlung aufnehmen. Ich möchte deshalb vor¬
832 1941 2892 2036 schlagen, Ihr Einverständnis vorausgesetzt, entweder diese bei
955 2026 1173 2087 horenn
830 2044 2846 2164 den ### oder wenigstens eine von ihnen wegzulassen, ausser
830 2151 2879 2233 der Novelle „Die Fremde“ und das „Tagebuch der Redegonda“, die
840 2251 1632 2328 auch wegbleiben müssten.
1227 2326 2884 2418 Wie ich aus Ihrem Brief an Dr.Maril ersehe, neigen
840 2438 2856 2528 Sie nun auch zu dem Preis von RM 2.85, so sind wir also einer
830 2559 1104 2636 Meinung.
1224 2612 2835 2717 Nun wäre noch eine Frage zu diskutieren, die von
840 2741 2861 2833 grosser Wichtigkeit ist: halten Sie es für möglich, dass Zsol
832 2840 2866 2930 nay "Fräulein Else" für die billige Ausgabe freigibt? Der bil¬
832 2951 2802 3017 lige Band mit „Fräulein Else“, "Traumnovelle" und "Spiel im
835 3058 2792 3132 Morgengrauen" würde naturgemäss einen noch stärkeren Anreiz
835 3132 2853 3222 darstellen. Wäre es Ihnen möglich, Zsolnay einmal anzufragen?
832 3250 2840 3322 Wenn er einverstanden ist, könnten wir dann die weiteren Ver-
825 3350 2069 3427 handlungen ja vom Verlage aus führen.
1224 3450 1854 3547 Mit besten Grüssen
2121 3540 2766 3634 Ihr Ihnen ergebener
2195 3640 2712 3760 Bouwanny
548 3770 863 3867 12. 30 20000 V. S.
1972 3714 2090 3906 Monsieur
