3066 3880
1618 274 1725 361 P
1255 289 1372 398 me
1984 866 2462 1021 Lauberg, 28.II.1931.
1416 825 1733 1160 Peter
1887 1023 2092 1120 1040 a
1035 1116 1138 1231 Au
1078 1203 1709 1356 Den S. Fischer - Vertag
1802 1304 2046 1453 Berlin
1045 1449 2486 1598 Ich gestatte nur mich, mit dem folgenden, höflichen
950 1548 2490 1667 anliegen an den 1. Fischer Verlag zu wenden: Ich möchte
950 1632 2504 1749 das neue Werk von Arthur Schnittler Fraum und Schicksal
948 1709 2510 1822 ins Polnische übertragen und da ich die Adresse des schrift¬
932 1770 2460 1869 stetters nicht heimme, ersuche ich den 8. Fischer vertag,
938 1840 2494 1965 um gefällige Vermittlung und Stugabe unter welchen
938 1911 2488 2036 Beduigungen der Erwert der polnischen Rechte zu ha¬
940 1984 1229 2084 beu ware.
993 2038 2478 2155 Polersch ist meine Mutterspache, in der ich als Jour¬
930 2119 2500 2207 nalitin tätig hn. Deufel beherrsche ich vollkommen, und
942 2191 2480 2272 dem ich ein osterreichisches Eimmasium abszirrer und
920 2252 2496 2365 nachher einige Jahre in Deutschland zuweis habe. Ich wur¬
920 2323 2494 2425 de miel uns grossem vifer an die Arbeis nehmen und das
916 2387 2478 2500 werk würde er meiner Übersetzung eine würdige littera¬
920 2444 2137 2561 rische Form in poluischer Sprache schomen.
969 2510 2435 2609 Ich möchte noch den 1. Fischer vertag auf folgenden
914 2573 2490 2684 Umstand aufmerksam machen: zufolge der allgemeinen
896 2643 2444 2724 wirtschaftskreisis, herrschen hier auch auf dem Geliete des
900 2706 2490 2779 Büchermärktes verdienstschwäche Möglichkeiten. Aus diesem
896 2762 2480 2851 Grunde halten sich, dass alle Verlage aus weiteren Herausga¬
892 2817 2484 2928 ten zurück. Die Überhägung, und die ich nicht bemühe, ist
886 2883 2429 2986 auch einstweilen nicht zu anen Verlag, sondern für eine
884 2932 2462 3073 sehr seriöse Zeitung, für die ich arbeite, bestimmt. Der Chefne¬
880 3002 2409 3130 dacteur dieser Zeitting möchte gerne Schüttlers „Frauen
890 3047 2480 3214 und Schicksal" zu säglichen, velletristischen Abschnitt der
928 3527 1191 3610 Ioh komm
1977 3541 2074 3652 av.
2099 3525 2744 3654 Unsere Ausgabe des
