3064 4152
1298 360 1486 507 1012
758 436 2279 659 S. Fischer Verlag / Berlin W57 Bülowstrasse 90
1191 588 1835 707 AKTIENSESELISCHAFT
479 679 2512 791 Bankkonto: Deutsche Bank, Depositenkasse P in Berlin / Postscheckkonto Berlin Nr. 16692
953 745 2086 829 Fernsprechanschlüsse: Amt Lützow Nr. 6162 bis 6164
953 791 2096 905 Telegramm-Adresse: Fischerverlag 6162 Berlinlützow
340 806 532 1022 le
1465 826 2175 1070 Berlin, den 23. 2. 31
776 925 1029 1105 Ro./Re.
1052 1255 2413 1496 Herrn Dr. Arthur Schnitzler
1965 1409 2423 1541 W i e n XVIII
1800 1513 2365 1658 Sternwartestr. 71
1242 1665 2114 1820 Sehr verehrter Herr Doktor!
1252 1757 2644 1896 Wir geben Ihnen in der Anlage die gewünschte
1039 1889 2563 2018 Aufstellung der im Laufe des Jahres 1930 aus dem
1047 1975 2558 2132 Theatervertrieb an Sie geleisteten Zahlungen (in
1039 2089 1813 2236 doppelter Ausfertigung).
1240 2152 2679 2312 Im Dezember 1930 erhielten Sie keine Zahlung.
1060 2297 2687 2423 weil wir die sehr geringfügigen Eingänge im November
1055 2391 2664 2543 zusammen mit den Dezember-Eingängen Ihnen im Januar
1060 2510 1792 2649 1931 abgerechnet haben.
1861 2601 2766 2771 Mit vorzüglicher Hochachtung
1954 2707 2756 2877 3. Fischer / Verlag 4.-G.
1863 2811 2695 2984 ppa. Aoseebau Peinlau
1128 3394 1387 3592 Anlagen
