3055 4185
1000 441 1100 557 1 7bre
369 467 723 606 ÉDITIONS
264 586 1130 725 MELANTRICH S.A.
373 710 729 785 HUS OVA UL. 20.
371 766 725 876 Prague XVI.
371 849 840 966 TCHÉCOSL OVAQUIE
1738 448 1973 554 '   ̃
2271 450 2563 580 1-1.
1738 578 2486 738 Le 2. April I93.
1529 755 1659 853 Tit.
1631 825 2382 960 Paul Zsolnay Verlag G.m.b.H.
1798 945 1909 1024 Wien
1900 955 2073 1051 IV,
1808 1015 1909 1053 ambassa
1766 1019 2461 1122 Prinz Eugenstrasse Nr. 30.
740 1267 1277 1367 Sehr geehrte Herren,
1271 1335 2324 1431 wir erfahren aus einer Voranzeige des
744 1401 2320 1508 Neuen Wiener Tagblatt, dass dieses Blatt den neuesten Roman
1128 1501 2049 1616 Flucht in die Finsternis
1128 1533 1301 1597 lers —
774 1520 1137 1642 Arthur Schnitz
759 1627 2359 1736 fir einen Vorabdruck erworben hat. Auch uns interessiert der
766 1670 2382 1798 Roman Schnitzlers verlegerisch und wir bitten Sie uns sobald
763 1721 2318 1830 als möglich das Manuskript oder Korrekturbögen zur Lektüre
774 1772 2414 1896 einzusenden. Gleichzeitig wollen Sie uns Ihre Honorarforderung
774 1834 2382 1943 für den Vorabdruck wieauch für die Buchrechte bekanntgeben.
1311 1926 2320 2037 Da wir gerade auf der Suche nach einen
783 1966 2401 2105 qualitätsroman für eine von unserem Zeitungsverlag herausge¬
785 2032 2367 2150 gebenen Wochenschrift sind, ersuchen wir um recht schnelle
785 2081 2495 2196 Erledigung und Zusendung des angeforderten Material zur Prüfung.
785 2132 2423 2246 Jeder Missbrauch ist so gut wie ausgeschlossen und wenn wir uns
787 2190 2363 2307 zur Uebernahme der Verlagsrechte nicht entschliessen sollten,
787 2237 2499 2350 erhalten Sie das Manuskript, bezw. die Korrekturen in kürzester
787 2322 1474 2416 Frist unbeschädigt zurück.
1337 2378 2378 2497 Im voraus bestens dankend zeichnen wir
1533 2482 2286 2617 mit vorzüglicher Hochachtung
1806 2585 2228 2672 MELANTRICH, A.G.
1804 2649 2235 2751 Abt. Buchverlag.
