3101 4167
384 367 2689 662 31 S. FISCHER Verl'AG A.-G.  BERLIN W'57
1143 550 1893 650 Theaterabteilung
1446 641 2675 750 Telegramm=Adresse: Fischerverlag 6162 Berlinlützow
1876 693 2680 813 Postscheckkonto: Berlin Nr.
369 636 1249 802 Fernsprecher: Lützow Nr. 6162=6164
2543 745 2689 819 16692
372 756 1664 902 Bankkonto: Deutsche Bank, Depositenkasse P in Berlin
1254 813 1793 942 Bülowstraße 9G
1821 816 2500 968 Berlin, den 4.3.31.
945 859 1163 985 Ma/Hb.
888 1025 1091 1183 Herrn
1125 1131 1821 1280 Dr. Arthur Schnitzler,
1884 1180 2239 1286 Wien XVIII
1985 1263 2237 1332 ====  =========
1818 1297 2368 1412 sternwartestr.71
673 1483 1320 1632 Lieber Herr Doktor,
1309 1512 2721 1687 Wiesbaden möchte die deutsche Uraufführung
624 1658 2738 1833 des Gang zum Weiher" anlässlich der Mai-Festspiele veranstalten,
621 1753 2761 1919 aber nur unter der Bedingung, dass es die alleinige Uraufführung
641 1867 2815 2013 wird. Da die zweite Bühne, die sich bisher gemeldet hatte, Chemnitz,
641 1947 2695 2108 seit 26.2., wo Sie sich eine Reservierung von einigen Tagen er-
644 2073 2635 2239 bat, nichts von sich hat hören lassen, scheint das Angebot von
644 2159 2600 2325 wiesbaden akzeptabel. Ich bitte um telegraphischen Bescheid,
656 2274 2597 2428 ob Ihnen ein solcher Abschluss mit Wiesbaden erwünscht ist.
1438 2523 2062 2680 Mit besten Grüssen
1541 2638 2033 2778 Ihr ergebener
495 3611 727 3786 10.000. 3.30. V.
369 3749 673 3903 12.30.
