3107 4184
1330 500 1771 680 Uebersetzung
509 596 1333 770 An die Rundfunkdirektion
1885 611 2589 821 Rom, den 23. Febr. 1931
710 704 917 812 Rom
905 842 2843 983 Ich ermächtige hiermit Herrn Giordano Cecchini, die Dialo-
518 977 2706 1085 ge und Novellen, die von mir von den ausländischen Autoren Molnar,
518 1064 2781 1184 Lakatos und Schnitzler übersetzt sind, im Radio zu lesen oder vorzu-
515 1175 773 1300 tragen.
917 1231 2595 1396 Die dafür entfallenden Autorenhonorare sind an die
521 1354 2772 1492 Società Italiana Autori Editori zu zahlen auf Konto des unterfertig-
521 1465 1366 1624 ten Stefano Robk Richter.
1249 1537 2202 1699 Mit vorzüglicher Hochachtung
1279 1648 2421 1825 Unterschrift: Stefano Rokk Richter
2481 1822 2852 1984 der Sachen
524 1849 2457 1984 PS. Dieselbe Ermächtigung gilt auch für die Radiovorlesung
443 1930 2846 2127 von Molnar, Heyermans, Schnitzler, die ich übersetzt habe. Die Autoren-
515 2070 2733 2211 tantiemen gehen ebenfalls dorthin auf Konto des Herrn Rokk Richter.
1279 2184 2418 2322 Unterschrift: Stefano Rokk Richter
