3096 4168
1096 288 1282 439 1005
605 394 2175 553 RUDOLE LECHNER & SOHN
610 506 2177 630 VERLAGS- UND KOMMISSIONS-BUCHHANDLUNG/BARSORTIMENT
937 578 1867 684 WIEN, I., SEILERSTÄTTE NR. 5
1193 635 1602 704 Postsparkassen-Konti :
610 647 2197 774 Wien 30,303/Leipzig 92, G3I3/Prag 30.303/Budapest 12.272/Laibach 20.192/Warschau 190.193
945 704 2242 816 INTERURBANE TELEPHON-NUMMER 26-224- R 26.204.
945 769 1865 875 Telegramm-Adresse: LECHNERSOHN, WIEN
1972 878 2244 999 12 31.
1719 853 1944 1014 Februar
1366 898 1734 1034 WIEN, am...
625 940 987 1059 Gegründet 1816
627 1044 766 1141 P/I
1017 1238 1215 1317 Herrn
1022 1282 1724 1419 Dr. Artur Schnitzler,
1667 1357 1838 1443 WIEN.
2393 1451 2487 1575 5
1029 1555 1910 1686 Sehr verehrter Herr Doktor!
1039 1746 2552 1877 Wie uns der Verlag S. Fischer, Berlin mitteilt,
662 1833 2557 1954 waren Sie über die von uns versandte Karte, in der wir eine
667 1902 2567 2046 Sonderausgabe Ihrer Gesamten Novellen in einem Band von 700
670 1989 2569 2118 Seiten anzeigten, höchst ungehalten. Wir erlauben uns daher
675 2036 2602 2195 Sie heute wegen dieses uns sehr peinlichen Versehend freund-
670 2153 2577 2282 lichst um Entschuldigung zu bitten. Der Irrtum entstand in-
675 2230 2542 2336 folge eines Hörfehlers unserer Druckerei bei der telefoni-
680 2311 2668 2413 schen Übermittlung des Textes und ist uns selbst ausserordent-
680 2386 2666 2497 lich unangenehm. Wir haben infolgedessen heute ein Rundschrei=
2554 2428 2654 2505 B.
682 2465 2552 2579 ben an alle jene Sortimentsbuchhandlungen versandt, an die
694 2512 2644 2646 seinerzeit unsere Karte ging, in der wir unseren Fehler rich-
699 2616 2562 2730 tig stellten. Ein Exemplar dieses Rundschreibens legen wir
687 2691 2582 2800 hier zu Ihrer Einsichtnahme bei und hoffen, daß die Angele-
689 2797 1734 2912 genheit hierdurch bereinigt ist,
1079 2812 2574 2971 Wir begrüssen Sie mit dem Ausdruck unserer vor¬
699 2949 1079 3075 züglichsten
2091 2974 2480 3078 Hochachtung
2044 3055 2540 3147 BUDOLF LEGHNER & SOHN
2039 3112 2552 3209 Verlags- u. Kommissions-
2155 3169 2443 3264 Buchhandlung
1853 3152 2532 3326 Oskarl Lechner ppa
2540 3199 2800 3385 [illegible]
692 3341 985 3489 Beilage!
