3096 4168
1235 309 1459 443 1002
718 414 2196 594 S. Fischer/Verlag / A.=G. Berlin W 57
572 443 667 611 V
485 560 2440 674 Bankkonto: Deutsche Bank, Depositenkasse P in Berlin / Postscheckkonto; Berlin Nr. 1669a
899 643 2033 738 Fernsprechanschlüsse: Amt Lützow Nr. 6162 bis 6164
1286 701 1651 787 Bülowstraße 90
894 701 2664 916 Telegramm.Adresse: Fischerverlag 6162 Berlinlützow den 26.Januar 1931.
553 755 760 881 Be/Ja
555 920 765 1091 Herrn
959 1008 1683 1144 Dr. Arthur Schnitzler,
1909 1081 2362 1186 W. i e n. XVIII
1890 1115 2452 1269 Sternwartestr.71
570 1334 1778 1544 Sehr verehrter, lieber Herr Doktor!
969 1468 2420 1590 Ueber die Anzeige von "Lechner,Wien" bin ich
580 1585 2433 1717 höchst verwundert. Von uns hat Lechner derartige Angaben
575 1658 2396 1846 natürlich nicht bekommen. Er muss seine Karte auf Grund
2350 1770 2508 1834 ouvertre ses
1965 1770 2109 1829 mmeuble
584 1826 2440 1938 irgendwelcher Gerüchte, die ja im Buchhandel immer umher-
1020 1885 1105 1938 auch
587 1929 2126 2038 gehen, gemacht haben. Ich werde sofort monieren.
981 1953 2423 2135 Das Exemplar "Bernhardi" an Herrn Cappellini
587 2072 2384 2243 ist abgegangen, gleichfalls die drei Exemplare für Sie.
984 2174 2433 2289 Der Erscheinungstermin "Reigen" ist für Ende
592 2272 2433 2420 März vorgesehen, während die billige Ausgabe Anfang Märze
599 2369 2433 2554 erscheinen soll. Ich halte es für gut, wenn der „Reigen“
597 2447 2462 2637 erst etwas später erscheint, es ist propagandistisch bes-
597 2545 2503 2742 ser. Inzwischen hoffe ich Ihre Bestätigung über die Zusam-
597 2722 2011 2856 menstellung der Sonderausgabe zu erhalten.
991 2810 1734 2934 Mit herzlichen Grüssen
1768 2832 2408 2988 Ihr Ihnen ergebener
1890 3017 2462 3156 Bernianny,
297 3285 1327 3458 I Ist inzwischen geschehen.
248 3368 1400 3616 Der Band befindet sich im Druck.
