3087 4039
1421 238 1612 357 965
398 270 2737 482 30 4/7 S. FISCHER VerLAG A.-G. / BERLIN W 57
1328 427 2068 526 Theaterabteilung
1621 564 2853 671 Telegramm=Adresse: Fischerverlag 6162 Berlinlützow
546 474 1406 636 Fernsprecher: Lützow Nr. 6162=6164
2042 619 2853 726 Postscheckkonto: Berlin Nr. 16629
549 604 1833 735 Bankkonto: Deutsche Bank, Depositenkasse P in Berlin
1400 706 1972 828 Bülowstraße 90
1964 749 2617 886 Berlin, den 7.4.30.
880 781 1098 927 Ma/Hb.
851 985 1040 1150 Herrn
1069 1104 1766 1293 Dr. Arthur Schnitzler
1839 1174 2333 1293 W i e n. XVIII
1990 1258 2129 1380 -- — —
819 1415 1694 1589 Sehr geehrter Herr Doktor,
1682 1519 2757 1688 Sie erhalten morgen eine Gesamt-
598 1624 2821 1787 aufstellung der bisher von Barnowsky geschuldeten Tantiemenbeträge,
607 1775 2246 1935 auf die im ganzen noch ca 5000.- geschuldet sind.
1685 1850 2635 1996 In der ersten Klagesache Hat
607 1923 2748 2124 Barnowsky Berufung eingelegt. Die verhandlung vor dem Oberschieds-
604 2039 2737 2176 gericht findet in Kürze statt. In der zweiten Klagesache ist die
607 2170 2859 2301 Berufungsfürcht verstrichen, ohne dass Barnowsky Berufung eingelegt
601 2263 2890 2414 hat, wir haben daraufhin Vollstreckbarkeitserklärung beim Landgericht
604 2397 2768 2522 beantragt und werden nach Eingang dieser Erklärung sofort pfänden
598 2484 860 2641 lassen.
1322 2638 2112 2771 Mit ergebensten Grüssen
1615 2748 1749 2885 Ihr
1778 2931 2275 3114 Dienerw.
