3110 4185
1060 1099 1439 1216 Gesterreicher
1697 1132 2714 1188 STERBEN. Novelle. 1894. 12. Aufl. 1923. Geh. 2.50, geb. 3,50
476 1135 1122 1232 ARTHUR SCHNITZLES
1692 1181 2709 1237 DAS MÄRCHEN. Schauspiel. 1895. 4. Aufl. 1923. Geh. 2.—,
1723 1220 1870 1275 geb. 3.—
294 1218 1309 1285 GESAMMELTE WERKE in zwei Abteilungen. Mit dem Bild
1697 1251 2709 1325 ANATOL. Einakterzyklus. 1895. 30. Aufl. 1927. Geh. 2.—,
324 1275 1307 1329 des Dichters nach einer Zeichnung von Emma Löwenstamm.
1723 1312 1870 1363 geb. 3.—
371 1326 1309 1392 Erste Abteilung: Die erzählenden Schriften in vier
1692 1354 2698 1405 LIEBELEI. Schauspiel. 1896. 23. Aufl. 1925. Geh. 2.—, geb. 3.—
366 1371 1155 1434 Bänden. Halbleinen 26.—, Halbleder 40.—
1694 1397 2707 1450 FREIVILD. Schauspiel. 1898. 4. Aufl. 1922. Geh. 2.—, geb. 3.—
332 1422 1309 1472 1. Band: Novellen. Sterben. Blumen. Ein Abschied. Die
1692 1446 2709 1502 DAS VermÄCHTNIS. Schauspiel. 1898. 4. Aufl. 1923. Geh.
369 1469 1309 1514 Frau des Weisen. Der Ehrentag. Die Toten schweigen.
1727 1489 1955 1544 2.—, geb. 3.—
369 1509 1307 1558 Andreas Thameyers letzter Brief. Der blinde Geronimo
1688 1528 2707 1587 DIE FRAU DESWEISEN. Novelletten. 1898. 11. Aufl.I926.
372 1551 1309 1619 und sein Bruder. Leutnant Gustl. Die griechische
164 1521 287 1611 2xx
1723 1578 2053 1633 Geh. 3.—, geb. 4.—
368 1590 531 1647 Tänzerin.
1688 1620 2700 1680 DER GRÜNE KAKADU - PARACELSUS - DIEGEFÄHR
330 1642 1304 1697 2. Band: Novellen. Frau Berta Garlan. Das Schicksal des
1727 1662 2688 1717 TIN. Drei Einakter. 1899. 11. Aufl. 1922. Geh.2.—, geb.3.—
374 1684 1304 1730 Freiherrn von Leisenbohg. Die Fremde. Die Weissagung.
1688 1711 2707 1772 DER SCHLEIER DER BEATRICE. Schauspiel. 1901. 6. Aufl.
369 1725 1307 1769 Das neue Lied. Der Tod des Junggesellen. Der tote Ga¬
1723 1759 2149 1813 1922. Geh. 3.—, geb. 4.—
369 1764 1311 1811 briel. Das Tagebuch der Redegonda. Der Mörder. Die
369 1805 980 1870 dreifache Warnung. Die Hirtenflöte.
1683 1804 2700 1860 FRAU BERTA GARLAN. Novelle. 1901. 80. Aufl. 1925. Geh.
1718 1846 2080 1900 3.50, Ganzleinen 5.50
331 1849 809 1914 3. Band: Der Weg ins Freie.
1683 1897 2704 1963 LEUTNANT GUSTL. Novelle. 1901. 21. Aufl. 1919. Geh. 1.50,
327 1909 1307 1970 4. Band: Frau Beate und ihr Sohn. Dr. Gräsler, Badearzt.
1721 1939 1881 1997 geb. 2.50
368 1945 744 2009 Casanovas Heimfahrt.
1685 1973 2698 2044 LEBENDIGE STUNDEN. Vier Einakter. 1901. (Lebendige
374 1988 1304 2060 Zweite Abteilung: Die Theaterstücke in fünf Bän
1721 2032 2704 2085 Stunden. Die Frau mit dem Dolche. Die letzten Masken.
372 2044 1283 2103 den. Halbleinen 32.50, Ganzleinen 37.50; Halbleder 50.—
1718 2071 2488 2123 Literatur.) 12. Aufl. 1922. Geh. 2.—, geb. 3.—
327 2095 1309 2146 1. Band: Anatol. Das Märchen. Liebelei. Freiwild. Das
1685 2121 2702 2186 DER EINSAmE WEG. Schauspiel. 1904. 11. Aufl.I926. Geh.
373 2140 599 2198 Vermächtnis.
1712 2165 1944 2219 3.—, geb. 4.—
327 2176 1307 2238 2. Band: Paracelsus. Die Gefährtin. Der grüne Kakadu.
1681 2204 2691 2267 ZWISCHENSPIEL. Komödie. 1905. 6. Aufl. 1922. Geh. 2.—.
363 2230 1304 2284 Der Schleier der Beatrice. Lebendige Stunden. Die Frau
1711 2256 1846 2311 geb. 3.—
372 2270 1192 2323 mit dem Dolche. Die letzten Masken. Literatur.
1681 2297 2695 2358 DER RUT DES LEBENS. Schauspiel. 1906. 5. Aufl. 1922
327 2318 1300 2369 3. Band: Der einsame Weg. Zwischenspiel. Der Suppen-
1722 2341 2038 2397 Geh. 2.—, geb. 3.—
372 2374 1307 2414 spieler. Der tapfere Cassian. Zum großen Wurstel. Der
1676 2391 2695 2444 MARIONETTEN. Drei Einakter. 1906. (Der Suppenspieler.
372 2404 645 2462 Ruf des Lebens.
1712 2443 2700 2485 Der tapfere Cassian. Zum großen Wurstel.) 4. Aufl. 1922.
321 2458 1300 2505 4. Band: Komtesse Mizzi oder Der Familientag. Der junge
1711 2474 2025 2530 Geh. 2.—, geb. 3.—
363 2494 839 2553 Medardus. Das weite Land.
1681 2518 2691 2593 DÄMMERSEELEN. Novellen. 1907. 18. Aufl. 1922. Geb.—,
327 2536 1300 2601 5. Band: Professor Bernhardi. Komödie der Worte. Fink
1709 2567 1848 2616 geb. 3.—
366 2582 1300 2634 und Fliederbusch. Die Schwestern oder Casanova in Spa.
1679 2605 2698 2679 DER WEG INS FRÈIE. Roman. 1908. 45. Aufl. 1924. Geh.
285 2642 1300 2698 ERGÄNZUNGSSBÄ S nDE I, BAND IV UND REIHE II,
1694 2652 2325 2712 5.50, Ganzleinen 7.50. Halbleder 9.—
327 2686 1298 2727 BAND V (zur Komplettierung der früheren Ausgaben von
1676 2691 2695 2772 KOMTESSE Mizzi oder DERbringing. Komödie.
327 2726 1307 2786 Reihe I in drei Bänden und Reihe II in vier Bänten). Jeder
1704 2745 2390 2820 1909. 5. Aufl. 1922. Geh. 2.—, geb. 3.—
330 2765 1127 2812 Band geb. 6.50, Ganzleinen 8.—, Halbleder 10.—
2619 2838 2695 2904 55
2448 2960 2628 3061 1A3F5S
341 3723 660 3823 10. 29. 12000 V. S.
