2973 4167
16 181 175 303 P.S.
171 356 1926 504 RUDOLF LECHNER & SOHN
2206 372 2539 510 2. Feber 1931.
158 471 1929 566 VERLAGS- UND KOMMISSIONSDeUCHHANDLUNG
645 540 1455 635 WIEN I. SEILERSTÄTTE 5
303 609 1781 698 TELEPHON R-26-204 - TELEGRAMM-ADRESSE: LECHNERSOHN WIEN
520 803 1824 952 Sehr geehrter Herr Kollege
142 922 1044 1044 Bei unserem letzten Rundschreiben, betreffend
563 1050 1357 1225 Die neuen
905 1212 2064 1353 onderausgaben
135 1327 2512 1459 ist uns bedauerlicherweise insoferne ein unliebsames Versehen unterlaufen, als wir infolge eines telephonischen Hörfehlers von
142 1429 2512 1524 Schnitzler GESAMTE Novellen anzeigten, während es sich tatsächnich nur um eine AUSWA doidl von sieben Fovellens
142 1492 2288 1561 und einem Umfang von 448 Seiten handelt. Wir bitten, diesen uns sehr unangenehmen Irrtum zu entschuldigen.
145 1544 1297 1636 Gleichzeitig geben wir Ihnen die freudige Nachricht, daß die
1100 1597 1557 1692 RABATTSTAFFEL
128 1613 1692 1745 für alle vier Fischer-Sonderausgaben ab 1. Februar 1931 wie folgt erhöht wurde:
774 1719 968 1794 Einzeln
1541 1689 1880 1808 M 1.90 (33 1/3 %)
764 1732 1133 1860 ab 25 Exemplare.
1541 1785 1827 1864 „ 1.85 (35%)
770 1837 909 1916 „ 50
1547 1841 1827 1913 „ 1.80 (37%)
777 1887 919 1949 „ 100
1544 1890 1824 1972 „ 1.70 (40 %)
132 1890 2509 2041 Selbstverständlich liefern wir alle bisher eingelangten Bestellungen schon zu den neuen Staffelpreisen aus. Wir wiederholen,
135 1989 1472 2068 daß diese Preise auch für den gemischten Bezug der Sonderausgaben von
708 2058 1554 2127 SCHNITZLES, Novellen, Ln. M 2.85 ord.
701 2107 1923 2206 HAUPTMANN, Die Insel der großen Mutter, Ln. M 2.85 ord.
711 2166 1488 2232 MANN, Buddenbrooks, Ln. M 2.85 ord.
718 2209 1722 2295 WASSERMANN, Gänsemännchen, Ln. M 2.85 ord.
128 2269 2492 2394 gelten. Falls Sie noch nicht bestellt haben sollten, bitten wir, sich zur Aufgabe Ihrer Bestellung des anhängenden Bestell¬
125 2321 747 2420 zettels freundlichst zu bedienen.
1844 2364 2209 2476 Hochachtungsvoll
1557 2433 2506 2565 Rudolf Lechner & Sohn
0 2529 2641 2641 ̃ ̃
682 2608 849 2720 Herren
961 2647 1653 2812 Rudolf Lechner & Sohn
1867 2706 2081 2835 Wien I.
579 2809 2074 2891 Senden Sie mir get. direkt per Kreuzband in Postpaketen durch Hirsch-Post
524 2874 2078 2937 zu Lasten meines Monatskontos — zahlbar nach Empfang mittels Erlagscheines gegen
524 2911 1623 2990 Nachnahme — bar — durch meinen Kommissionär
1969 2937 2074 2990 .../.
658 2960 1561 3029 Schnitzler, Novellen, S.-A., Ln. M 2.85 ord.
2183 2970 2282 3125 11.
652 3013 1999 3105 Hauptmann, Die Insel der großen Mutter, S.-A., Ln. M 2.85 ord.
543 3082 1564 3141 Mann, Buddenbrooks, S.-A., Ln. M 2.85 ord.
530 3125 1617 3204 Wassermann, Gänsemännchen, Ln., M 2.85 ord.
1047 3187 1547 3289 RABATSTAFFEL
738 3246 925 3322 Einzeln
1498 3233 1847 3335 M 1.90 (33⅛ %
744 3276 1119 3385 ab 25 Exemplare
1508 3316 1791 3391 „ 1.85 (35%)
1511 3358 1798 3431 „ 1.80 (37 %)
744 3355 955 3487 „ 100
1508 3408 1801 3477 „ 1.70 (40 %)
747 3454 1044 3566 Ort und Datum:
1508 3434 1906 3576 Firma: (nicht vergessen!)
1001 3539 1162 3622 ...
