3138 4007
1275 276 1497 425 1066
1624 347 1895 442 peut
762 344 2384 579 1 S. Fischer Verlag / Berlin W 57 Bülowstratze 90
1326 503 1956 562 AKTIEN GESELESCHAFT
657 586 2621 706 Bankkonto: Deutsche Bank, Depositenkasse P in Berlin / Postscheckkonto Berlin Nr. 16692
1089 655 2203 757 Fernsprechanschlüsse: Amt Lützow Nr. 6162 bis 6164
1094 706 2206 828 Telegramm-Adresse: Fischerverlag 6162 Berlinlützow
2059 772 2916 935 Berlin, 30. September 1931.
1026 1038 1895 1158 Herrn Dr.Arthur Schnitzler
1023 1133 1573 1204 Sternwartestr.71
1019 1180 1509 1314 W i e n XVIII
1028 1356 1939 1500 Sehr verehrter Herr Doktor!
1028 1458 2772 1614 Wir hatten wirklich keine böse Absicht, als wir Ihnen
1036 1583 2799 1688 den Namen der spanischen Firma die sich für „Casanovas
1036 1644 2775 1839 Heimfahrt "interessiert,n i oht schrieben.Es ist
1043 1763 2745 1956 die Firma Apolo in Barcelona. Viel zahlen werden die
1041 1869 2719 2081 Leute wohl allerdings nicht wollen. Wir bemühen uns
1053 1998 2755 2152 augenblicklich nach mehreren Seiten für eine Pazie-
1043 2118 2770 2296 rung von "Flucht in die "insternis" und hoffen, Ihnen
1055 2269 2635 2421 bald einen neuen Abschluss melden zu können. Die
1053 2364 2753 2518 Zahlung des englischen Verlages dürfte in den näch-
1050 2508 1751 2682 sten Tagen eingehen.
1817 2565 2577 2704 Mit herzlichen Grüssen
1895 2670 2521 2780 Ihr sehr ergebener
1915 2777 2425 2880 S. FISCHER, VERLAG
1947 2850 2228 2919 AKTRENGESEL
1930 2902 2020 2973 usu
1890 2889 2447 3085 DeZeimann
550 3608 752 3766 4.0000 V. S.
