3096 4168
1249 949 1424 1171 96
478 1136 2717 1273 S. FISCHER.VERLAG A.-G.’ THEATERABTEILUNG
1258 1229 1940 1296 BERcelIN W 57, BÜLowSTR. 90
577 1279 2618 1430 Bankkonto. Deutsche Bank, Depositenkasse P in Berlin. Poststreckkonto: Berlin Nr. 1662 - Fernsprechanschlisse: Amt Lützow Nr 6162 bis 6164
1966 1410 2668 1611 Berlin, den 5.1.1931
501 1436 1640 1605 Herrn Dr. Arthur Schnitzler, Wien
504 1561 594 1643 L.
769 1681 1625 1838 Sehr geehrter Herr Doktor,
1398 1814 2618 1940 wie wir aus “ Der Deutsche Rundfunk”
507 1911 2793 2039 entnehmen, wurde am 24.12.30 in Rom " Weihnachtseinkäufe" gesendet,
501 2056 2837 2147 und wir fragen Sie hierdurch an, ob Sie den Abschluss selbst getätigt
501 2155 711 2251 haben.
1232 2304 2205 2432 Mit vorzüglicher Hochachtung
2112 2493 2228 2712 de
294 3597 600 3804 12. 30 20000 V.S.
