3100 4089
860 321 2055 534 985 Reisestaner
612 648 2057 827 S. FISCHER :» VERLAG A.G. :: BERLIN W. 57
2213 676 2314 894 2
127 824 1187 977 Dr. A. Schnitzler 21.0xt. 30
407 1044 2490 1259 sehr schöne und sehr billige Ausgabe gemacht. Es ist sehr merk-
412 1179 2412 1337 würdig, dass dieses Buch, das ich sehr schätze, es zu keinem
415 1306 2480 1436 nennenswerten Erfolg bringen kann. Ist es Ihnen lieber, dass
420 1397 2451 1550 wir anstatt der Novellen, "Therese" bringen, so liesse sich
425 1506 2454 1651 darüber sprechen; ich habe aber fast den Eindruck, dass es in
420 1588 2374 1767 jeder Hinsicht richtiger wäre, das Novellenbuch zu bringen.
1402 1762 2182 1897 Mit herzlichen Grüssen
1653 1861 1982 1998 Herr
1708 1964 2226 2169 Hfischer
