3020 4183
1031 279 1182 461 13
541 538 2236 726 S. FISCHER VERLAG A.-G. BERLIN W 57
1005 656 1754 754 Theaterabteilung
372 764 2377 851 Fernsprecher: Lützow Nr. 6162—6164 Telegramm=Adresse: Fischerverlag 6162 Berlinlützów
367 831 2389 943 Bankkonto: Deutsche Bank, Depositenkasse P in Berlin / Postscheckkonto; Berlin Nr. 16892
1087 897 1643 1026 Bülowstraße 90
2246 946 2502 1136 3 50
715 1038 1725 1138 Herrn A. Schnitzler, Wien VIII,
490 1169 2123 1295 sodass man vorher doch nicht wird pfänden können.
477 1313 2359 1438 Wir lassen aber die Fristen weiterlaufen und klagen auch
482 1397 2315 1520 den seither fälligen Betrag von ca 3200.- ein, um auch
477 1487 2230 1615 für diesen Betrag einen Vollstreckungstitel zu haben.
477 1613 2271 1731 Wir wollen einen Vergleich mit Barnowsky formell nicht
477 1723 2392 1828 schliessen, sondern werden die Sache ruhen lassen, solange
485 1813 2338 1977 er seine Zahlungen einhält und wenn nicht versuchen, aus
482 1920 1223 2069 dem Urteil zu pfänden.
897 2033 2430 2166 Wie Sie sehen, habe ich alle Zwangsmittel die
472 2092 2505 2246 zur Verfügung stehen, angewandt. Es gibt leider keine anderen
485 2228 2251 2361 Gewaltmassnahmen, die man treffen könnte. Es sei denn
464 2315 2523 2443 ein Boykott durch die Verleger gegen Barnowsky oder Ausschluss
472 2438 2354 2553 aus dem Bühnenverein. Ich kann mir aber nicht gut denken,
469 2518 2423 2638 dass diese Gewaltmassnahmen angesichts der mangelnden Soli-
469 2607 2254 2789 darität der Beteiligten zur Ausführung kommen könnten.
1374 2730 2159 2900 Mit ergebensten Grüssen
1651 2828 1756 2910 Ihr
1854 2900 2151 3120 men
262 3558 472 3720 0000. fl. 90. v.
