3088 4215
1055 327 1220 472 977
745 394 2256 615 S. Fischer Verlag / Berlin W57 Bülowstratze 90
1187 545 1827 677 AKTIENSESELESCHAFT
507 656 2507 742 Bankkonto: Deutsche Bank, Depositenkasse P in Berlin / Postscheckkonto Berlin Nr. 16692
950 721 2081 796 Fernsprechanschlüsse: Amt Lützow Nr. 6162 bis 61 64
461 715 653 829 F/
950 704 2653 869 Telegramm-Adresse: Fischerverlag 6162 Berlinlützow den 28. Juni 1930
421 793 1204 953 Hofftbei sei xxxmeh
1546 823 2162 963 Joh bai eidgsaaske
545 896 753 1009 Herrn
1905 904 2324 1066 Jedoch gegen:
1069 980 1668 1125 Benjamin Harz
2143 1015 2580 1155 Berlin XV. 87
2515 1139 2604 1201 --
2054 1171 2696 1303 Eyke von Repkowpl.5
739 1120 1344 1274 gne Hovegnstosffos
548 1244 1360 1379 Sehr geehrter Herr Harz!
1077 1336 2531 1474 Unter der Voraussetzung, dass Herr Dr.Arthur
551 1417 2480 1587 Schnitzler mit der hier getroffenen Vereinbarung wegen des
1236 1538 1533 1687 „Reigen“
553 1627 2567 1781 einverstanden ist, bestätigen wir Ihnen hiermit das Folgende:
804 1743 2699 1878 Sie verpflichten sich, die Gesamtvorräte vom "Reigen" von
548 1857 2666 1959 Arthur Schnitzler bis 31. Dezember ds. Js. restlos zu räumen, sodass
540 1954 2693 2067 nach diesem Zeitpunkt keine weiteren Exemplare von Ihnen verkauft
545 2048 1425 2183 werden können oder dürfen.
799 2162 2653 2280 Den Ladenpreis des gebundenen Exemplars dürfen Sie nicht
537 2253 2615 2388 unter 3.— RM festsetzen. Auf diesen Preis dürfen Sie einen hö-
537 2361 2666 2488 heren Rabatt als 50% nicht gewähren. Der Vertrieb darf nur durch
537 2456 2707 2583 Reisende oder briefliches Angebot gemacht werden. Anzeigen im Bör-
537 2561 2639 2715 senblatt oder in ähnlichen Buchhändlerblättern sind ausgeschlos-
532 2688 683 2796 sen.
2278 2688 2415 2788 über
791 2720 2653 2871 Die Verlagsrechte am „Reigen“ übangehen auf uns, und wir
534 2815 2588 2942 behalten uns vor, frühestens im Januar 1931 eine Neuausgabe zu
540 2928 2588 3044 veranstalten. Das Buch darf aber vor Januar 1931 von uns nicht
532 3023 1112 3141 angezeigt werden.
788 3041 2634 3244 Als Abfindung für diese Vereinbarung erhalten Sie einen
518 3244 2656 3355 Betrag von 1000.- (eintausend) RM. Der Betrag ist fällig, sobald
515 3330 2685 3433 die Unterschrift des Herrn Arthur Schnitzler bei uns eingetroffen
