3096 4168
1206 279 1449 430 999
1797 260 2033 427 Du
1510 263 1745 438 Mon
811 332 2318 556 S. Fischer Verlag/Berlin W57 Bülowstratze 90
1247 496 1891 625 AKTIEN GESELISCHAFT
567 578 2554 671 Bankkonto: Deutsche Bank, Depositenkasse P in Berlin / Postscheckkonto Berlin Nr. 16692
1011 660 2134 740 Fernsprechanschlüsse: Amt Lützow Nr. 6162 bis 6164
1008 699 2759 847 Telegramm-Adresse: Fischerverlag 6162 Berlinlützow den 19.Januar 1931.
551 707 767 849 Be/Ja
556 869 759 975 Herrn
1063 959 1756 1085 Dr. Arthur Schnitzler,
2250 981 2529 1137 XVIII
2060 981 2206 1156 W 1
2088 1074 2644 1208 Sternwartestr.71
567 1260 1707 1422 Sehr geehrter Herr Dr. Schnitzler!
962 1400 2581 1529 Die letzte Auswahl, die Sie uns vorschlagen, wird
581 1491 2611 1644 sich leider nicht durchführen lassen, Die Rechte von „Frau des
573 1592 2636 1729 Richtærsz gehören ja, wie Sie wissen, gar nicht uns, sondern Ull-
578 1682 2556 1808 stein, und es wäre, abgesehen von der Frage, ob Ullstein die
575 1786 2633 1907 Novelle überhaupt freigibt, ziemlich zeitraubend, mit ihm darü-
578 1902 2647 2006 ber zu verhandeln./Ausserdem aber scheint uns die Zusammenstel-
581 1973 2567 2113 lung zuviel kleine Novellen zu enthalten, was von vornherein
1414 2082 1551 2143 (
589 2088 2559 2197 ein Nachteil wäre, gemessen an dem Zweck dieser Ausgabe, der
584 2187 2614 2296 auf das ganz grosse Publikum abgestellt ist, das kleine Novel-
581 2299 2641 2422 len nun einmal nicht liebt. Da wir in diesem Fall den propagan-
581 2392 2666 2529 distischen Zweck in den Vordergrund stellen, müssen wir auf die-
581 2502 2625 2600 se Einstellung des Publikums unbedingt Rücksicht nehmen, sonst
589 2587 2625 2702 würden wir die Erfolgsmöglichkeiten der Ausgabe von vornherein
592 2702 2636 2808 schädigen. Wir haben alle Möglichkeiten sehr eingehend durchge-
589 2781 2663 2913 prüft und sind schliesslich zu den beiden Zusammenstellungen ge-
592 2896 2622 3017 langt, die ich Ihnen auf beiliegendem Zettel mitteile. Es wäre
589 2984 2639 3126 zur Not noch möglich, "Leisenbogh" in den Vorschlag I hereinzu-
589 3088 2622 3198 nehmen, wenn Sie das für notwendig erachten sollten. Ich hoffe
595 3178 2661 3304 sehr, dass Sie sich mit einem der beiden Vorschläge einverstan-
589 3266 2680 3406 den erklären und mit uns der Ansicht sind, dass diese beiden Zu-
589 3381 2587 3540 sammenstellungen für den besonderen Zweck am günstigsten erso
381 3485 2584 3661 T Ausserdem stört die inhaltliche Schulichkeit mit dem Brau
403 3573 2578 3737 20.000 v. 8. „ Die Erwachenden, der frl. Ilse, fran des Richters und
1192 3680 1817 3814 novelle enthält.
