3100 4089
952 237 1915 406 95 Royer Schömer
671 340 2180 548 S. Fischer Verlag / Berlin W57 Bülowstratze 90
1100 476 1759 612 AKTIEGESESLLSCHAFT
437 568 2425 696 Bankkonto: Deutsche Bank, Depositenkasse P in Berlin / Postscheckkonto Berlin Nr. 16692
877 635 2004 710 Fernsprechanschlüsse: Amt Lützow Nr. 6162 bis 6164
849 693 2007 810 Telegramm-Adresse: Fischerverlag 6162 Berlinlützow
1893 757 2464 913 28. Oktober 1930
468 838 660 966 F/si.
830 1002 2085 1233 Herrn Dr. Arthur Schnitzler
2311 1164 2536 1289 Wien
507 1325 1008 1484 Lieber Freund,
685 1364 2689 1556 vielen Dank für Ihren Brief und für die soeben eingetroffene
529 1503 2558 1648 Einleitung von SCHINNERER. Ich lasse zunächst das Manuskript
529 1631 2645 1759 ins Deutsche übersetzen und ich denke diese Arbeit wird als eine
532 1731 2555 1876 gute Grundlage für eine eventuelle Bearbeitung der Einleitung
534 1834 2684 1982 dienen. Jedenfalls hoffe ich Ihnen bald die Uebersetzung zusenden
529 1954 891 2105 zu können.
660 2024 2725 2166 Den " Reigen " können wir Ende Januar herausbringen, wenn es
540 2143 2725 2272 sein muss auch etwas früher. Vor 1. Januar dürfen wir laut Verein-
540 2246 2266 2375 barung mit HARZ den "Reigen" nicht veröffentlichen.
668 2361 2764 2491 Ich glaube wir werden am besten einen Sammelband Ihrer Novellen
546 2486 2731 2608 bringen. Wenn wir einen Roman bringen wollen, dann käme in erster
537 2539 2703 2711 Linie " Therese " in Frage. Das wäre aber nicht zweckmässig, weil
548 2684 2784 2789 wir damit die Ausgabe zum jetzigen Preis von N 5,50 (für das gehef-
546 2778 2717 2940 tete Exemplar) ungangbar machen. Ich habe diese Erfahrungen bei
551 2884 2731 3004 den „Buddenbrooksw und beim „Gänsemännchen“ machen müssen und rate
557 2970 2767 3090 daher zu einem Novellenband, dessen Auswahl so gewählt sein müsste,
557 3087 2739 3207 dass er keinen selbständigen Band ungangbar macht. Ich werde Ihnen
551 3171 2770 3329 nächstens Vorschläge für die Auswahl machen. Wir müssen die besten
543 3279 2767 3443 Novellen heraussuchen, denn der Auswahlband soll ja in erster Linie
548 3393 1356 3558 propagandistisch wirken.
2113 3405 2795 3549 Besprechungen
724 3471 2647 3658 Wenn Sie mir gelegentlich die ausländischen Zeitungen über
454 3641 579 3739 000 V. S.
