3113 4071
630 273 734 380 1
1229 262 1724 420 in a 1
935 504 2371 711 S. FISCHER VERLAG A.G. :  BERene W 57
501 665 1655 809 Dr. A. Schnitzler, Wien 7/7. 31
2584 616 2696 771 2.
627 763 2797 909 Ihnen geschrieben, dass wir vom „Reigen, 4000 Exemplare gedruckt
630 915 2823 1019 haben, dass wir aber diese 4 Auflagen auf der Rückseite des Titels
622 1016 2783 1137 nicht angezeigt haben, weil es propagandistisch nicht gut klingt,
639 1116 2685 1237 zu 100 Auflagen, nur 4 neue anzuzeigen. Ich habe mich erboten,
639 1229 2924 1338 wenn sie es wünschen, neue Titelblätter zu drucken, die die Auflagen-
630 1329 2797 1427 zahl 101. - 104. Auflage tragen sollen. Das ist nun geschehen; in
636 1410 2785 1554 wenigen Tagen werden die Buchbinderarbeiten erledigt sein, sodass
633 1537 2947 1657 andere Exemplare als die mit den neuen Titelblättern versehenen, nicht
633 1611 2688 1790 in den Handel kommen. Im Ganzen haben wir bisher 300 Exemplare
639 1718 947 1870 verkauft.
734 1821 2814 1957 Von „Traum und Schicksal", drucken wir die 31.-50. Auflage. Sie
2394 1916 2478 1965 renmme
633 1934 2774 2063 bekommen die Aufstellung darüber, inklusive der Theaterabrechnung
2760 1954 2903 2086 comme
622 2046 2869 2161 in einigen Tagen. - „Traum und Schicksal, geht zwar nicht stürmisch,
627 2124 2814 2262 aber wir setzen doch regelmässig täglich 50 - 100 Exemplare ab und
627 2239 2849 2377 der jetzige Neudruck wird sicher nicht der letzte sein. Es war doch
627 2354 2193 2483 gut, dass wir das Buch zu dem Preis von 2,85 M
2184 2345 2866 2472 herausgebracht haben.
1879 2414 2014 2472 ^w& s
627 2449 2932 2590 Is ist damit ein fortwirkendes Buch geschaffen, das für einen billigen
622 2535 2777 2679 Preis leicht zugänglich ist und die wirksamste Propaganda für Ihr
622 2644 2863 2783 Werk darstellt. Das Honorar ist zwar minimal, aber der billige Preis
622 2762 2751 2883 des Buches war eben nicht anders zu schaffen. Ich hoffe, es wird
622 2826 2210 2975 möglich sein, das Honorar noch etwas zu erhöhen.
783 2964 2616 3082 "Flucht in die Finsternis, werden wir zu demselben Satz
613 3042 2739 3180 honorieren wie die „Traumnovelle.; 25 % vom Ladenpreis des bro-
610 3157 2820 3286 schierten Exemplars gerechnet. Wir wollen zunächst 20 000 Exemplare
622 3246 2711 3378 drucken und davon 15 000 voraushonorieren. Die Auflagenhöhe ist
613 3341 2854 3519 unter den gegenwärtigen Verhältnissen sehr schwer vorauszubestimmen.
1548 3436 2196 3614 Mit besten Grüssen,
1790 3542 1997 3637 Thr
1758 3608 2265 3775 fischer
