3085 4104
1179 299 2258 498 1052 Quintz. (Seite)
796 458 2387 608 S. Fischer Verlag / Bertin W 67 Bülowstratze 90
1310 545 1949 616 AKTIEN GESELISCHAFT
561 440 734 700 17
639 621 2623 781 Bankkonto: Deutsche Bank, Depositenkasse P in Berlin/Postscheckkonto Berlin Nr. 16692
1079 710 2198 789 Fernsprechanschlüsse: Amt Lützow Nr. 6162 bis 6164
1077 755 2198 899 Telegramm-Adresse: Pischerverlag 6162 Berlinlützow
2099 812 2822 948 Berlin, 4. August 1931.
718 1106 1598 1250 Herrn Dr.Arthur Schnitzler
718 1229 1402 1323 Sternwartestrasse 71
720 1294 975 1402 Wien
720 1522 1603 1672 Sehr geehrter Herr Doktor!
731 1572 2796 1768 Wir senden ihnen gleichzeitig ein Schreiben von O.Pesoellini,
749 1693 2701 1892 Genlofte, Dänemark, bezüglich der "griechischen Tänzerin" nach
749 1779 2699 2004 unseren Eintragungen hat Frau Schierning im Jahre 1927 die
757 1900 2772 2109 Autorisation erhalten, wir wissen jedoch nicht,ob ein Abdruck
765 2015 2869 2198 erfolgt ist. Falls wir das Schreiben beantworten können, erbitten
762 2138 2376 2332 wir Ihre Nachricht und entsprechende Direktiven.
1685 2282 2623 2455 In vorzüglicher Hochachtung
1871 2418 2389 2528 S. FISCHER, VERLAG
1920 2481 2350 2565 AKTiEGESELLSCHAFT
1847 2520 2416 2636 AUSLANDSABTEILUNG
2261 2583 2431 2720 Sir
765 2722 2748 2890 Wir senden ihnen gleichzeitig noch ein Schreiben von Gisela
770 2720 893 2837 P. S.
776 2790 2866 2937 Nadler, Lemberg, deren erstes Schreiben wir ihnen am 6.Juli über-
773 2853 2819 2997 sandt hatten. Falle wir der Dame antworten sollen, erbitten wir
773 2953 1761 3068 eine entsprechende Nachricht.
