3054 4151
1216 367 1387 525 etc. 986
1676 479 2637 635 S. FISCHER VerLAG den 4. 11. 30.
2554 605 2635 645 ..........
1673 610 2308 685 BERene W 57. BÜLowSTR. 90
246 503 964 688 DIE NEUE RUNDSCHAU
1673 653 2161 760 FERNSPR. LÜTZÖW 6162–64
442 656 798 750 plusieurs et des
490 723 790 878 May./Sa.
1234 715 1561 951 G.C.
565 1106 1995 1226 An Herrn Dr. Arthur Schnitzler,
1291 1309 1896 1489 Wien XVIII.
1427 1499 2123 1644 Sternwartstrasse 71.
752 1880 1890 2040 Verehrter lieber Herr v. Schnitzler!
1175 2013 2656 2182 Zu meiner grossen Freude teilte mir Herr Fi-
578 2134 2702 2308 scher mit, dass Sie uns Ihre neue Novelle für die Neue Rundschau
578 2265 2659 2396 zur Verfügung stellen. Ich möchte die Arbeit gerne in unser Ja-
586 2370 2680 2485 nuarheft nehmen, das aber bereits am 1. Dezember abgeschlossen
592 2493 2747 2653 wird. Ich wäre Ihnen deshalb sehr dankbar, wenn Sie mir bis dahin
592 2600 1874 2758 das Manuskript zugehen lassen könnten.
1216 2675 2624 2819 Gleichzeitig möchte ich Sie um die Freund-
592 2793 2712 2945 lichkeit bitten, mir schon in den Titel der Arbeit zu nennen. (Ich
586 2964 2155 3093 brauche ihn für Voranmerkungen und Prospekte.)
1250 3036 2287 3192 Mit herzlich ergebenen Grüssen
1620 3165 1719 3296 Ihr
1791 3184 1917 3358 zur
