3096 4168
2356 405 2474 530 P.S.
2555 416 2657 548 G.C.P.
255 426 484 571 V. P.
660 428 2254 615 S. FISCHER VERLÄG À.G. ̃:‘BERLIN W 57
2318 592 2568 671 Pour Votre très-hier.
2338 627 2616 719 G.C.H.F.P.M.
1377 635 1629 778 Blatt 2
551 864 2542 1005 Der Hauptwert liegt auf den umfangreicheren Novellen. Ob nun
541 987 2591 1127 Dr.Gräsler" oder „Frau Beate“ hereinkommen sollen, überlassen
546 1084 1122 1196 wir Ihrem Urteil.
936 1155 2555 1298 Der Titel scheint auch Herrn Fischer gut zu sein.
931 1288 2547 1369 Die Entwürfe für Einband und Schutzumschlag hoffe
536 1387 2524 1487 ich Ihnen in den nächsten Tagen schon zeigen zu können. Darf
541 1492 2507 1584 ich um recht baldige Nachricht bitten, da wir beabsichtigen,
543 1571 2315 1708 das Buch mit möglichster Beschleunigung herauszugeben.
923 1652 1739 1808 Mit herzlichsten Grüssen
1803 1772 2438 1879 Ihr Ihnen ergebener
1874 1877 2400 2068 Bermenncy
510 2741 994 2882 1 Aufstellung
