3049 4071
1215 270 1719 407 1
1207 342 1798 520 1049 Reis
932 423 2431 660 S. Fischer Verlag / Berlin W57 Bülowftratze 90
1364 585 1997 658 AKTIENGESELISCHAFT
685 693 2679 817 Bankkonto: Deutsche Bank, Depositenkasse P in Berlin / Postscheckkonto Berlin Nr. 16692
1116 760 2237 838 Fernsprechanschlüsse: Amt Lützow Nr. 6162 bis 6164
1116 811 2237 935 Telegramm-Adresse: Fischerverlag 6162 Berlinlützow
1493 868 1717 1035 Kant
2040 932 2514 1075 7. Juli 1931
493 954 679 1083 F/Si.
881 1100 2124 1312 Herrn Dr. Arthur Schnitzler
2369 1210 2738 1329 Wien XVIII
2210 1294 2800 1426 Sternwartestr. 71
779 1412 1307 1628 Lieber Freund!
889 1604 2762 1717 In der Angelegenheit HARZ bitte ich Sie, die Vereinbarung
768 1695 2762 1814 vom 28. Juni v. J., die Sie mit meiner Unterschrift in Händen
2099 1765 2234 1830 (Harr-
755 1800 2746 1922 haben, nachzulesen. Dort heisst es: „ Sie verpflichten sich,
757 1903 2673 2013 die Gesamtvorräte vom „Reigen„ von Arthur Schnitzler bis
760 2013 2760 2110 zum 31. Dezember ds. J. restlos zu räumen, sodass nach diesem
757 2107 2730 2229 Zeitpunkt keine weiteren Exemplare von Ihnen verkauft werden
752 2210 1445 2347 können oder dürfen „
943 2307 2603 2436 Demnach mussten die Gesamtvorräte vom „Reigen„ bis
757 2420 2700 2523 31. Dezember v. J. bei HARZ restlos geräumt sein, sodass er
749 2533 2762 2649 nach diesem Zeitpunkt keine weiteren Exemplare verkaufen kann.
763 2606 2816 2749 oder darf. Die Sache wird sich wahrscheinlich nun so verhalten,
760 2722 2908 2851 dass HARZ zwar nach dem 31. Dezember keine Exemplare mehr verkauft
755 2784 2668 2938 hat, dass aber die Buchhändler, die von HARZ Exemplare des
760 2911 2827 3043 „Reigen, gekauft hatten, diese Exemplare noch nicht ausverkaft
757 2991 2727 3142 haben. Aus dem weiteren Inhalt des Briefes vom 28. Juni 1930
755 3072 2859 3250 geht hervor, welche Einschränkungen im Interesse unserer Ausgabe
760 3218 2927 3347 vereinbart wurden. Fifft meine Annahme zu, so haben wir damit zu
755 3336 2827 3452 rechnen, dass die alte Ausgabe des „Reigen, noch eine Weile auf
755 3415 2827 3539 dem Markt bleibt, bis die Vorräte des Sortiments verkauft sind.
911 3530 2741 3657 Ich komme bei dieser Gelegenheit auf unsere Ausgabe des
854 3622 2770 3776 Reigen, zurück. In meinem Brief von 18. Mai ds. J. habe ich
531 3681 706 3827 3.8.000
