3104 4040
1292 299 1497 457 055
526 368 674 571 r
865 393 2374 588 S. Fischer Verlag / Berlin W57 Bülowstratze 90
1279 526 1941 662 AKTIENSESELISCHAFT
618 635 2603 739 Bankkonto; Deutsche Bank, Depositenkasse P in Berlin / Postscheckkonto Berlin Nr. 16692
1055 694 2188 778 Fernsprechanschlüsse: Amt Lützow Nr. 6162 bis 6164
1047 756 2193 865 Telegramm-Adresse: Fischerverlag 6162 Berlinlützow
1638 825 2317 966 Berlin, den 26. 8. 31
889 855 1134 1013 Ro./Re.
1294 1168 2470 1331 Herrn Dr. Arthur Schnitzler
1907 1282 2388 1428 W i e n XVIII
1833 1393 2388 1546 Sternwartestr. 71
1299 1519 2164 1685 Sehr verehrter Herr Doktor!
1465 1635 2601 1769 Wir überreichen Ihnen mitfolgend die
1131 1741 2668 1894 Theaterabrechnung für Juli in Höhe von Rm. 254.15
1126 1848 2591 1974 und möchten vorsichtshalber bei Ihnen anfragen,
1126 1974 2645 2072 ob der Betrag, wie bisher, auf Ihr Konto bei der
1119 2035 2789 2176 Bank für auswärtigen Handel, Berlin V.56. Markgrafen-
1126 2171 2112 2295 str. 41 überwiesen werden soll.
1899 2280 2789 2435 Mit vorzüglicher Hochachtung
1988 2406 2786 2539 S. Fischer / Verlag A.-G.
1882 2500 2707 2692 ppa. Novembrar Kabelak
1134 3075 1410 3213 1 Anlage
598 3651 687 3824 V.S.
