3097 4152
1383 199 1544 399 992
806 361 2323 541 S. Fischer Verlag / Berlin W57 Bülowstratze 90
1243 500 1888 634 AKTIENSESELISCHAFT
585 596 2566 719 Bankkonto: Deutsche Bank, Depositenkasse P in Berlin / Postscheckkonto Berlin Nr. 16692
1011 661 2148 732 Fernsprechanschlüsse: Amt Lützow Nr. 6162 bis 6164
1014 727 2137 833 Telegramm-Adresse: Fischerverlag 6162 Berlinlützow
1563 839 1754 995 r
2093 858 2686 992 4. Dezember 1930.
486 869 757 1036 F/si.
754 1082 2014 1246 Herrn Dr. Arthur Schnitzler
2353 1172 2631 1295 en XVIII
1877 1249 2498 1364 Sternwartestr. 71
694 1372 1186 1495 Lieber Freund,
828 1424 2667 1599 ich bestätige dankend den Empfang des Mannskriptes, das
680 1574 2730 1683 ich bis zur Hälfte bereits gelesen habe. Bis Ende dieser Woche
680 1670 2872 1787 werde ich die Lektüre beendet haben, ich war durch die Weihnachts-
678 1771 2399 1888 Geschäfte in diesen Tagen sehr in Anspruch genommen.
844 1885 2875 2008 Wegen des "Reigen" brauchen Sie sich nicht zu beunruhigen,
686 1946 2713 2123 die Vereinbarung ist ja ziemlich klar formuliert, sodass eine
689 2088 2768 2213 Gefahr, das Verlagsrecht wäre HARZ auf unbegrenzte Dauer einge-
686 2170 2702 2309 räumt, nicht besteht. Mit dem Satz des Buches werden wir sehr
691 2268 2776 2413 bald beginnen, zunächst ist die Druckerei, die dieses Buch her-
686 2369 2825 2495 stellen soll, noch mit Weihnachtsgeschäften belastet. Die Korrek-
686 2530 1924 2615 turen werden Ihnen pünktlich zugehen.
1563 2642 2320 2806 Mit herzlichen Grüssen
1713 2738 1987 2877 Thi
1563 2847 2066 3071 Hfischer
410 3626 694 3746 10, 29. 12 000 V. S.
