3096 4168
971 316 1148 476 297
1269 300 1853 474 Willenl
434 355 2251 579 9/1 S. Fischer Verlag / Berlin W57 Bülowstraße 90
1193 529 1827 663 AKTIENufESELISCHAFT
511 640 2490 727 Bankkonto: Deutsche Bank, Depositenkasse P in Berlin / Postscheckkonto Berlin Nr. 16692
950 700 2072 769 Fernsprechanschlüsse: Amt Lützow Nr. 6162 bis 6164
953 721 2688 845 Telegramm-Adresse: Fischerverlag 6162 Berlinlützow den 9.Januar 1931.
508 766 719 906 Be/Ja
500 892 708 1035 Herrn
974 979 1701 1127 Dr. Arthur Schnitzler,
2064 1019 2385 1182 n. XVIII.
1869 1087 2016 1169 W i
1914 1114 2475 1269 Sternwartestr.71
519 1303 1943 1461 Sehr verehrter, lieber Herr Dr.Schnitzler!
927 1427 2414 1569 Wir neigen doch dazu, die billige Ausgabe zum
519 1556 2430 1672 Preise von RM 2.85 zu machen. Die billigen Bücher haben an
519 1630 2448 1777 Zugkraft verloren. Das ist eine Tatsache, mit der wir rech
519 1745 2432 1874 nen müssen. Wir können sie aber nicht dadurch aus der Welt
524 1835 2498 1974 schaffen, dass wir den Preis höher ansetzen. Unserer Ansicht
532 1940 2417 2064 nach würden wir bei einem Preis von RM 3.75 den Absatz so
532 2048 2440 2164 sehr wurdrücken, dass das höhere Honorar pro Einzelexemplar
532 2130 2482 2274 keinen Ausgleich schaffen könnte. Es kommt noch hinzu, dass
537 2238 2538 2356 das Buch durch den höheren Preis aus der Serie, die nun schon
537 2340 2485 2446 vorhanden ist, herausfallen würde. Die Tatsache, dass es zu
532 2435 2519 2538 einer anderen Marie von drei weiteren Büchern gehört, bietet
537 2525 2551 2661 ebenfalls einen Vorteil für den Absatz. Ich glaube also, dass
537 2654 2527 2764 es nützlich und richtig ist, es bei dem Preis von RM 2.85 zu
532 2759 2461 2854 belassen. Das ist auch Herrn Fischers Ansicht, mit dem ich
526 2840 1540 2964 mich darüber verständigt habe.
932 2914 2630 3035 Als Titel würde ich vorschlagen : „Traum und Schick-
542 3054 2659 3135 sal. Eine Novellensammlung» oder »Eine Sammlung von erzählungen»
537 3135 2582 3251 oder einen ähnlichen untertitel. Ich glaube, dass dieser Titel
537 3238 2551 3327 sich mit dem Inhalt aller Novellen deckt. Bitte schreiben Sie
540 3314 2124 3451 mir recht bald, ob Sie damit einverstanden sind.
290 3612 503 3780 12. 30 20000
