3118 3959
1314 192 1516 321 1009
617 273 2650 414 S. FISCHER VERLAG A.-G. / BERLIN W 57
1268 386 1993 476 Theaterabteilung
505 513 1347 600 Fernsprecher: Lützow Nr. 6162=6164
1542 519 2760 583 Telegramm=Adresse: Fischerverlag 6162 Berlinlützow
493 555 1773 662 Bankkonto: Deutsche Bank, Depositenkasse P in Berlin
1967 575 2768 685 Postscheckkonto: Berlin Nr. 16892
1350 651 1897 789 Bülowstraße 90
1049 685 1288 809 Ma/Hb.
1934 699 2610 832 Berlin, den 17.2.31.
899 902 1096 1029 Herrn
1128 947 1818 1122 Dr. Arthur Schnitzler,
1872 1032 2235 1144 Wien XVIII
1846 1178 2385 1294 Sternwartestr.71
702 1235 1601 1378 Sehr verehrter Herr Doktor,
1573 1347 2810 1463 nach den Pressestimmen war die Wiener
645 1345 848 1477 +.
485 1435 2712 1581 Aufführung von grossem Erfolg begleitet und ich darf Ihnen hierzu
575 1587 2743 1674 wohl gratulieren und Ihnen auch die Glückwünsche von Herrn Fischer
569 1660 2559 1759 übermitteln. Ich weiss nicht, ob ich hier die Wiener Presse-
569 1756 2836 1886 stimmen in der wünschenswerten Vollzähligkeit erhalten kann und würde
569 1872 2765 1990 Sie deshalb bitten, uns Mitteilung zu machen, wenn Sie irgendwelche
575 1984 2636 2077 Besprechungen für besonders wichtig für die Propaganda ansehen.
1536 2063 2796 2193 Ich hatte unterdessen den Besuch einer
569 2162 2520 2292 Dame von der hiesigen italienischen & Handelskammer, die jenem
572 2280 2664 2404 italienischen Schauspieler nahesteht, der von Herrn Rökk Richter
567 2371 2672 2517 ermächtigt wurde, „Neihnachtseinkäufe“ zu senden. Sie übergab mir
1641 2455 1736 2497 G.C.H.F.P
572 2495 2534 2605 ein schreiben dieses Herrn, Ceochini mit Namen, der scheinbar
564 2607 2669 2689 wirklich schuldlos ist. Ich habe ihn jedenfalls ersucht, mit die
567 2700 2819 2802 schriftliche Erklärung des Herrn Rökk Richter, auf die er sich stützt,
1268 2757 1973 2819 3 actes decembre 3 actes
564 2785 2830 2906 im Original oder in Abschrift einzusenden. Wir wollen dann hören, wie
561 2881 1905 3010 Herr Rökk Richter sich verantworten wird.
1562 2968 2309 3137 Mit herzlichen Grüssen
1666 3072 2117 3250 Ihr ergebener
2075 3208 2210 3388 X
462 3445 679 3535 0000.3.80. V.
