3047 3863
1223 264 1735 391 at the
1449 340 1849 532 Recht
1196 351 1398 526 1049
934 424 2440 664 S. Fischer Verlag/Berlin W57 Bülowstratze 90
1368 591 2013 726 AKTIENSESELISCHAFT
683 683 2680 810 Bankkonto: Deutsche Bank, Depositenkasse P in Berlin / Postscheckkonto Berlin Nr. 16692
1128 764 2245 831 Fernsprechanschlüsse: Amt Lützow Nr. 6162 bis 6164
1120 818 2253 945 Telegramm-Adresse: Fischerverlag 6162 Berlinlützow
1498 866 1733 1044 Hant
478 934 672 1077 F/Si.
2051 931 2529 1071 7. Juli 1931
877 1096 2132 1333 Herrn Dr. Arthur Schnitzler
2426 1217 2742 1325 en_XVIII
2221 1241 2804 1425 Sternwartestr. 71
785 1403 1312 1611 Lieber Freund!
885 1514 2772 1722 In der Angelegenheit HARZ bitte ich Sie, die Vereinbarung
758 1684 2774 1805 vom 28. Juni v. J., die Sie mit meiner Unterschrift in Händen
2110 1768 2256 1838 Harr
756 1797 2764 1924 haben, nachzulesen. Dort heisst es: „Sie verpflichten sich,
758 1876 2674 2019 die Gesamtvorräte vom „Reigen„ von Arthur Schnitzler bis
758 2013 2769 2110 zum 31. Dezember ds. J. restlos zu räumen, sodass nach diesem
756 2097 2739 2243 Zeitpunkt keine weiteren Exemplare von Ihnen verkauft werden
753 2205 1460 2343 können oder dürfen „
950 2224 2607 2437 Demnach mussten die Gesamtvorräte vom „Reigen, bis
758 2399 2693 2531 31. Dezember v. J. bei HARZ restlos geräumt sein, sodass er
750 2499 2772 2647 nach diesem Zeitpunkt keine weiteren Exemplare verkaufen kann
758 2615 2820 2747 oder darf. Die Sache wird sich wahrscheinlich nun so verhalten,
761 2723 2912 2831 dass HARZ zwar nach dem 31. Dezember keine Exemplare mehr verkauft
750 2839 2666 2947 hat, dass aber die Buchhändler, die von HARZ Exemplare des
761 2917 2831 3041 Reigen, gekauft hatten, diese Exemplare noch nicht ausverkauft
753 3023 2734 3152 haben. Aus dem weiteren Inhalt des Briefes vom 28. Juni 1930
750 3125 2847 3249 geht hervor, welche Einschränkungen im Interesse unserer Ausgabe
764 3195 2934 3360 vereinbart wurden. Trifft meine Annahme zu, so haben wir damit zu
753 3303 2842 3457 rechnen, dass die alte Ausgabe des,Reigen, noch eine Weile auf
756 3425 2831 3516 dem Markt bleibt, bis die Vorräte des Sortiments verkauft sind.
1020 3511 2739 3635 komme bei dieser Gelegenheit auf unsere Ausgabe des
