3054 4151
966 334 1961 520 987 Rumau Verh.
706 448 2216 639 S. Fischer Verlag / Berlin W57 Bülowstratze 90
1134 592 1780 726 AKTIENSESELESCHAFT
468 678 2456 797 Bankkonto: Deutsche Bank, Depositenkasse P in Berlin / Postscheckkonto Berlin Nr. 16692
901 745 2035 822 Fernsprechanschlüsse: Amt Lützow Nr. 6162 bis 6164
891 810 2038 976 Telegramm-Adresse: Fischerverlag 6162 Berlinlützow
659 785 864 946 Ma/ N
1852 1057 2598 1196 Berlin, 6. November 1930.
1174 1300 1798 1481 Schnitzler
691 1327 1156 1478 Herrn Dr. Arthur
691 1431 1206 1528 Sternwartestr.71
691 1501 1149 1595 W i e n XVIII
693 1733 1523 1862 Lieber Herr Dr.Schnitzler!
701 1761 2437 1974 Der rumänische Verlag Ig.He xxxbietet uns für eine
703 1884 2471 2073 volkstümliche Romanserie den Betrag von 100.-Rh pro Band
703 1969 2526 2147 als einmalige Abfindung. Obwohl wir wissen, dass in Rumänien
703 2107 2513 2261 keine besseren Honorare zu erzielen sind möchten wir doch
713 2191 2499 2360 nicht ablehnen, ohne vorher Ihr Einverständnis dazu einzu-
706 2283 2392 2486 holen. Sollten Sie trotzdem Wert auf das Erscheinen in
708 2397 2598 2593 Rumänien legen, so bitten wir um eine Nachricht. Wir bemerken
721 2506 2538 2692 noch, dass der Verlag uns keinen Titel bisher genannt hat
723 2647 2021 2791 und dass die Anfrage eine allgemeine ist.
1303 2788 2199 2934 Mit vorzüglicher Hochachtung
1513 2877 2038 3006 S. FISCHER. VERLAG
1553 2959 1998 3019 AKTIENGE SEL LSCHAFT
1486 2986 2080 3155 AUSLANDSABTEILUNG
