3087 4039
438 80 544 218 P.
446 342 1086 518 TÄ W VILCHA
1243 342 2509 520 L.D.A.DA.INBV ZHORH a
1091 473 1821 603 G.C.H. G. GEd. M. R. B. J.
319 576 1537 661 wortafailten St. B. H. R. M. Mg. I.
1766 587 2618 666 [4]3 1/3 r. m. r. w. v. x.
321 637 1115 765 ezaaf.M ailraa :oluodosico
1325 648 2623 765 nilroii ai 9 ntzeimfizogell.denä sdsinaU oimodimod
1184 712 1744 850 G.O.G.A.T.., v. I.B.H
619 807 2554 1017 führungen rechtfertigen. Daran ist meist die Untüchtigkeit
621 990 2679 1115 der Direktoren schuld, aber der Vorteil dabei liegt auf Seiten
624 1067 993 1205 des Autors.
773 1118 2676 1320 Warum Barnowsky gegen das erste Urteil Berufung einlegte,
619 1285 2674 1397 ist sehr klar. Er wollte damit nur die Zahlungen verschleppen,
624 1386 2687 1497 ohne Rücksicht auf die ihm dadurch entstehenden höheren Kosten
619 1474 2748 1598 und er wusste selbstverständlich ganz genau, dass er auch die
619 1588 1686 1728 zweite Jnstanz verlieren musste.
1394 1792 2143 1930 Mit herzlichen Grüssen
1553 1898 2031 2020 Ihr ergebener
1901 1994 2416 2212 Diclliee
2400 3536 2623 3669 V.W.S. &c.
281 3640 388 3829 G.P
1792 3698 1935 3898 me
1166 3672 1558 3876 Varräfe
