3097 4025
1496 303 2060 491 Reyer erst
584 351 704 564 7
857 431 2298 622 S. FISCHERVERLAG A.G..: BERLIN W 57.
1551 566 1987 807 Egl. Roy
1321 812 1677 937 Abschrift!
1328 915 1464 972 ====— —
654 1040 1674 1165 Internationales Copyright Bureau
664 1123 1323 1206 Dewar House Haymarket
2120 1103 2356 1286 7.9.31.
649 1173 1241 1303 London S.W.1
657 1386 1381 1509 S. Fischer Verlag A.-G.
657 1471 1018 1551 Bülowstr. 9
657 1526 1015 1622 Berlin W 57
1634 1694 2048 1840 "Reigen"
652 1872 1659 2040 Sehr geehrter Herr Doktor Maril,
902 1967 2674 2108 in der Annahme, dass Sie über die englischen Aufführungs-
664 2095 2674 2211 rechte von Schnitzlers „Reigen“ zu verfügen haben, bitte ich Sie,
662 2193 2566 2333 mir mitzuteilen, ob diese Rechte im Augenblick frei sind. Wir
664 2303 2539 2421 wären evtl. in der Lage, dieses Stück in einem kleinen Art's
657 2419 1892 2546 Theatre hier zur Aufführung anzubringen.
905 2501 2729 2649 Die Einnahmen werden nur sehr gering sein und die Tantiemen
674 2634 2614 2717 auch nicht allzuhohe. Es könnte aber der Fall sein, dass durch
672 2722 2657 2837 eine gute Aufführung der englische Zenser bewogen werden könnte,
1820 2797 2008 2857 (V
667 2794 2647 2927 das Stück für die kommerzielfen Theater freizugeben, in welchem
659 2935 2531 3065 Falle natürlich auf eine West-Aufführung gebaut werden kann.
902 3015 2637 3190 Wir bitten Sie, uns Ihre Nachricht umgehend zukommen zu
674 3138 922 3266 lassen.
1546 3178 2286 3336 Mit den besten Grüssen
1652 3311 2098 3481 gez. Heilbron
