3088 4215
1987 421 2196 583 SZ8
1363 451 1666 605 Rein
737 550 2251 728 S. Fischer Verlag / Berlin W57 Bülowstratze 9o
1179 660 1828 805 AKTIEN GESELISCHAFT
506 739 2504 891 Bankkonto; Deutsche Bank, Depositenkasse P in Berlin / Postscheckkonto Berlin Nr. 16692
500 825 2070 948 EINSCHREIBEN Fernsprechanschlüsse: Amt Lützow Nr. 6162 bis 6164
935 841 2697 1023 Telegramm-Adresse: Fischerverlag 6162 Berlinlützow den 30. Juni 1930.
500 948 695 1078 F/Ja.
509 1100 709 1204 Herrn
1006 1116 1756 1330 Dr. Arthur Schnitzler,
1974 1185 2408 1317 W. i e n. XVIII
1976 1256 2521 1405 Sternwartestr.71
525 1506 1053 1655 Lieber Freund!
937 1534 2540 1710 Das Abkommen mit Harz wegen “Reigen” ist nun per
544 1666 2625 1833 fekt geworden. Ich lege den Brief, der die Bedingungen enthält,
547 1776 2655 1954 zu Ihrer Kenntnisnahme bei. Sollten Sie mit diesem Abkommen ein
558 1861 2559 2034 verstanden sein, so bitte ich mir das Exemplar, das von Harz
552 1990 2611 2119 unterschrieben ist, mit Ihrer Unterschrift zurückzusenden, das
558 2103 2221 2237 Duplikat mit meiner Unterschrift aber zu behalten.
962 2180 2683 2301 Wir haben uns darauf geeinigt, dass Harz die Vorräte
572 2270 2724 2427 bis 31. Dezember ds.Js. restlos räumen muss. Es ist besser so, dass
580 2378 2702 2518 wir mit dem Verkauf der Restvorräte nichts zu tun haben und dass
569 2488 2686 2636 Harz verpflichtet ist, nach dem 31.Dezember keine weiteren Exem-
591 2606 1248 2741 plare zu verkaufen.
976 2633 2686 2806 Zwischen Ihnen und mir bleibt das Verlagsverhältnis
585 2790 2795 2925 zum "Reigen" dasselbe wie zu Ihren anderen Werken in meinem Verlag.
596 2881 2716 3029 Wir würden im Januar oder Februar n.Js. die neugedruckte Auflage
591 2982 2691 3112 herausbringen. Die Verrechnung würde nach Massgabe des Absatzes
596 3070 2705 3227 zu einer Tantieme von 20¾, vom Ladenpreis des broschierten Exem-
605 3178 1778 3348 plars gerechnet, zu erfolgen haben.
1809 3249 2452 3433 Mit besten Grüssen
1987 3362 2276 3505 Thr
531 3403 1416 3576 PS Die Abfindung von 1000.
646 3513 1517 3598 an Harz leisten wir allein
2026 3483 2523 3645 Sfische.
640 3565 1308 3711 für unsere Rechnung.
599 3653 937 3884 2 Anlagen
379 3862 682 4010 10. 29. 12000 V. S.
