3115 4023
1119 298 1791 444 74 Simatiff
485 314 2559 545 S. FISCHERVERLAG A.=G. / BERLIN W 57
1102 482 1906 603 Theaterabteilung
1438 474 2675 703 Telegramm-Adresse: Fischerverlag 6162 Berlinlützow
377 642 1248 722 Fernsprecher: Lützow Nr. 6162=6164
1887 645 2683 777 Postscheckkonto: Berlin Nr. 16892
380 700 1681 843 Bankkonto: Deutsche Bank, Depositenkasse P in Berlin
1254 763 1821 882 Bülowstraße 90
2052 752 2521 871 16. Juni 1930
573 802 766 931 Ma/K
719 1022 917 1141 Herrn
1017 1085 1749 1240 Dr. Arthur Schnitzler
2204 1185 2375 1287 XVIII
1865 1201 2460 1397 Sternwartestr. 71
587 1427 1267 1579 Lieber Herr Doktor!
799 1515 2791 1645 Zu Ihrer Anfrage muss ich Ihnen mitteilen, dass die reichs-
606 1620 2675 1788 deutschen Aufführungen von "Spiel der Sommerlüfte bisher noch
606 1719 2716 1857 nicht erfolgt sind. Die drei Theater Giessen, Frankfurt / Main
614 1843 2711 1995 und Hannover wollten sich gemeinschaftlich auf einen deutschen
612 1953 2653 2075 gemeinsamen Uraufführungstermin einigen und das Stück lieber
625 2058 2711 2187 in einer besseren Spielzeit herausbringen als jetzt im Sommer.
625 2149 2807 2322 Infolgedessen wird diese gemeinschaftliche Graufführung im Herbst
623 2273 2818 2460 der kommenden Spielzeit stattfinden, womit Sie hoffentlich einver-
625 2430 1080 2546 standen sind.
857 2435 2705 2634 Bei Barnowsky stehen noch etwa 1200.-EM (zwölfhundert)
2146 2579 2248 2650 ewe
614 2587 2827 2755 aus, die aber höchsten in ein bis zwei Wochen den mit ihm ver-
634 2736 2157 2868 einbarten Ratenzahlungen getilgt sein werden.
1526 2862 2504 2997 Mit vorzüglicher Hochachtung
1736 2956 2245 3044 S. FISCHER VERLAG
1777 3017 2229 3097 AKTiEGESELLSCHAFT
1733 3053 2276 3177 THEATERABTEILUNG
474 3598 680 3697 0000. s. 30. V.
