3107 4184
1382 143 1507 227 G.F.P.
1485 387 1683 511 1014
749 284 1106 582 Renty
1315 536 1639 679 Abschrift
1685 587 2675 766 Berlin, den 28.Februar 1931
706 866 1474 971 An den S.Fischer Verlag
706 936 1650 1055 zu Händen des Herrn Dr.Maril
711 995 1085 1068 Berlin W 57
706 1052 1101 1131 Bülowstr. 90
711 1274 1577 1398 Sehr geehrter Herr Doktor,
1347 1382 2905 1547 ich empfing Ihr freundliches Schreiben vom 21.
720 1488 2743 1585 Mts., das den Hinweis auf den erfolg des „Gang zum Weiher“ von
725 1536 2743 1634 Arthur Schnitzler enthält. Ich kenne und liebe das Stück seit
728 1591 2705 1701 langem, doch ist Ihr Vorschlag aus einfachen wirtschaftlichen
728 1637 2778 1742 Erwägungen vorläufig leider nicht ausführbar, denn dieses Stück
733 1696 2708 1788 erfordert eine so hervorragende Besetzung und kann in seinen
738 1745 2740 1837 verborgensten Reizen nur von Schauspielern allerersten Ranges
738 1799 2613 1888 dem Publikus nahegebracht werden. Diese Gagen sind in den
730 1839 2710 1939 Kenmerspielen unter den heutigen Verhältnissen einfach nicht
733 1902 2721 1999 herauszuwirtschaften und es würde, noch ehe der Vorhang über
741 1945 2743 2048 diesem stück aufgeht, unter allen Umständen mit einem Defizit
738 2002 2673 2088 zu rechnen sein. Es sind 5 - 6 allererste Schauspieler not-
744 2031 2775 2142 wendig:Sie wissen, was diese Künstler heute an Honoraren zu be-
741 2110 2727 2196 ziehen gewohnt sind, wissen auch aus Ihrer verlegerischen Er-
744 2137 2756 2242 fahrung, was in den Kammerspielen eingeht: also machen Sie sich
741 2161 2913 2310 selbst ein Bild über die wirtschaftlichen Aussichten eines solchen
744 2256 2719 2348 Unternehmens, zu dem ich mich je eher je lieber bereit finden
744 2291 2875 2407 möchte, wenn einige Aussicht bestünde, ohne Verluste durch-
749 2361 2724 2456 zukommen. Es ist in kurzer Zeit nicht das erste mal, dass die
749 2407 2819 2510 kategorischen, keinen Widerspruch duldenden wirtschaftlichen Er-
755 2456 2878 2564 wägungen die Ausführung eines schönen Planes vorläufig verbieten.
1317 2526 2805 2713 Indem ich Ihnen für Ihre Anregung sehr danke
733 2627 1006 2737 bin ich
1818 2629 2440 2781 mit besten Grüssen
2053 2743 2194 2851 Ihr
1731 2827 2310 3005 gez. Max Reinhardt
