<?xml version="1.0" encoding="UTF-8" standalone="yes"?>
<PcGts xmlns="http://schema.primaresearch.org/PAGE/gts/pagecontent/2013-07-15" xmlns:xsi="http://www.w3.org/2001/XMLSchema-instance" xsi:schemaLocation="http://schema.primaresearch.org/PAGE/gts/pagecontent/2013-07-15 http://schema.primaresearch.org/PAGE/gts/pagecontent/2013-07-15/pagecontent.xsd">
    <Metadata>
        <Creator>prov=READ-COOP:name=TrHtr:version=2.1.0:model_id=51170:date=25_07_2023_14:24</Creator>
        <Created>2023-05-02T08:16:21.052+02:00</Created>
        <LastChange>2023-07-25T14:24:07.821+02:00</LastChange>
        <TranskribusMetadata docId="1416744" pageId="54954094" pageNr="134" tsid="130673935" status="IN_PROGRESS" userId="64420" imgUrl="https://files.transkribus.eu/Get?id=BCXJFEWCDHUSYVJCHPHBFURX&amp;fileType=view" xmlUrl="https://files.transkribus.eu/Get?id=XHXRINMMKAWCERJIIEJEQYYC" imageId="44457819"/>
    </Metadata>
    <Page imageFilename="1416744_0134.jpg" imageWidth="3057" imageHeight="4087">
        <ReadingOrder>
            <OrderedGroup id="ro_1711826005577" caption="Regions reading order">
                <RegionRefIndexed index="0" regionRef="tr_1"/>
                <RegionRefIndexed index="1" regionRef="tr_3"/>
                <RegionRefIndexed index="2" regionRef="tr_2"/>
            </OrderedGroup>
        </ReadingOrder>
        <TextRegion id="tr_1" custom="readingOrder {index:0;}">
            <Coords points="385,350 2585,350 2585,1257 385,1257"/>
            <TextLine id="tr_1_tl_1" custom="readingOrder {index:0;}">
                <Coords points="1159,434 1175,432 1189,443 1208,445 1221,445 1230,434 1241,440 1254,434 1265,440 1279,432 1325,437 1317,331 1287,328 1265,339 1216,336 1200,342 1186,331 1153,325"/>
                <Baseline points="1170,400 1215,403 1259,406 1304,408 1328,414"/>
                <TextEquiv>
                    <Unicode>038</Unicode>
                </TextEquiv>
            </TextLine>
            <TextLine id="tr_1_tl_2" custom="readingOrder {index:1;}">
                <Coords points="1424,459 1451,459 1476,484 1549,467 1607,478 1694,465 1735,473 1738,361 1659,333 1642,347 1631,336 1604,347 1527,322 1462,369 1426,374"/>
                <Baseline points="1438,429 1483,429 1528,426 1573,429 1618,429 1662,426 1707,426 1740,432"/>
                <TextEquiv>
                    <Unicode>Reyer</Unicode>
                </TextEquiv>
            </TextLine>
            <TextLine id="tr_1_tl_3" custom="readingOrder {index:2;}">
                <Coords points="732,555 1008,604 1216,549 2287,574 2290,462 1948,426 1478,484 1074,434 735,514"/>
                <Baseline points="746,546 776,543 820,549 865,546 910,546 955,543 1000,546 1044,543 1089,546 1134,543 1179,540 1224,540 1268,540 1313,540 1358,537 1403,537 1447,537 1492,537 1537,537 1582,534 1627,534 1671,531 1716,531 1761,528 1806,531 1850,528 1895,525 1940,525 1985,525 2030,528 2074,528 2119,525 2164,522 2209,522 2253,519 2298,516"/>
                <TextEquiv>
                    <Unicode>S. Fischer Verlag/Berlin W57 Bülowstraße 90</Unicode>
                </TextEquiv>
            </TextLine>
            <TextLine id="tr_1_tl_4" custom="readingOrder {index:3;}">
                <Coords points="1208,601 1853,604 1853,555 1793,549 1648,568 1514,549 1282,568 1208,549"/>
                <Baseline points="1224,600 1232,600 1277,600 1322,600 1367,597 1412,597 1456,594 1501,594 1546,594 1591,594 1635,594 1680,591 1725,591 1770,591 1815,588 1859,585"/>
                <TextEquiv>
                    <Unicode>AKTIENGESELISCHAFT</Unicode>
                </TextEquiv>
            </TextLine>
            <TextLine id="tr_1_tl_5" custom="readingOrder {index:4;}">
                <Coords points="541,779 1544,702 2525,732 2465,642 544,669"/>
                <Baseline points="558,710 561,713 606,713 650,716 695,716 740,713 785,713 829,713 874,713 919,713 964,710 1009,707 1053,707 1098,707 1143,710 1188,707 1232,707 1277,707 1322,707 1367,704 1412,704 1456,704 1501,704 1546,701 1591,701 1635,701 1680,701 1725,698 1770,698 1815,698 1859,698 1904,695 1949,695 1994,695 2039,695 2083,695 2128,692 2173,692 2218,692 2262,689 2307,689 2352,689 2397,686 2442,683 2486,683 2531,677"/>
                <TextEquiv>
                    <Unicode>Bankkonto: Deutsche Bank, Depositenkasse P in Berlin / Postscheckkonto Berlin Nr. 16692</Unicode>
                </TextEquiv>
            </TextLine>
            <TextLine id="tr_1_tl_6" custom="readingOrder {index:5;}">
                <Coords points="976,781 2069,779 2104,710 978,724"/>
                <Baseline points="991,764 1035,764 1080,764 1125,764 1170,764 1215,764 1259,761 1304,761 1349,761 1394,761 1438,758 1483,758 1528,758 1573,758 1618,758 1662,758 1707,755 1752,755 1797,752 1841,752 1886,752 1931,752 1976,749 2021,749 2065,749 2110,743"/>
                <TextEquiv>
                    <Unicode>Fernsprechanschlüsse: Amt Lützow Nr. 6162 bis 6164</Unicode>
                </TextEquiv>
            </TextLine>
            <TextLine id="tr_1_tl_7" custom="readingOrder {index:6;}">
                <Coords points="981,861 1172,874 1295,825 1514,902 1585,850 1719,836 1809,883 2063,831 2096,781 2022,754 984,790"/>
                <Baseline points="997,817 1029,820 1074,820 1119,820 1164,820 1209,820 1253,817 1298,817 1343,817 1388,815 1432,815 1477,815 1522,815 1567,812 1612,812 1656,812 1701,812 1746,812 1791,812 1836,809 1880,809 1925,809 1970,806 2015,806 2059,803 2104,800"/>
                <TextEquiv>
                    <Unicode>Telegramm-Adresse: Fischerverlag 6162 Berlinlützow</Unicode>
                </TextEquiv>
            </TextLine>
            <TextLine id="tr_1_tl_8" custom="readingOrder {index:7;}">
                <Coords points="2096,951 2273,978 2309,948 2355,943 2416,970 2448,956 2492,973 2549,954 2552,885 2462,844 2380,885 2287,842 2197,850 2164,836 2099,853"/>
                <Baseline points="2110,937 2152,940 2197,943 2242,943 2286,940 2331,940 2376,937 2421,937 2465,937 2510,934 2555,934"/>
                <TextEquiv>
                    <Unicode>18. Mai 1931</Unicode>
                </TextEquiv>
            </TextLine>
            <TextLine id="tr_1_tl_9" custom="readingOrder {index:8;}">
                <Coords points="369,1000 391,997 399,1003 415,992 437,995 445,986 465,986 500,1006 508,1000 549,1003 552,910 516,907 506,913 484,902 462,910 451,899 429,913 391,880 372,883"/>
                <Baseline points="385,973 420,970 465,970 510,970 555,967"/>
                <TextEquiv>
                    <Unicode>F/si.</Unicode>
                </TextEquiv>
            </TextLine>
            <TextLine id="tr_1_tl_10" custom="readingOrder {index:9;}">
                <Coords points="751,1156 1232,1210 1465,1134 1582,1161 1727,1120 1926,1186 1987,1167 1992,1049 1260,1082 1194,1052 1109,1088 896,1030 754,1079"/>
                <Baseline points="767,1134 788,1134 832,1131 877,1128 922,1128 967,1128 1012,1125 1056,1125 1101,1125 1146,1122 1191,1122 1235,1119 1280,1116 1325,1116 1370,1116 1415,1113 1459,1113 1504,1110 1549,1113 1594,1110 1638,1110 1683,1107 1728,1104 1773,1104 1818,1101 1862,1101 1907,1101 1952,1101 1997,1101"/>
                <TextEquiv>
                    <Unicode>Herrn Dr. Arthur Schnitzler</Unicode>
                </TextEquiv>
            </TextLine>
            <TextLine id="tr_1_tl_11" custom="readingOrder {index:10;}">
                <Coords points="2238,1213 2339,1210 2388,1221 2399,1210 2421,1221 2448,1194 2547,1205 2579,1194 2582,1137 2533,1139 2514,1120 2481,1120 2385,1131 2355,1156 2320,1142 2306,1150 2268,1120 2241,1120"/>
                <Baseline points="2253,1188 2271,1194 2316,1203 2361,1200 2406,1197 2451,1188 2495,1188 2540,1188 2585,1185"/>
                <TextEquiv>
                    <Unicode>Wien XVIII</Unicode>
                </TextEquiv>
            </TextLine>
            <TextLine id="tr_1_tl_12" custom="readingOrder {index:11;}">
                <Coords points="1894,1276 2014,1254 2230,1251 2339,1284 2394,1260 2514,1262 2514,1197 2380,1221 2211,1213 2134,1180 2071,1210 2025,1183 1896,1183"/>
                <Baseline points="1910,1247 1940,1247 1985,1247 2030,1247 2074,1247 2119,1247 2164,1244 2209,1244 2253,1244 2298,1244 2343,1247 2388,1247 2433,1238 2477,1238 2522,1235"/>
                <TextEquiv>
                    <Unicode>Sternwartestr. 71</Unicode>
                </TextEquiv>
            </TextLine>
        </TextRegion>
        <TextRegion id="tr_3" custom="readingOrder {index:1;}">
            <Coords points="656,1365 2827,1365 2827,2452 656,2452"/>
            <TextLine id="tr_3_tl_1" custom="readingOrder {index:0;}">
                <Coords points="694,1470 754,1478 801,1448 853,1462 872,1448 902,1470 962,1467 984,1489 1098,1456 1175,1481 1178,1374 1090,1361 992,1383 921,1358 883,1380 697,1369"/>
                <Baseline points="710,1421 737,1421 782,1421 826,1421 871,1418 916,1418 961,1415 1006,1415 1050,1415 1095,1418 1140,1418 1185,1415"/>
                <TextEquiv>
                    <Unicode>Lieber Freund,</Unicode>
                </TextEquiv>
            </TextLine>
            <TextLine id="tr_3_tl_2" custom="readingOrder {index:1;}">
                <Coords points="798,1574 2522,1522 2547,1429 801,1476"/>
                <Baseline points="815,1522 850,1522 895,1519 940,1516 985,1519 1029,1519 1074,1516 1119,1516 1164,1516 1209,1516 1253,1516 1298,1516 1343,1513 1388,1513 1432,1513 1477,1510 1522,1510 1567,1507 1612,1507 1656,1507 1701,1507 1746,1507 1791,1507 1836,1504 1880,1504 1925,1504 1970,1504 2015,1501 2059,1501 2104,1501 2149,1501 2194,1504 2239,1501 2283,1501 2328,1501 2373,1498 2418,1498 2462,1501 2507,1501 2552,1504"/>
                <TextEquiv>
                    <Unicode>wir schicken Ihnen morgen 10 Exemplare vom „Reigen“,</Unicode>
                </TextEquiv>
            </TextLine>
            <TextLine id="tr_3_tl_3" custom="readingOrder {index:2;}">
                <Coords points="642,1661 2082,1631 2082,1566 642,1574"/>
                <Baseline points="656,1624 701,1627 746,1621 791,1621 835,1621 880,1621 925,1624 970,1621 1015,1621 1059,1618 1104,1618 1149,1618 1194,1615 1238,1615 1283,1615 1328,1615 1373,1615 1418,1615 1462,1615 1507,1612 1552,1612 1597,1612 1641,1609 1686,1606 1731,1606 1776,1606 1821,1606 1865,1606 1910,1606 1955,1606 2000,1606 2044,1603 2089,1606"/>
                <TextEquiv>
                    <Unicode>weitere Exemplare-stehen zu Ihrer Verfügung.</Unicode>
                </TextEquiv>
            </TextLine>
            <TextLine id="tr_3_tl_4" custom="readingOrder {index:3;}">
                <Coords points="798,1768 2571,1732 2694,1708 2697,1637 798,1650"/>
                <Baseline points="812,1725 817,1725 862,1725 907,1725 952,1725 997,1722 1041,1722 1086,1722 1131,1719 1176,1719 1221,1719 1265,1719 1310,1716 1355,1716 1400,1716 1444,1716 1489,1713 1534,1713 1579,1710 1624,1710 1668,1710 1713,1710 1758,1710 1803,1710 1847,1710 1892,1710 1937,1710 1982,1707 2027,1707 2071,1704 2116,1704 2161,1704 2206,1704 2250,1704 2295,1701 2340,1704 2385,1698 2430,1701 2474,1698 2519,1698 2564,1698 2609,1695 2654,1695 2698,1695"/>
                <TextEquiv>
                    <Unicode>Ich glaube das Buch ist äusserlich gut gelungen, es macht</Unicode>
                </TextEquiv>
            </TextLine>
            <TextLine id="tr_3_tl_5" custom="readingOrder {index:4;}">
                <Coords points="648,1855 2560,1806 2768,1864 2795,1738 648,1762"/>
                <Baseline points="662,1827 695,1830 740,1830 785,1827 829,1830 874,1830 919,1827 964,1827 1009,1824 1053,1821 1098,1821 1143,1821 1188,1821 1232,1821 1277,1821 1322,1818 1367,1818 1412,1815 1456,1818 1501,1815 1546,1815 1591,1815 1635,1812 1680,1812 1725,1809 1770,1809 1815,1809 1859,1809 1904,1809 1949,1806 1994,1809 2039,1806 2083,1806 2128,1806 2173,1803 2218,1803 2262,1803 2307,1806 2352,1803 2397,1803 2442,1803 2486,1800 2531,1800 2576,1800 2621,1797 2665,1797 2710,1797 2755,1797 2800,1791"/>
                <TextEquiv>
                    <Unicode>einen einfachen und vornehmen Eindruck. Da es sich hier nicht um</Unicode>
                </TextEquiv>
            </TextLine>
            <TextLine id="tr_3_tl_6" custom="readingOrder {index:5;}">
                <Coords points="648,1943 2656,1943 2659,1847 650,1885"/>
                <Baseline points="662,1928 695,1931 740,1928 785,1928 829,1928 874,1928 919,1925 964,1925 1009,1922 1053,1922 1098,1922 1143,1919 1188,1922 1232,1922 1277,1922 1322,1922 1367,1919 1412,1919 1456,1916 1501,1916 1546,1916 1591,1916 1635,1916 1680,1916 1725,1913 1770,1913 1815,1913 1859,1910 1904,1907 1949,1907 1994,1907 2039,1904 2083,1907 2128,1904 2173,1904 2218,1904 2262,1904 2307,1901 2352,1901 2397,1904 2442,1901 2486,1901 2531,1901 2576,1898 2621,1898 2665,1895"/>
                <TextEquiv>
                    <Unicode>ein neues Buch, sondern um eine Neuausgabe handelt, so ist es</Unicode>
                </TextEquiv>
            </TextLine>
            <TextLine id="tr_3_tl_7" custom="readingOrder {index:6;}">
                <Coords points="648,2049 2022,2019 2194,2069 2626,2028 2661,1940 648,1959"/>
                <Baseline points="662,2030 698,2033 743,2030 788,2030 832,2030 877,2030 922,2027 967,2027 1012,2027 1056,2027 1101,2027 1146,2027 1191,2027 1235,2024 1280,2024 1325,2024 1370,2024 1415,2021 1459,2021 1504,2021 1549,2018 1594,2018 1638,2018 1683,2015 1728,2015 1773,2015 1818,2015 1862,2015 1907,2012 1952,2012 1997,2012 2042,2009 2086,2009 2131,2009 2176,2009 2221,2009 2265,2006 2310,2006 2355,2006 2400,2003 2445,2006 2489,2003 2534,2003 2579,2003 2624,2000 2668,1997"/>
                <TextEquiv>
                    <Unicode>durchaus richtig, wenn die Gelegenheit der Neuausgabe benutzt</Unicode>
                </TextEquiv>
            </TextLine>
            <TextLine id="tr_3_tl_8" custom="readingOrder {index:7;}">
                <Coords points="653,2145 2410,2167 2519,2104 2661,2140 2664,2047 656,2079"/>
                <Baseline points="668,2134 701,2134 746,2134 791,2134 835,2131 880,2131 925,2131 970,2131 1015,2131 1059,2128 1104,2128 1149,2125 1194,2125 1238,2125 1283,2125 1328,2122 1373,2122 1418,2119 1462,2122 1507,2119 1552,2119 1597,2119 1641,2119 1686,2119 1731,2116 1776,2116 1821,2116 1865,2113 1910,2113 1955,2113 2000,2113 2044,2110 2089,2110 2134,2110 2179,2110 2224,2110 2268,2110 2313,2110 2358,2107 2403,2107 2448,2107 2492,2107 2537,2104 2582,2104 2627,2101 2671,2095"/>
                <TextEquiv>
                    <Unicode>wird, um eine besonders charakteristische Besprechung auf dem</Unicode>
                </TextEquiv>
            </TextLine>
            <TextLine id="tr_3_tl_9" custom="readingOrder {index:8;}">
                <Coords points="653,2243 2498,2260 2686,2232 2689,2159 656,2172"/>
                <Baseline points="668,2233 677,2236 722,2236 767,2236 812,2236 856,2236 901,2233 946,2233 991,2233 1035,2233 1080,2233 1125,2230 1170,2233 1215,2230 1259,2227 1304,2227 1349,2227 1394,2227 1438,2224 1483,2224 1528,2224 1573,2224 1618,2221 1662,2221 1707,2221 1752,2221 1797,2221 1841,2221 1886,2221 1931,2218 1976,2218 2021,2218 2065,2215 2110,2215 2155,2215 2200,2212 2245,2212 2289,2209 2334,2209 2379,2209 2424,2206 2468,2209 2513,2209 2558,2206 2603,2206 2648,2203 2692,2200"/>
                <TextEquiv>
                    <Unicode>Schutzumschlag zu reproduzieren. Ich bin davon überzeugt, dass</Unicode>
                </TextEquiv>
            </TextLine>
            <TextLine id="tr_3_tl_10" custom="readingOrder {index:9;}">
                <Coords points="656,2358 2528,2320 2653,2375 2820,2320 2820,2230 656,2309"/>
                <Baseline points="671,2340 677,2337 722,2340 767,2337 812,2337 856,2337 901,2334 946,2334 991,2334 1035,2334 1080,2334 1125,2334 1170,2334 1215,2331 1259,2331 1304,2331 1349,2331 1394,2331 1438,2328 1483,2328 1528,2325 1573,2325 1618,2325 1662,2322 1707,2322 1752,2322 1797,2322 1841,2319 1886,2319 1931,2319 1976,2319 2021,2319 2065,2319 2110,2319 2155,2316 2200,2316 2245,2316 2289,2313 2334,2313 2379,2313 2424,2313 2468,2313 2513,2310 2558,2310 2603,2310 2648,2310 2692,2307 2737,2307 2782,2307 2827,2304"/>
                <TextEquiv>
                    <Unicode>diese Anzeige gerade in der hier dargebotenen Form sehr gut wirken</Unicode>
                </TextEquiv>
            </TextLine>
            <TextLine id="tr_3_tl_11" custom="readingOrder {index:10;}">
                <Coords points="653,2451 675,2459 686,2451 724,2481 754,2465 765,2473 806,2462 814,2470 825,2462 844,2465 842,2394 822,2396 798,2377 757,2405 713,2391 702,2399 691,2391 650,2388"/>
                <Baseline points="668,2439 713,2442 758,2442 803,2442 847,2442 850,2442"/>
                <TextEquiv>
                    <Unicode>wird.</Unicode>
                </TextEquiv>
            </TextLine>
        </TextRegion>
        <TextRegion id="tr_2" custom="readingOrder {index:2;}">
            <Coords points="385,2457 2862,2457 2862,3879 385,3879"/>
            <TextLine id="tr_2_tl_1" custom="readingOrder {index:0;}">
                <Coords points="776,2544 2517,2560 2722,2533 2724,2446 779,2473"/>
                <Baseline points="791,2543 803,2543 847,2543 892,2540 937,2537 982,2537 1026,2537 1071,2537 1116,2537 1161,2537 1206,2534 1250,2534 1295,2534 1340,2531 1385,2531 1430,2531 1474,2531 1519,2531 1564,2528 1609,2525 1653,2525 1698,2528 1743,2525 1788,2525 1833,2525 1877,2522 1922,2522 1967,2522 2012,2522 2056,2522 2101,2519 2146,2519 2191,2519 2236,2519 2280,2516 2325,2516 2370,2516 2415,2513 2459,2513 2504,2510 2549,2513 2594,2510 2639,2510 2683,2510 2728,2507"/>
                <TextEquiv>
                    <Unicode>Das Interesse für dieses Buch muss von Neuem wieder geweckt</Unicode>
                </TextEquiv>
            </TextLine>
            <TextLine id="tr_2_tl_2" custom="readingOrder {index:1;}">
                <Coords points="659,2664 2722,2634 2724,2544 661,2588"/>
                <Baseline points="674,2642 716,2645 761,2645 806,2645 850,2645 895,2642 940,2639 985,2642 1029,2642 1074,2642 1119,2639 1164,2636 1209,2636 1253,2636 1298,2636 1343,2633 1388,2633 1432,2633 1477,2633 1522,2630 1567,2630 1612,2630 1656,2627 1701,2627 1746,2627 1791,2627 1836,2624 1880,2624 1925,2621 1970,2621 2015,2621 2059,2621 2104,2621 2149,2618 2194,2618 2239,2615 2283,2615 2328,2615 2373,2615 2418,2615 2462,2612 2507,2612 2552,2612 2597,2612 2642,2612 2686,2612 2731,2612"/>
                <TextEquiv>
                    <Unicode>werden; es sind bisher nur 175 Exemplare vorausbestellt worden.</Unicode>
                </TextEquiv>
            </TextLine>
            <TextLine id="tr_2_tl_3" custom="readingOrder {index:2;}">
                <Coords points="656,2765 2667,2768 2757,2743 2760,2664 659,2700"/>
                <Baseline points="671,2746 707,2746 752,2743 797,2743 841,2743 886,2740 931,2740 976,2740 1021,2740 1065,2740 1110,2737 1155,2737 1200,2737 1244,2734 1289,2734 1334,2734 1379,2731 1424,2734 1468,2731 1513,2731 1558,2731 1603,2728 1647,2728 1692,2728 1737,2728 1782,2728 1827,2728 1871,2728 1916,2722 1961,2725 2006,2722 2050,2722 2095,2722 2140,2722 2185,2719 2230,2716 2274,2716 2319,2716 2364,2716 2409,2716 2453,2713 2498,2713 2543,2713 2588,2713 2633,2710 2677,2710 2722,2707 2767,2704"/>
                <TextEquiv>
                    <Unicode>Wir haben zunächst nur 4000 Exemplare gedruckt. Es war mir etwas</Unicode>
                </TextEquiv>
            </TextLine>
            <TextLine id="tr_2_tl_4" custom="readingOrder {index:3;}">
                <Coords points="656,2872 2798,2850 2798,2776 2506,2738 1241,2752 929,2820 656,2765"/>
                <Baseline points="671,2854 698,2848 743,2851 788,2848 832,2845 877,2845 922,2845 967,2845 1012,2842 1056,2839 1101,2839 1146,2839 1191,2836 1235,2836 1280,2836 1325,2836 1370,2836 1415,2833 1459,2833 1504,2833 1549,2833 1594,2830 1638,2830 1683,2830 1728,2830 1773,2830 1818,2830 1862,2830 1907,2827 1952,2827 1997,2827 2042,2824 2086,2824 2131,2824 2176,2821 2221,2824 2265,2821 2310,2818 2355,2818 2400,2818 2445,2815 2489,2815 2534,2815 2579,2815 2624,2815 2668,2815 2713,2812 2758,2812 2803,2812"/>
                <TextEquiv>
                    <Unicode>genant, auf der Rückseite des Titelblattes die alten 100 Auflagen</Unicode>
                </TextEquiv>
            </TextLine>
            <TextLine id="tr_2_tl_5" custom="readingOrder {index:4;}">
                <Coords points="653,2967 2700,2962 2702,2872 2407,2825 2241,2886 653,2899"/>
                <Baseline points="668,2946 692,2949 737,2949 782,2946 826,2946 871,2946 916,2943 961,2943 1006,2943 1050,2943 1095,2940 1140,2940 1185,2940 1229,2940 1274,2937 1319,2937 1364,2937 1409,2934 1453,2934 1498,2934 1543,2934 1588,2934 1633,2934 1677,2931 1722,2931 1767,2928 1812,2928 1856,2928 1901,2928 1946,2928 1991,2928 2036,2925 2080,2925 2125,2925 2170,2922 2215,2922 2259,2922 2304,2922 2349,2919 2394,2919 2439,2916 2483,2916 2528,2916 2573,2916 2618,2913 2662,2913 2707,2907"/>
                <TextEquiv>
                    <Unicode>anzuzeigen und dazu nur die neuen 4 Auflagen hinzuzufügen. Ich</Unicode>
                </TextEquiv>
            </TextLine>
            <TextLine id="tr_2_tl_6" custom="readingOrder {index:5;}">
                <Coords points="615,3071 2697,3058 2697,2967 2394,2937 784,3017 615,2967"/>
                <Baseline points="629,3045 644,3045 689,3051 734,3051 779,3048 823,3048 868,3048 913,3045 958,3045 1003,3045 1047,3042 1092,3042 1137,3042 1182,3042 1226,3039 1271,3039 1316,3039 1361,3039 1406,3039 1450,3039 1495,3036 1540,3033 1585,3036 1630,3033 1674,3030 1719,3030 1764,3030 1809,3030 1853,3027 1898,3030 1943,3030 1988,3027 2033,3027 2077,3027 2122,3027 2167,3024 2212,3024 2256,3021 2301,3021 2346,3021 2391,3018 2436,3018 2480,3018 2525,3021 2570,3018 2615,3018 2659,3015 2704,3012"/>
                <TextEquiv>
                    <Unicode>habe diese Notiz im Buch zunächst überhaupt fortgelassen. Ich</Unicode>
                </TextEquiv>
            </TextLine>
            <TextLine id="tr_2_tl_7" custom="readingOrder {index:6;}">
                <Coords points="659,3148 924,3200 2735,3134 2735,3069 2569,3041 661,3099"/>
                <Baseline points="677,3146 680,3146 725,3146 770,3146 815,3146 859,3146 904,3143 949,3143 994,3143 1038,3143 1083,3140 1128,3140 1173,3140 1218,3140 1262,3140 1307,3137 1352,3137 1397,3137 1441,3137 1486,3134 1531,3134 1576,3134 1621,3134 1665,3134 1710,3131 1755,3134 1800,3131 1844,3131 1889,3128 1934,3125 1979,3128 2024,3128 2068,3125 2113,3125 2158,3125 2203,3125 2247,3122 2292,3122 2337,3119 2382,3119 2427,3119 2471,3119 2516,3116 2561,3116 2606,3116 2651,3116 2695,3110 2740,3107"/>
                <TextEquiv>
                    <Unicode>bestätige Ihnen aber der Ordnung wegen, dass wir 4000 Exemplare</Unicode>
                </TextEquiv>
            </TextLine>
            <TextLine id="tr_2_tl_8" custom="readingOrder {index:7;}">
                <Coords points="661,3263 2790,3257 2820,3153 664,3202"/>
                <Baseline points="680,3257 722,3251 767,3251 812,3248 856,3248 901,3245 946,3245 991,3245 1035,3242 1080,3242 1125,3242 1170,3242 1215,3242 1259,3242 1304,3239 1349,3239 1394,3236 1438,3236 1483,3239 1528,3236 1573,3236 1618,3236 1662,3233 1707,3233 1752,3233 1797,3230 1841,3230 1886,3227 1931,3227 1976,3230 2021,3230 2065,3227 2110,3227 2155,3227 2200,3224 2245,3224 2289,3224 2334,3224 2379,3224 2424,3221 2468,3221 2513,3218 2558,3218 2603,3218 2648,3218 2692,3215 2737,3215 2782,3212 2827,3209"/>
                <TextEquiv>
                    <Unicode>gedruckt haben und dass Harz weitere 100 000 Exemplare in den Ver-</Unicode>
                </TextEquiv>
            </TextLine>
            <TextLine id="tr_2_tl_9" custom="readingOrder {index:8;}">
                <Coords points="664,3358 2765,3361 2795,3271 1858,3227 1640,3295 667,3309"/>
                <Baseline points="680,3349 698,3349 743,3349 788,3349 832,3349 877,3346 922,3349 967,3346 1012,3346 1056,3343 1101,3346 1146,3343 1191,3343 1235,3343 1280,3340 1325,3340 1370,3340 1415,3340 1459,3337 1504,3337 1549,3337 1594,3334 1638,3337 1683,3334 1728,3334 1773,3334 1818,3334 1862,3334 1907,3334 1952,3334 1997,3331 2042,3334 2086,3331 2131,3331 2176,3331 2221,3328 2265,3328 2310,3328 2355,3325 2400,3325 2445,3325 2489,3322 2534,3322 2579,3322 2624,3322 2668,3322 2713,3319 2758,3319 2803,3319"/>
                <TextEquiv>
                    <Unicode>kehr gebracht hat. Wollen Sie indessen, dass ich die Notiz wegen</Unicode>
                </TextEquiv>
            </TextLine>
            <TextLine id="tr_2_tl_10" custom="readingOrder {index:9;}">
                <Coords points="661,3487 2047,3500 2858,3443 2861,3388 664,3375"/>
                <Baseline points="677,3451 713,3454 758,3454 803,3454 847,3454 892,3451 937,3451 982,3448 1026,3448 1071,3448 1116,3448 1161,3448 1206,3445 1250,3448 1295,3445 1340,3445 1385,3442 1430,3445 1474,3445 1519,3442 1564,3442 1609,3442 1653,3442 1698,3439 1743,3439 1788,3439 1833,3436 1877,3436 1922,3436 1967,3436 2012,3436 2056,3436 2101,3436 2146,3433 2191,3433 2236,3433 2280,3433 2325,3433 2370,3430 2415,3430 2459,3430 2504,3430 2549,3427 2594,3427 2639,3427 2683,3427 2728,3427 2773,3427 2818,3427 2862,3427"/>
                <TextEquiv>
                    <Unicode>der Auflagenzahl denn och in das Buch bringe, so kann es geschehen,</Unicode>
                </TextEquiv>
            </TextLine>
            <TextLine id="tr_2_tl_11" custom="readingOrder {index:10;}">
                <Coords points="656,3585 2809,3550 2809,3470 2492,3435 2052,3506 1888,3451 659,3489"/>
                <Baseline points="674,3558 710,3558 755,3561 800,3561 844,3561 889,3558 934,3558 979,3555 1023,3555 1068,3552 1113,3555 1158,3552 1203,3552 1247,3552 1292,3552 1337,3552 1382,3549 1427,3549 1471,3549 1516,3549 1561,3546 1606,3546 1650,3543 1695,3543 1740,3543 1785,3543 1830,3543 1874,3543 1919,3543 1964,3540 2009,3540 2053,3540 2098,3540 2143,3540 2188,3540 2233,3537 2277,3537 2322,3534 2367,3534 2412,3534 2456,3534 2501,3531 2546,3531 2591,3528 2636,3531 2680,3531 2725,3528 2770,3528 2815,3525"/>
                <TextEquiv>
                    <Unicode>da ja nur eine geringe Anzahl von Exemplaren im Augenblick in den</Unicode>
                </TextEquiv>
            </TextLine>
            <TextLine id="tr_2_tl_12" custom="readingOrder {index:11;}">
                <Coords points="369,3774 399,3776 437,3806 448,3795 465,3804 492,3779 506,3785 530,3771 585,3801 604,3798 604,3648 538,3645 516,3629 497,3634 470,3623 434,3645 396,3623 369,3631"/>
                <Baseline points="385,3764 429,3767 474,3767 519,3767 564,3767 609,3767 612,3767"/>
                <TextEquiv>
                    <Unicode>:30 20000 V:S.</Unicode>
                </TextEquiv>
            </TextLine>
            <TextLine id="tr_2_tl_13" custom="readingOrder {index:12;}">
                <Coords points="429,3875 465,3886 508,3877 527,3891 612,3883 623,3872 653,3888 669,3872 702,3880 727,3872 727,3820 650,3845 642,3836 634,3845 618,3836 566,3845 533,3826 516,3839 429,3836"/>
                <Baseline points="444,3866 462,3866 507,3869 552,3869 597,3866 641,3866 686,3866 731,3860"/>
                <TextEquiv>
                    <Unicode>12.30 Ww r....</Unicode>
                </TextEquiv>
            </TextLine>
        </TextRegion>
    </Page>
</PcGts>
