2973 4167
862 1019 1058 1200 An die
1134 1103 1389 1260 E.I.A.R.
747 1203 2185 1383 Ente Italiano per le Audizioni Radiofoniche,
2070 1244 2743 1465 Vi a Maria Christina
550 1590 1195 1766 Sehr geehrte Herren,
1187 1643 2693 1834 wir erhielten Ihre Zuschrift von 3.ds.,müssen
511 1763 2434 1968 Ihnen jedoch erwidern, dass Herr Rökk Richter keinerlei Be-
516 1892 2620 2054 Pechtigung zur Rundfunksendung von SCHNITELER.Weihnachtseinkäufe-
500 1975 2476 2162 besitzt und dass Sie sehr leichtfertig gehandelt haben, wenn
495 2080 2547 2264 Sie Herrn Rechter, ohne dass er Ihnen dafür Beweise gegeben hat,
1897 2175 2154 2277 G.C.H.F.P.
495 2196 1986 2379 glaubten, dass er ein solches Recht besitze.
935 2261 2570 2452 Wir bitten um Mitteilung auf Grund welche
516 2379 2450 2536 Dokumente Herr Rökk Richter behauptet, über die Rundfunkrech-
516 2507 2397 2667 SCHNITZTER „Weihnachtseinkäufe“ zu verfügen. Es steht jeden
2051 2591 2400 2735 lag S.Fisch
511 2596 2023 2764 fest, dass weder Herr Dr. Schnitzler noch der Ve
519 2706 2277 2903 Herrn Rökk Richter jemals eine solche Erlaubnis erteil
2083 2811 2167 2913 nun
1203 2801 2044 2963 Da wir diese Angelegenheit
1347 2900 2023 3071 um möglichst umgehen
1001 2932 1145 3050 bitt
810 2911 935 3050 rder
