3096 4168
2243 125 2341 195 Deine
642 764 1020 863 taliano per
1708 758 1993 895 3.1.31
503 837 1165 959 Judizioni Radiofonica
1548 840 2254 1017 ia Maria Cristina.
488 1098 1069 1220 Officio Artistico
1249 1095 2106 1284 SPETT.S.Fischer verlag AG
494 1203 1052 1316 Protocollo: 34222
1243 1238 1636 1360 Bülowstr. 90
1673 1255 2051 1397 Berlin W 57
779 1368 2690 1618 Die künstlerische Direktion ist seit dem 23.Februar 1930
474 1528 2527 1694 im Besitz einer Erklärung, mit der Herr Stefan Rökk Richter die
471 1653 2597 1877 Radiosendung aller Einakter von SÖHNITZLER gestattet, die von ihm
485 1769 1548 1920 eins Italienische übersetzt sind.
895 1819 2774 1993 Infolgedessen bedarf es für Schnitzler „Weihnachtseinkäufe“
616 1978 2734 2106 wie für andere Komödien von Molnar, Lakatos und Heyermans, die von
485 2083 2626 2219 Richter übersetzt sind) keiner anderen Ermächtigung als derjenigen
575 2132 2641 2321 e der schauspieler Giordano Geschini bereits hat und die er der
491 2251 2827 2434 genannten Direktion zur Sendung für den 24. Dezember übertragen hat, nach
526 2356 2553 2522 dem sie ihm von dem genannten Herrn Rökk Richter erteilt wurde,
1888 2469 2283 2652 Hochachtung.
1351 2478 1833 2690 Mit vorzüglich
