3079 4184
1194 444 1386 578 962
539 501 2195 706 S. FISCHER VERLAG A.-G.. BERene W 57
1001 642 1754 732 Theaterabteilung
357 765 2383 822 Fernsprecher: Lützow Nr. 6162-6161 / Telegramm=Adresse: Fischerverlag 6162 Berlinlützov
359 811 2378 950 Bankkonto: Deutsche Bank, Depositenkasse P in Berlin / Postscheckkonto; Berlin Nr. 16892
832 863 1643 994 Ma/Hb. Bülowstraße 90
1489 942 2141 1148 Berlin, den 7.3.30.
444 1122 629 1245 Herrn
670 1171 1790 1399 Dr.Arthur Schnitzler,
1754 1273 2252 1451 Wvi e n XVIII
462 1535 1119 1705 Lieber Herr Doktor,
1014 1641 2300 1756 ich habe mich sehr über Ihren heutigen
347 1746 2270 1887 Brief in der Angelegenheit Bannowsky gefreut, weil er fast
347 1849 2311 2003 wörtlich alle jene Argumente wiederholt, die ich selbst als
339 1972 2401 2123 Ihre wahrscheinliche Stellungnahme bereits ins Treffen geführt
324 2072 529 2193 habe.
963 2162 2365 2280 Ich möchte Ihnen zur Aufklärung nur sagen,
344 2295 2365 2378 dass die Klage lediglich aus dem Grunde angestrengt wurde, um
311 2380 2336 2514 einen Titel zur Vollstreckung gegen Barnowsky in der Hand zu
326 2493 634 2627 haben. —.
927 2537 2336 2729 Der Vergleich, der dann in der Verhandlung
344 2624 2372 2835 Über diese Klage vorgdschlagen wurde, sah vor, dass Barnowsky
341 2806 2393 2904 ab 15.2. täglich abrechnen, den Tantiemenrückstand in wöchent-
329 2899 2342 3014 lichen Raten von je RM 500.- und ab 31. März in wöchentlichen
329 2983 1612 3135 Raten von je RM 1000.- zahlen sollte
929 3102 2380 3220 Wir haben nunmehr auch den Vertrag gekündigt
1597 3209 1774 3320 b.w.
236 3548 336 3720 1000.
