3101 4167
1249 377 1408 484 1017
272 417 377 539 1
2596 429 2686 545 1
1266 469 1460 591 1016
527 553 2582 713 S. FISCHER VERLAG A.=G. / BERLIN W 57
1191 652 1930 756 Theaterabteilung
1486 768 2718 858 Telegramm*Adresse: Fischerverlag 6162 Berlinlützow
411 724 1313 895 Fernsprecher: Lützow Nr. 6162=6164
1912 817 2587 939 Postscheckkonto: Berlin Nr.
423 852 1712 979 Bankkonto: Deutsche Bank, Depositenkasse P in Berlin
2567 811 2712 924 16692
1286 930 1823 1063 Bülowstraße 90
1869 907 2524 1046 Berlin, den 2.3.31.
820 962 1043 1072 Ma/Hb.
794 1179 985 1275 Herrn
1029 1252 1565 1382 Dr. A. Schnitzler,
1625 1289 1982 1405 Wien XVIII
1628 1379 2005 1449 läänissä jonka määrännyt sisä
1565 1414 2109 1510 Sternwartestr.71
580 1565 1582 1710 Lieber Herr Doktor Schnitzler,
1570 1617 2709 1796 ich bin, auch der Meinung, dass sich
559 1738 2773 1883 unsere Verfolgung nur gegen Herrn Rökk Richter zu richten hätte und
556 1849 2703 2031 hoffe Sie damit einverstanden, dass wir Herrn Cecchini mitteilen,
565 1953 2727 2083 wir halten ihn für das Opfer dieses Herrn und messen ihm kein Ver-
571 2060 2683 2196 schulden bei, damit er nicht so sehr geschädigt wird, vorausgetzt
574 2156 2808 2295 natürlich dass er auch dafür sorgt, dass die entfallenden Honorare an
577 2312 1014 2434 uns gelangen.
1556 2335 2692 2503 Wegen „Spiel der Sommerlüfte" hatte
580 2469 2669 2608 ich ihnen bereits bei Eintreffen Ihres schreibens den Stand der
588 2590 1414 2756 Angelegenheit mitgeteilt.
1559 2651 2938 2784 Ich schrieb Ihnen wegen der Wiener Zeitun-
588 2802 2671 2938 gen nur aus dem grund, weil unser Ausschnittbüro nicht sämtliche
594 2886 2866 3011 Wiener Pressestimmen umfasst und ich angenommen habe, dass vielleicht
594 2990 2903 3126 unter einigen, die ich nicht erhalten hatte, besonders wichtige seien.
603 3077 2932 3205 Aber es kommt auf eine stimme mehr oder weniger auch nicht an, wenn das
611 3170 2643 3332 Gros, wie es der Fall ist, so ausserordentlich günstig schreibt.
1573 3358 2356 3474 Mit ergebensten grüssen
1770 3439 1909 3558 Ihr
1979 3576 2083 3689 e
487 3668 719 3851 0000. 2.30. V.
