3090 4039
1497 357 1668 484 1058
420 362 663 623 hi7
916 467 2418 626 S. Fischer Verlag / Berlin W57 Buͤlowstratze 90
1360 593 1993 658 AKTIEN GESELISCHAFT
690 700 2654 772 Bankkonto: Deutsche Bank, Depositenkasse P in Berlin / Postscheckkonto Berlin Nr. 16692
1115 755 2232 822 Fernsprechanschlüsse: Amt Lützow Nr. 6162 bis 6164
1115 814 2234 928 Telegramm-Adresse: Fischerverlag 61,62 Berlinlützow
678 906 874 1050 Be/Ja
1859 911 2783 1085 Berlin, den 2. September 1931.
670 1085 879 1209 Herrn
1139 1135 1832 1333 Dr.Arthur Schnitzler,
2031 1293 2123 1358 W
2038 1291 2594 1477 Sternwartestr.71
678 1519 1589 1698 Hochverehrter Herr Doktor!
1063 1648 2587 1807 In Anbetracht der vollkommen unübersichtlichen
678 1787 2676 1889 Wirtschaftslage und des zu befürchtenden starken Absatzrück-
675 1872 2607 2001 ganges möchten wir anstatt der vorgeschlagenen 20.000 Exem-
670 1988 2661 2073 plare Ihrer neuen Hovelle nur 15.000 zunächst in Druck geben.
673 2068 2582 2197 Jedoch soll es bei der Ihnen vorgeschlagenen Vorauszahlung
675 2185 2664 2296 für 15.000 Exemplare bleiben. Wollen Sie bitte so liebenswür-
673 2244 2624 2393 dig sein, uns mitzuteilen, ob Sie mit einer derartigen Rege-
670 2373 2631 2490 lung einverstanden wären. Die von Ihnen erbetene Teilzahlung
675 2455 2569 2569 von RM 5.000.- haben wir heute an die von Ihnen angegebene
660 2584 2649 2716 Bank überwiesen, ebenso die RM 254.- einer Theaterabrechnung.
1045 2646 1805 2803 Mit herzlichen Grüssen
1981 2713 2631 2897 Ihr Ihnen ergebener
1941 2890 2659 3049 Dr Beemannig
