3057 4087
1464 360 1565 522 G.C.P
1222 383 1429 550 1037
697 487 2178 645 S. Fischer Verlag / Berlin W 57 Bülowstraße 90
1112 617 1758 738 AKTIENGESELISCHAFT
452 717 2417 810 Bankkonto: Deutsche Bank, Depositenkasse P in Berlin / Postscheckkonto Berlin Nr. 16692
876 781 1997 841 Fernsprechanschlüsse: Amt Lützow Nr. 6162 bis 6164
882 833 1997 931 Telegramm-Adresse: Fischerverlag 6162 Berlinlützow
383 856 663 1020 Sch. / Ar.
1680 876 2443 1046 Berlin, den 6.Mai 1931.
1204 873 1527 1069 Reyer
1588 936 1936 1152 beian
377 1014 576 1129 Herrn
795 1106 1830 1271 Dr. Arthur Schnitzler
1985 1199 2472 1346 W i e n. XVIII
1994 1322 2478 1386 r~y  ==================
1930 1369 2610 1495 Sternwartestrasse 71
377 1458 1274 1599 Sehr verehrter Herr Doktor!
539 1559 2576 1706 Auf Ihr Schreiben vom 18. April an Herrn Dr.Maril haben wir die
372 1700 2619 1804 Ausstattung des "Reigen" in Ihrem Sinne abgeändert. Sie werden sehen,
377 1795 2694 1896 dass wir die Einbandprägung leichter gemacht und eine dünne Umrandungs-
380 1899 2567 2017 linie, die das Ganze schmückt, hinzugefügt haben. Für den Schutzum-
375 1994 2662 2126 schlag hat Herr Salter einen Titel geschrieben, der zusammen mit einer
375 2112 2654 2256 leichteren Anordnung des Textes im gleichen Sinne wirkt. Wir haben uns
360 2196 2466 2328 nicht entschliessen können, den Aufsatz von Felix Salten von dem
369 2325 2654 2440 Schutzumschlag wegzunehmen, er wird an dieser Stelle am sichersten ge-
375 2403 2659 2533 lesen und ist sowohl für den Buchhändler, als auch für de Rezensenten
366 2504 2648 2631 der deutlichste Hinweis auf Stellung und Bedeutung des Werkes. Auf die
363 2610 2657 2729 Klappen haben wir mit Absicht nur die beiden Sammelgruppen »Die Erzäh-
363 2717 2610 2824 lenden Schriften und „Die Theaterstücke“ genommen; eine Vollständig-
366 2809 2648 2916 keit in der Aufzählung der Werke war aus Raummangel nicht zu erzielen.
366 2916 2628 3034 Ein Gesamtverzeichnis Ihrer Bücherwird in Gestalt des Prospektes, von
369 3014 2633 3138 dem wir ein Exemplar diesem Schreiben beifügen, in das Buch eingelegt.
366 3115 2561 3221 Was die im Phaidon-Verlag erschienenen Bücher betrifft, so steht es
360 3227 2550 3348 Ihnen frei, den Verlag zur Beilage eines kleinen Prospektblattes zu
372 3342 2576 3446 veranlassen; für die erste Binde-Rate kämen 1000 Prospekte in Frage.
524 3429 2642 3538 Wir hoffen, sehr verehrter Herr Doktor, Ihrem Wunsche gerecht ge-
354 3538 2017 3682 worden zu sein; das Buch wird Mitte Mai erscheinen.
1639 3616 2559 3769 In vorzüglicher Hochachtung
205 3700 516 3858 12. 30 20000 V. S.
1671 3737 2354 3904 S. FISCHER VG. A
2403 3774 2495 3872 G.
2126 3835 2386 3918 Dkan
