3082 4087
1667 301 1927 471 1044
894 410 2380 569 S. Fischer Verlag / Berlin W57 Bülowstraße 90
1301 544 1958 665 AKTIENSESELISCHAFT
641 652 2615 732 Bankkonto: Deutsche Bank, Depositenkasse P in Berlin / Postscheckkonto Berlin Nr. 16692
1072 716 2192 781 Fernsprechanschlüsse: Amt Lützow Nr. 6162 bis 61 64
1067 757 2182 889 Telegramm-Adresse: Fischerverlag 6162 Berlinlütz###
2210 745 2775 889 den 17.Juni 1931.
641 775 853 920 Be/Ja
1422 814 1888 1038 Schwester
639 897 850 1036 Herrn
1103 1007 1801 1157 Dr. Arthur Schnitzler,
1979 1036 2447 1182 Wien XVIII
1984 1167 2522 1268 Sternwartestr.71
652 1340 1829 1486 Lieber, hochverehrter Herr Doktor
1041 1466 2682 1584 Dr. Maril ist in Urlaub, deshalb gebe ich Ihnen von
665 1543 2648 1672 einer Angelegenheit Kenntnis, in der Herr Barnowsky sich eben
662 1636 2656 1809 an mich wandte. Er möchte in der nächsten Spielzeit „Casanova
660 1788 2594 1876 in Spa aufführen. Da er, wie er mir sagte, auf Ihren einmal
662 1865 2638 1966 geäusserten Wunsch das Stück ohne Unterbrechung spielen will,
654 1958 2677 2079 hat er vor, noch einen Einakter dazuzunehmen und schlägt dafür
662 2030 2684 2167 nicht etwa, wie man erwarten sollte, einen Einakter von Ihnen
665 2169 2736 2244 vor, sondern den "Kammersänger" von Wedekind, mit der Begründung,
665 2265 2713 2360 dass er sich mit der Wahl dieses in Berlin nicht sehr bekannten
660 2324 2633 2450 Stückes von Wedekind für das Hauptstück des Abends »Casanova
660 2460 2721 2548 in Spa", einen grösseren Erfolg verspricht. Als Hauptdarsteller
670 2548 2656 2651 für beide Stücke denkt er an Forster oder an Kurt götz. Da es
660 2615 2731 2757 sich bei der ganzen Frage zunächst um eine prinzipielle handelt,
657 2741 2715 2854 möchte ich, bevor wir weiter mit Herrn Barnowsky sprechen, Ihre
660 2847 2708 2950 prinzipielle Stellungnahme dazu hören. Dass wir einen evtl.Ver-
660 2945 2679 3050 trag mit allen nur erdenklichen Sicherheiten abschliessen wer-
665 3037 1644 3171 den, versteht sich von selbst.
1680 3125 2463 3251 Mit ergebensten Grüssen
1806 3238 2283 3403 Prennemen
562 3612 721 3777 30000 V.S.
492 3800 804 3903 12. 30 20000 V. S.
