3085 4104
1154 351 1398 483 1053
1471 317 1850 517 Flurp
2153 357 2406 525 .
865 458 2384 626 S. Fischer Verlag/Berlin W57 Bülowstratze 90
1294 581 1962 702 AKTIENSESELLESCHAFT
623 682 2617 766 Bankkonto: Deutsche Bank, Depositenkasse P in Berlin / Postscheckkonto Berlin Nr. 16692
1056 750 2193 823 Fernsprechanschlüsse: Amt Lützow Nr. 6162 bis 6164
719 761 890 887 Ma/N
1058 806 2195 901 Telegramm-Adresse: Fischerverlag 6162 Berlinlützow
1937 921 2706 1061 Berlin, 24. August 1931.
595 1168 1788 1311 Herrn Dr. Arthur Schnitzler
604 1258 1162 1387 Sternwartestr.71
601 1322 870 1421 W i e n
592 1466 1249 1595 Lieber Herr Doktor!
592 1583 2771 1724 Herr Dr. Hermann, der jetzt auf Urlaub ist, hat mir die Information
581 1679 2833 1819 hinterlassen, dass wir berechtigt wären, für "Flucht in die Finsternis
598 1805 2791 1929 nach England abzuschliessen. Ich habe jetzt dem Verlag Cassels der
601 1915 2732 2038 sich dafür interessiert hatte, folgendes Angebot gemacht, dass er
592 1993 1123 2134 acceptiert hat:
1143 2038 2291 2156 10 % für die ersten 2500 Exemplare
1103 2131 2353 2232 1242% für die nächsten 2500 Exemplare
1134 2210 2229 2263 15 % für alle weiteren Exemplare
1106 2249 2288 2370 sowie eine Vorauszahlung von 100 L.
590 2344 2793 2462 Ich halte den Abschluss für sehr günstig und bitte jedenfalls, mir
601 2423 1954 2572 die Zustimmung telegrafisch zu erteilen.
1659 2566 2462 2704 Mit ergebensten Grüssen
1842 2681 2347 2765 S. FISCHER, VERLAG
1875 2743 2330 2808 AKTRENGESELISCHAFT
1808 2785 2375 2897 AUSLANDSABTEILUNG
