3100 4089
1048 324 1179 455 98
1351 304 1497 464 P.
628 409 2139 622 S. Fischer Verlag / Berlin W57 Bülowstratze 90
1071 534 1707 677 AKTIENGESELISCHAFT
394 616 2388 785 Bankkonto: Deutsche Bank, Depositenkasse P in Berlin / Postscheckkonto Berlin Nr. 16692
832 686 1964 785 Fernsprechanschlüsse: Amt Lützow Nr. 6162 bis 6164
838 741 1970 887 Telegramm-Adresse: Fischerverlag 6162 Berlinlützow
1996 814 2560 972 21. Oktober 1930
394 914 587 1045 F/Si.
630 1027 1912 1226 Herrn Dr. Arthur Schnitzler
2113 1112 2501 1258 Wien XVIII
1961 1214 2577 1334 Sternwartestr. 71
511 1363 1001 1494 Lieber Freund,
607 1381 2496 1562 bitte lassen Sie mir die englische Originalfassung von
464 1529 2551 1702 „ The history of Schnitzler Reigen „ zugehen. Wir beginnen noch
464 1599 2659 1783 in diesem Monat mit dem Satz der „Reigen - Ausgabe w und so kommt
458 1742 2557 1915 uns die aktenmässige Darstellung als Vorwort zu dem Buch gerade
467 1871 1048 2052 zur rechten Zeit
636 1921 2513 2090 Wegen der schlechten Verkaufsmöglichkeiten der Bücher im
473 2049 2513 2192 allgemeinen und der Ihren im besonderen, haben wir im Engadin
476 2227 864 2350 gesprochen.
628 2253 2612 2425 Ich hatte im Sinn im nächsten Jahr einen starken Sammelband
487 2350 2741 2531 Ihrer besten Novellen zum Preise von M 2,85 für das in Leinen gebun-
487 2472 2633 2636 dene Exemplar vorzuschlagen. Das kann einen starken Erfolg geben,
607 2592 1045 2668 freilich
487 2595 2528 2706 dentwegen des ausserordentlich billigen Preises mehr Ehre als
496 2679 2688 2822 Gewinn verspricht. Der bestehende Preis von M 2,85 kann nicht auf
499 2787 2846 2939 jedes Buch angewendet werden. Wir haben auf diesem Gebiet die Erfahrung
496 2878 2732 3047 gemacht, dass die Käufermassen zumeist aus dem Kleinbürgertum stam-
493 2998 2822 3155 men, die in stofflicher Hinsicht ziemlich spröde sind. Wir haben, wie
505 3068 2755 3257 Sie wissen, von den "Buddenbrooks" 1 Million Exemplare abgesetzt,
514 3152 2828 3330 von Wassermanns „Gänsemännchen“, das erst vor kurzer Zeit erschienen
508 3298 2793 3432 ist, ist der Absatz viel geringer, aber immerhin doch noch zufrieden-
511 3430 844 3555 stellend.
619 3546 2820 3698 Von „Casanovas Heimfahrte haben wir, wie Ihnen bekannt ist, eine
286 3637 598 3847 10. 28. 12.000 V. S.
