3100 4089
833 351 990 467 toutes les
1295 358 1751 536 hochdruck
1021 343 1217 511 983
722 428 2210 647 S. Fischer Verlag/Berlin W57 Bülowstrasse 90
1137 603 1782 745 AKTIINGESELISCHAFT
480 678 2450 817 Bankkonto: Deutsche Bank, Depositenkasse P in Berlin / Postscheckkonto Berlin Nr. 16692
913 750 2037 851 Fernsprechanschlüsse: Amt Lützow Nr. 6162 bis 6164
918 812 2042 957 Telegramm-Adresse: Fischerverlag 6162 Berlinlützow
1452 856 2138 988 Berlin, den 30.9.30.
518 1091 812 1217 ius. / sa.
665 1367 771 1506 An
830 1338 2156 1521 Herrn Dr. Arthur Schnitzler,
1645 1547 2158 1692 W i e n XVIII.
2205 1653 2300 1723 —
1952 1668 2084 1723 — — — —
1650 1676 1908 1735 ̃ ̃̃ —: —:
1676 1689 2393 1810 Sternwartestrasse 71.
1496 1777 1668 1942 P.S.
2182 1795 2401 1947 G.C.F.P.
887 1921 1818 2099 Sehr geehrter Herr Doktor
1253 2042 2777 2213 Der Verlag Velhagen & Klasing
743 2153 2728 2326 bereitet als Schulausgabe ein Bändchen vor, das Auszüge aus
743 2298 2816 2437 Dramen der neuesten Zeit enthält. Unter den in Aussicht genom¬
753 2391 2798 2568 menen Proben befindet sich auch Ihr Werk " Der grüne Kakadu "
750 2507 2811 2684 und zwar Seite 144 Mitte, bis zum Schluss. Der Verlag Velhagen
758 2628 2762 2785 & Klasing beabsichtigt, jeden Nachdruck mit M 50.— zu hono-
756 2754 2811 2888 rieren. Wir möchten Ihnen dringend empfehlen, die Erlaubnis zu
766 2837 2746 3043 diesem Nachdruck zu geben, da es doch wichtig ist, Ihr Werk
763 2950 2135 3162 auch in Schülerkreisen bekannt zu machen.
1318 2999 2852 3236 Mit der Bitte,uns sogleich Ihren freundlichen
763 3218 2811 3368 Bescheid zukommen zu lassen und mit vorzüglicher Hochachtung
1604 3324 2228 3543 S. FISCHERVERLG.
2220 3347 2646 3564 Sincerneur,
1725 3484 1901 3566 & in
353 3711 668 3912 10, 29. 12000 V. S.
