<?xml version="1.0" encoding="UTF-8" standalone="yes"?>
<PcGts xmlns="http://schema.primaresearch.org/PAGE/gts/pagecontent/2013-07-15" xmlns:xsi="http://www.w3.org/2001/XMLSchema-instance" xsi:schemaLocation="http://schema.primaresearch.org/PAGE/gts/pagecontent/2013-07-15 http://schema.primaresearch.org/PAGE/gts/pagecontent/2013-07-15/pagecontent.xsd">
    <Metadata>
        <Creator>prov=READ-COOP:name=TrHtr:version=2.1.0:model_id=51170:date=25_07_2023_14:24</Creator>
        <Created>2023-05-02T08:16:25.224+02:00</Created>
        <LastChange>2023-07-25T14:24:15.582+02:00</LastChange>
        <TranskribusMetadata docId="1416744" pageId="54954191" pageNr="158" tsid="130674047" status="IN_PROGRESS" userId="64420" imgUrl="https://files.transkribus.eu/Get?id=GQIUNQVCMORHWYYHLCLCTSOT&amp;fileType=view" xmlUrl="https://files.transkribus.eu/Get?id=ECPKRKREBHZCZUJLCQVDOUCU" imageId="44457916"/>
    </Metadata>
    <Page imageFilename="1416744_0158.jpg" imageWidth="3193" imageHeight="4040">
        <ReadingOrder>
            <OrderedGroup id="ro_1711826023365" caption="Regions reading order">
                <RegionRefIndexed index="0" regionRef="tr_2"/>
                <RegionRefIndexed index="1" regionRef="tr_1"/>
            </OrderedGroup>
        </ReadingOrder>
        <TextRegion id="tr_2" custom="readingOrder {index:0;}">
            <Coords points="2025,925 2900,925 2900,1788 2025,1788"/>
            <TextLine id="tr_2_tl_1" custom="readingOrder {index:0;}">
                <Coords points="2767,1025 2787,1038 2800,1035 2839,1063 2873,1070 2904,950 2880,951 2863,961 2839,956 2827,963 2816,950 2789,940"/>
                <Baseline points="2777,1008 2810,999 2855,990 2900,975"/>
                <TextEquiv>
                    <Unicode>que les</Unicode>
                </TextEquiv>
            </TextLine>
            <TextLine id="tr_2_tl_2" custom="readingOrder {index:1;}">
                <Coords points="2019,1106 2231,1070 2314,1090 2570,1089 2667,1062 2745,1076 2753,998 2532,994 2428,1024 2392,1002 2203,998 2132,1021 2022,1002"/>
                <Baseline points="2025,1074 2037,1074 2082,1071 2127,1074 2172,1071 2216,1071 2261,1068 2306,1065 2351,1065 2395,1065 2440,1065 2485,1062 2530,1062 2574,1059 2619,1059 2664,1056 2709,1053 2754,1053"/>
                <TextEquiv>
                    <Unicode>Flucht in die Finsternis</Unicode>
                </TextEquiv>
            </TextLine>
            <TextLine id="tr_2_tl_3" custom="readingOrder {index:2;}">
                <Coords points="2023,1171 2124,1189 2280,1172 2353,1197 2537,1161 2766,1163 2767,1130 2473,1124 2440,1104 2321,1137 2024,1128"/>
                <Baseline points="2028,1169 2052,1169 2097,1169 2142,1169 2187,1169 2231,1166 2276,1166 2321,1163 2366,1163 2410,1163 2455,1160 2500,1157 2545,1157 2589,1154 2634,1154 2679,1154 2724,1151 2768,1148"/>
                <TextEquiv>
                    <Unicode>Schnitzlers neue Erzählung führt uns in</Unicode>
                </TextEquiv>
            </TextLine>
            <TextLine id="tr_2_tl_4" custom="readingOrder {index:3;}">
                <Coords points="2026,1232 2155,1252 2265,1229 2346,1245 2389,1221 2428,1238 2737,1226 2763,1221 2765,1162 2635,1162 2572,1188 2498,1168 2331,1195 2208,1171 2081,1204 2027,1194"/>
                <Baseline points="2031,1229 2049,1226 2094,1223 2139,1223 2184,1223 2228,1223 2273,1220 2318,1220 2363,1217 2407,1217 2452,1214 2497,1214 2542,1214 2586,1211 2631,1211 2676,1208 2721,1205 2765,1202"/>
                <TextEquiv>
                    <Unicode>das Grenzgebiet zwischen der Selbstbe-</Unicode>
                </TextEquiv>
            </TextLine>
            <TextLine id="tr_2_tl_5" custom="readingOrder {index:4;}">
                <Coords points="2022,1299 2672,1265 2765,1289 2767,1218 2461,1245 2389,1221 2346,1246 2301,1232 2134,1257 2024,1231"/>
                <Baseline points="2028,1283 2052,1283 2097,1280 2142,1280 2187,1280 2231,1277 2276,1274 2321,1274 2366,1271 2410,1271 2455,1271 2500,1268 2545,1268 2589,1268 2634,1265 2679,1262 2724,1262 2768,1262"/>
                <TextEquiv>
                    <Unicode>stimmung eines Menschen und dem über</Unicode>
                </TextEquiv>
            </TextLine>
            <TextLine id="tr_2_tl_6" custom="readingOrder {index:5;}">
                <Coords points="2026,1343 2102,1359 2305,1333 2762,1338 2764,1288 2506,1270 2237,1308 2027,1298"/>
                <Baseline points="2031,1339 2049,1336 2094,1336 2139,1336 2184,1333 2228,1333 2273,1330 2318,1327 2363,1327 2407,1327 2452,1324 2497,1324 2542,1324 2586,1321 2631,1321 2676,1318 2721,1315 2765,1315"/>
                <TextEquiv>
                    <Unicode>ihn verhängten Schicksal. Mit gespannter</Unicode>
                </TextEquiv>
            </TextLine>
            <TextLine id="tr_2_tl_7" custom="readingOrder {index:6;}">
                <Coords points="2023,1400 2199,1416 2241,1396 2340,1410 2641,1377 2753,1409 2764,1340 2531,1351 2436,1333 2102,1360 2025,1341"/>
                <Baseline points="2028,1390 2049,1393 2094,1390 2139,1390 2184,1390 2228,1387 2273,1384 2318,1384 2363,1384 2407,1381 2452,1381 2497,1381 2542,1378 2586,1378 2631,1375 2676,1372 2721,1372 2765,1369"/>
                <TextEquiv>
                    <Unicode>Anteilnahme folgen wir ihm durch die Ge¬</Unicode>
                </TextEquiv>
            </TextLine>
            <TextLine id="tr_2_tl_8" custom="readingOrder {index:7;}">
                <Coords points="2023,1468 2124,1450 2274,1470 2488,1439 2559,1462 2761,1454 2770,1404 2643,1406 2609,1384 2264,1420 2024,1400"/>
                <Baseline points="2028,1447 2055,1447 2100,1447 2145,1444 2190,1444 2234,1444 2279,1441 2324,1441 2369,1438 2413,1438 2458,1435 2503,1435 2548,1435 2592,1435 2637,1432 2682,1432 2727,1429 2771,1426"/>
                <TextEquiv>
                    <Unicode>schichte einer Zwangsvorstellung, gefes¬</Unicode>
                </TextEquiv>
            </TextLine>
            <TextLine id="tr_2_tl_9" custom="readingOrder {index:8;}">
                <Coords points="2032,1525 2179,1503 2252,1502 2285,1526 2436,1499 2751,1502 2768,1453 2034,1462"/>
                <Baseline points="2037,1503 2052,1503 2097,1500 2142,1497 2187,1497 2231,1497 2276,1497 2321,1494 2366,1494 2410,1491 2455,1491 2500,1488 2545,1485 2589,1485 2634,1485 2679,1485 2724,1482 2768,1479"/>
                <TextEquiv>
                    <Unicode>selt von ihrer bestürzenden metaphysi¬</Unicode>
                </TextEquiv>
            </TextLine>
            <TextLine id="tr_2_tl_10" custom="readingOrder {index:9;}">
                <Coords points="2032,1560 2093,1578 2133,1560 2223,1577 2365,1553 2724,1555 2775,1545 2776,1513 2645,1493 2033,1532"/>
                <Baseline points="2037,1560 2061,1557 2106,1557 2151,1554 2196,1554 2240,1554 2285,1551 2330,1548 2375,1548 2419,1548 2464,1545 2509,1545 2554,1545 2598,1542 2643,1539 2688,1539 2733,1539 2777,1542"/>
                <TextEquiv>
                    <Unicode>schen Logik, und wir begreifen deutlicher,</Unicode>
                </TextEquiv>
            </TextLine>
            <TextLine id="tr_2_tl_11" custom="readingOrder {index:10;}">
                <Coords points="2038,1621 2308,1630 2583,1601 2691,1621 2775,1607 2776,1570 2707,1553 2622,1575 2582,1555 2516,1576 2365,1553 2223,1577 2133,1561 2039,1590"/>
                <Baseline points="2043,1614 2061,1614 2106,1611 2151,1611 2196,1608 2240,1605 2285,1605 2330,1605 2375,1602 2419,1602 2464,1599 2509,1599 2554,1599 2598,1596 2643,1596 2688,1593 2733,1593 2777,1590"/>
                <TextEquiv>
                    <Unicode>wie der holde Wahn des Genialen und der</Unicode>
                </TextEquiv>
            </TextLine>
            <TextLine id="tr_2_tl_12" custom="readingOrder {index:11;}">
                <Coords points="2035,1678 2108,1693 2405,1661 2501,1680 2696,1671 2771,1659 2773,1606 2593,1633 2513,1605 2440,1626 2232,1617 2189,1641 2097,1620 2035,1648"/>
                <Baseline points="2040,1667 2058,1667 2103,1667 2148,1667 2193,1664 2237,1661 2282,1661 2327,1658 2372,1658 2416,1655 2461,1655 2506,1655 2551,1652 2595,1652 2640,1652 2685,1650 2730,1647 2774,1647"/>
                <TextEquiv>
                    <Unicode>unholde des Kranken einander gefährlich</Unicode>
                </TextEquiv>
            </TextLine>
            <TextLine id="tr_2_tl_13" custom="readingOrder {index:12;}">
                <Coords points="2040,1735 2259,1750 2309,1724 2511,1714 2666,1735 2775,1705 2777,1655 2041,1690"/>
                <Baseline points="2046,1721 2061,1721 2106,1721 2151,1721 2196,1718 2240,1718 2285,1715 2330,1715 2375,1715 2419,1712 2464,1709 2509,1709 2554,1706 2598,1706 2643,1706 2688,1703 2733,1706 2777,1703"/>
                <TextEquiv>
                    <Unicode>benachbart sind. Aber es wäre weit ge-</Unicode>
                </TextEquiv>
            </TextLine>
            <TextLine id="tr_2_tl_14" custom="readingOrder {index:13;}">
                <Coords points="2038,1792 2207,1797 2260,1776 2327,1795 2402,1773 2429,1794 2466,1771 2586,1768 2669,1791 2784,1768 2785,1728 2356,1719 2281,1749 2144,1753 2040,1735"/>
                <Baseline points="2043,1778 2070,1778 2115,1775 2160,1775 2204,1775 2249,1772 2294,1772 2339,1769 2384,1769 2428,1769 2473,1766 2518,1766 2563,1763 2607,1763 2652,1760 2697,1760 2742,1757 2786,1757"/>
                <TextEquiv>
                    <Unicode>fehlt, wenn man aus dem Thema auf ein</Unicode>
                </TextEquiv>
            </TextLine>
        </TextRegion>
        <TextRegion id="tr_1" custom="readingOrder {index:1;}">
            <Coords points="531,1761 2953,1761 2953,3718 531,3718"/>
            <TextLine id="tr_1_tl_1" custom="readingOrder {index:0;}">
                <Coords points="2038,1841 2357,1848 2472,1827 2622,1851 2673,1828 2775,1830 2776,1786 2608,1771 2520,1794 2464,1772 2420,1797 2039,1802"/>
                <Baseline points="2043,1835 2061,1835 2106,1832 2151,1832 2196,1832 2240,1829 2285,1829 2330,1826 2375,1823 2419,1823 2464,1820 2509,1820 2554,1820 2598,1817 2643,1820 2688,1817 2733,1814 2777,1811"/>
                <TextEquiv>
                    <Unicode>düsteres und gespenstisches Buch schlie¬</Unicode>
                </TextEquiv>
            </TextLine>
            <TextLine id="tr_1_tl_2" custom="readingOrder {index:1;}">
                <Coords points="2035,1900 2707,1871 2775,1886 2776,1841 2037,1852"/>
                <Baseline points="2040,1888 2061,1888 2106,1888 2151,1885 2196,1885 2240,1882 2285,1882 2330,1882 2375,1879 2419,1879 2464,1876 2509,1876 2554,1873 2598,1873 2643,1870 2688,1870 2733,1870 2777,1867"/>
                <TextEquiv>
                    <Unicode>Ben wollte. Bis dicht an das ernste, ver-</Unicode>
                </TextEquiv>
            </TextLine>
            <TextLine id="tr_1_tl_3" custom="readingOrder {index:2;}">
                <Coords points="2040,1974 2209,1944 2249,1969 2423,1937 2468,1956 2561,1931 2623,1955 2670,1928 2764,1946 2773,1885 2740,1875 2674,1904 2599,1878 2491,1880 2136,1917 2042,1900"/>
                <Baseline points="2046,1942 2058,1942 2103,1942 2148,1942 2193,1942 2237,1939 2282,1936 2327,1936 2372,1933 2416,1933 2461,1933 2506,1930 2551,1930 2595,1930 2640,1927 2685,1927 2730,1924 2774,1921"/>
                <TextEquiv>
                    <Unicode>hüllte Ziel führt der Weg durch die wohl¬</Unicode>
                </TextEquiv>
            </TextLine>
            <TextLine id="tr_1_tl_4" custom="readingOrder {index:3;}">
                <Coords points="2040,2005 2625,2003 2762,1991 2781,1947 2428,1942 2349,1961 2308,1944 2252,1970 2083,1955 2041,1974"/>
                <Baseline points="2046,1996 2067,1999 2112,1999 2157,1999 2202,1996 2246,1993 2291,1993 2336,1990 2381,1990 2425,1987 2470,1987 2515,1987 2560,1984 2604,1984 2649,1981 2694,1981 2739,1978 2783,1975"/>
                <TextEquiv>
                    <Unicode>tätig vertraute heimatliche Fülle des Da¬</Unicode>
                </TextEquiv>
            </TextLine>
            <TextLine id="tr_1_tl_5" custom="readingOrder {index:4;}">
                <Coords points="2046,2083 2333,2048 2706,2058 2787,2041 2788,1997 2672,2012 2595,1992 2542,2013 2464,1997 2405,2022 2098,2022 2049,2002"/>
                <Baseline points="2052,2052 2073,2052 2118,2052 2163,2052 2207,2049 2252,2049 2297,2046 2342,2046 2387,2046 2431,2043 2476,2040 2521,2040 2566,2040 2610,2037 2655,2037 2700,2034 2745,2031 2789,2031"/>
                <TextEquiv>
                    <Unicode>seins. Uberdem Ganzen liegt die zarte und</Unicode>
                </TextEquiv>
            </TextLine>
            <TextLine id="tr_1_tl_6" custom="readingOrder {index:5;}">
                <Coords points="2049,2111 2131,2132 2184,2110 2254,2129 2338,2106 2737,2106 2790,2096 2791,2067 2734,2044 2656,2065 2551,2052 2491,2078 2192,2058 2050,2084"/>
                <Baseline points="2055,2109 2076,2109 2121,2106 2166,2106 2210,2103 2255,2103 2300,2100 2345,2100 2389,2100 2434,2097 2479,2097 2524,2097 2569,2094 2613,2094 2658,2094 2703,2091 2748,2088 2792,2085"/>
                <TextEquiv>
                    <Unicode>wissende Wehmut eines verfrühten Ab-</Unicode>
                </TextEquiv>
            </TextLine>
            <TextLine id="tr_1_tl_7" custom="readingOrder {index:6;}">
                <Coords points="2046,2178 2273,2184 2538,2155 2787,2167 2789,2098 2517,2108 2435,2132 2338,2107 2130,2132 2048,2113"/>
                <Baseline points="2052,2163 2073,2163 2118,2163 2163,2163 2207,2160 2252,2157 2297,2157 2342,2157 2387,2154 2431,2154 2476,2151 2521,2151 2566,2151 2610,2148 2655,2148 2700,2148 2745,2145 2789,2145"/>
                <TextEquiv>
                    <Unicode>schieds von der Kraft und Gesundheit der</Unicode>
                </TextEquiv>
            </TextLine>
            <TextLine id="tr_1_tl_8" custom="readingOrder {index:7;}">
                <Coords points="2049,2238 2747,2207 2794,2229 2795,2170 2765,2160 2659,2181 2538,2160 2510,2179 2357,2161 2274,2184 2051,2179"/>
                <Baseline points="2055,2216 2079,2219 2124,2216 2169,2216 2213,2216 2258,2213 2303,2213 2348,2210 2392,2210 2437,2210 2482,2207 2527,2204 2571,2204 2616,2204 2661,2204 2706,2202 2751,2202 2795,2202"/>
                <TextEquiv>
                    <Unicode>Welt. Einen treibt es in die Finsternis,</Unicode>
                </TextEquiv>
            </TextLine>
            <TextLine id="tr_1_tl_9" custom="readingOrder {index:8;}">
                <Coords points="2047,2282 2121,2296 2280,2274 2348,2296 2588,2263 2672,2283 2724,2261 2802,2268 2803,2228 2747,2207 2517,2214 2453,2239 2301,2215 2172,2245 2048,2238"/>
                <Baseline points="2052,2273 2088,2273 2133,2273 2178,2270 2222,2270 2267,2270 2312,2267 2357,2267 2401,2264 2446,2264 2491,2264 2536,2261 2580,2261 2625,2258 2670,2258 2715,2258 2759,2255 2804,2255"/>
                <TextEquiv>
                    <Unicode>nachdem er noch ein letztes Abenteuer der</Unicode>
                </TextEquiv>
            </TextLine>
            <TextLine id="tr_1_tl_10" custom="readingOrder {index:9;}">
                <Coords points="2053,2340 2209,2352 2284,2326 2470,2340 2694,2316 2785,2335 2797,2267 2209,2299 2054,2284"/>
                <Baseline points="2058,2327 2082,2330 2127,2330 2172,2327 2216,2327 2261,2324 2306,2324 2351,2321 2395,2321 2440,2318 2485,2318 2530,2318 2574,2315 2619,2315 2664,2315 2709,2315 2754,2312 2798,2309"/>
                <TextEquiv>
                    <Unicode>Liebe gepflückt und die bittersüße Erin-</Unicode>
                </TextEquiv>
            </TextLine>
            <TextLine id="tr_1_tl_11" custom="readingOrder {index:10;}">
                <Coords points="2047,2390 2235,2413 2333,2383 2745,2385 2799,2379 2800,2333 2734,2324 2680,2346 2543,2322 2347,2355 2289,2339 2048,2359"/>
                <Baseline points="2052,2387 2085,2387 2130,2384 2175,2384 2219,2384 2264,2381 2309,2378 2354,2378 2398,2375 2443,2375 2488,2375 2533,2375 2577,2372 2622,2372 2667,2369 2712,2369 2756,2366 2801,2366"/>
                <TextEquiv>
                    <Unicode>nerung an frühere gekostet hat, aber viele</Unicode>
                </TextEquiv>
            </TextLine>
            <TextLine id="tr_1_tl_12" custom="readingOrder {index:11;}">
                <Coords points="2056,2445 2097,2462 2311,2439 2410,2457 2503,2435 2593,2446 2613,2428 2782,2444 2796,2392 2707,2372 2327,2411 2057,2400"/>
                <Baseline points="2061,2443 2082,2440 2127,2437 2172,2437 2216,2437 2261,2434 2306,2434 2351,2431 2395,2431 2440,2431 2485,2428 2530,2428 2574,2428 2619,2425 2664,2425 2709,2422 2754,2422 2798,2419"/>
                <TextEquiv>
                    <Unicode>bleiben in der abendlichen Schönheit der</Unicode>
                </TextEquiv>
            </TextLine>
            <TextLine id="tr_1_tl_13" custom="readingOrder {index:12;}">
                <Coords points="2056,2523 2249,2494 2335,2521 2448,2493 2687,2485 2777,2510 2797,2441 2504,2435 2462,2456 2339,2444 2192,2467 2057,2449"/>
                <Baseline points="2061,2497 2082,2494 2127,2494 2172,2491 2216,2491 2261,2488 2306,2488 2351,2488 2395,2485 2440,2485 2485,2485 2530,2482 2574,2485 2619,2482 2664,2482 2709,2479 2754,2479 2798,2476"/>
                <TextEquiv>
                    <Unicode>Zivilisation Altösterreichs, in der ge¬</Unicode>
                </TextEquiv>
            </TextLine>
            <TextLine id="tr_1_tl_14" custom="readingOrder {index:13;}">
                <Coords points="2053,2556 2316,2552 2436,2580 2564,2543 2803,2543 2804,2500 2516,2494 2054,2527"/>
                <Baseline points="2058,2551 2088,2551 2133,2551 2178,2548 2222,2548 2267,2545 2312,2545 2357,2542 2401,2542 2446,2539 2491,2539 2536,2539 2580,2536 2625,2536 2670,2536 2715,2536 2759,2533 2804,2536"/>
                <TextEquiv>
                    <Unicode>sicherten Unerschöpflichkeit der irdischen</Unicode>
                </TextEquiv>
            </TextLine>
            <TextLine id="tr_1_tl_15" custom="readingOrder {index:14;}">
                <Coords points="2819,2645 2851,2651 2861,2661 2891,2654 2933,2679 2962,2555 2939,2549 2905,2550 2899,2542 2885,2551 2870,2543 2857,2547 2844,2536"/>
                <Baseline points="2828,2628 2864,2619 2909,2610 2953,2598"/>
                <TextEquiv>
                    <Unicode>blan</Unicode>
                </TextEquiv>
            </TextLine>
            <TextLine id="tr_1_tl_16" custom="readingOrder {index:15;}">
                <Coords points="2065,2627 2084,2626 2102,2612 2116,2615 2133,2630 2163,2615 2168,2620 2184,2614 2186,2562 2135,2564 2109,2555 2102,2561 2092,2557 2067,2561"/>
                <Baseline points="2070,2607 2097,2607 2142,2604 2187,2604"/>
                <TextEquiv>
                    <Unicode>Natur.</Unicode>
                </TextEquiv>
            </TextLine>
            <TextLine id="tr_1_tl_17" custom="readingOrder {index:16;}">
                <Coords points="2190,2795 2278,2802 2395,2783 2429,2803 2520,2805 2558,2779 2683,2794 2684,2735 2638,2720 2528,2737 2467,2723 2404,2736 2375,2722 2292,2752 2192,2725"/>
                <Baseline points="2196,2783 2237,2783 2282,2780 2327,2780 2372,2780 2416,2777 2461,2777 2506,2777 2551,2777 2595,2774 2640,2774 2685,2768"/>
                <TextEquiv>
                    <Unicode>ARTHUR SCHNITZLES</Unicode>
                </TextEquiv>
            </TextLine>
            <TextLine id="tr_1_tl_18" custom="readingOrder {index:17;}">
                <Coords points="2196,2874 2293,2861 2375,2878 2422,2857 2489,2878 2533,2863 2567,2882 2610,2855 2736,2861 2738,2801 2659,2790 2625,2803 2558,2779 2532,2799 2421,2800 2359,2827 2333,2810 2269,2823 2199,2802"/>
                <Baseline points="2202,2858 2246,2858 2291,2855 2336,2858 2381,2855 2425,2855 2470,2852 2515,2852 2560,2849 2604,2846 2649,2846 2694,2840 2739,2837"/>
                <TextEquiv>
                    <Unicode>Traum und Schicksal</Unicode>
                </TextEquiv>
            </TextLine>
            <TextLine id="tr_1_tl_19" custom="readingOrder {index:18;}">
                <Coords points="2285,2938 2340,2925 2357,2933 2370,2923 2411,2939 2457,2922 2526,2923 2575,2910 2576,2881 2559,2883 2535,2864 2491,2879 2445,2858 2416,2858 2387,2878 2287,2860"/>
                <Baseline points="2291,2909 2309,2912 2354,2912 2398,2909 2443,2909 2488,2906 2533,2906 2577,2903"/>
                <TextEquiv>
                    <Unicode>Sieben Novellen</Unicode>
                </TextEquiv>
            </TextLine>
            <TextLine id="tr_1_tl_20" custom="readingOrder {index:19;}">
                <Coords points="2261,2986 2319,2978 2359,2989 2448,2966 2467,2976 2508,2971 2533,2985 2565,2973 2617,2982 2618,2923 2550,2932 2490,2918 2415,2939 2377,2923 2262,2937"/>
                <Baseline points="2267,2968 2306,2965 2351,2965 2395,2962 2440,2962 2485,2962 2530,2962 2574,2962 2619,2956"/>
                <TextEquiv>
                    <Unicode>Woblfeile Sonderausgabe</Unicode>
                </TextEquiv>
            </TextLine>
            <TextLine id="tr_1_tl_21" custom="readingOrder {index:20;}">
                <Coords points="2196,3051 2267,3033 2383,3038 2480,3014 2520,3015 2545,3036 2644,3032 2696,3017 2697,2975 2565,2972 2544,2986 2470,2973 2455,2985 2420,2969 2360,2989 2310,2978 2239,2991 2198,2963"/>
                <Baseline points="2202,3019 2204,3019 2249,3016 2294,3016 2339,3016 2384,3016 2428,3013 2473,3013 2518,3013 2563,3013 2607,3010 2652,3007 2697,3004"/>
                <TextEquiv>
                    <Unicode>In Leinen gebunden 2.87 RM</Unicode>
                </TextEquiv>
            </TextLine>
            <TextLine id="tr_1_tl_22" custom="readingOrder {index:21;}">
                <Coords points="526,3726 599,3745 652,3713 684,3712 702,3724 734,3728 788,3718 788,3650 776,3657 749,3641 724,3640 631,3669 603,3660 561,3675 526,3663"/>
                <Baseline points="531,3708 575,3708 620,3708 665,3708 710,3708 754,3708 790,3708"/>
                <TextEquiv>
                    <Unicode>10000. 6. 31. V.</Unicode>
                </TextEquiv>
            </TextLine>
        </TextRegion>
    </Page>
</PcGts>
