3020 4183
734 799 2488 979 und ihm verboten, das Stück weiter zur Aufführung zu
731 923 2612 1072 bringen. Dieses Verbot steht freilich nur auf dem Papier,
731 1062 2447 1191 solange wir nicht eine einstweilige Verfügung gegen
731 1157 2571 1283 Barnowsky einbringen, wodurch ihm gerichtlich untersagt
727 1225 2675 1363 wird, das Stück zu spielen. Unter dem Druck dieser Androhu
727 1351 2428 1485 hat Barnowsky jemand zu uns geschickt, um in dieser
734 1436 2500 1558 Angelegenheit zu intervenieren. Wir haben ihm gestern
729 1555 2537 1696 eröffnet, dass er mindestens RM 3000,- zunächst zu er-
727 1635 2474 1750 legen hätte, wenn wir von weiteren Schritten absehen
727 1771 2500 1888 sollten. Dies ist nichtsschehen, dagegen hat er heute
731 1842 2345 1983 ein Angebot gemacht, RM 1000.- zu zahlen und die
724 1954 2466 2073 wöchentlichen Raten, die er zahlen wird, zu erhöhen.
731 2051 2515 2211 Das haben wir wieder abgelehnt und mindestens RM 2000.
729 2187 2532 2279 als Abschlagzahlung verlangt. Hierüber steht eine Ant-
731 2277 1473 2403 wort von ihm noch aus.
1050 2345 2539 2496 Die täglichen Zahlungen hat er seit 25. ein-
731 2471 2539 2620 gehalten und es sind dadurch ungefähr RM 800.— an Tan-
729 2583 1366 2714 tiemen eingegangen.
1055 2671 2462 2824 Wegen des Widerrufs des Vergleichs ist das
724 2782 2491 2938 Urteil nunmehr verkündigt worden, das ihn zur Zahtung
727 2899 2464 3033 des erst eingeklagten Betrages von ca 4300.- und zur
729 2984 2466 3137 Tragung der Kosten verurteilt.Die Konsentionalstrafe
722 3103 2367 3220 hat das Gericht auf RM 300.- herabgesetzt. Dieses
719 3191 2559 3366 Urteil wird aber leider erst in 14 Tagen rechtskräftig.
1934 3329 2141 3436 Bl. 2.
