3096 4168
1195 301 1393 445 1003
676 383 2180 586 S. Fischer / Verlag / A.=G. Berlin W. 57
451 567 2416 673 Bankkonto: Deutsche Bank, Depositenkasse P in Berlin / Postscheckkonto; Berlin Nr. 1669a
872 654 2015 738 Fernsprechanschlüsse: Amt Lützow Nr. 6162 bis 6164
1260 698 1632 785 Bülowstraße 9o
877 722 2696 918 Telegramm=Adresse: Fischerverlag 6162 Berlinlützow den 28. Januar 1931.
472 736 684 882 Be/Ja
470 915 668 1056 Herrn
964 961 1075 1032 G.H.F.F:H:F:P:S:
760 945 910 1062 G:C:H:F:S:
939 1032 1643 1146 Dr. Arthur Schnitzler,
1982 1097 2471 1200 W i e n XVIII
1985 1140 2525 1298 Sternwartestr.71
478 1238 942 1393 remedegte Tdea
481 1295 1814 1493 Hochverehrter, lider Herr Dr. Schnitler,
877 1439 2424 1580 Ich habe Ihnen noch zwei Fragen aus Ihrem Brief
491 1542 2405 1659 vom 22. zu beantworten. Sie fragen mich nach der Bedeutung
486 1637 2492 1773 der Zwischentitel, die zwei Seiten erfordern. Es war zunächst
486 1759 2484 1871 beabsichtigt, vor den beiden grossen Novellen einen Zwischen-
491 1865 2411 1979 titel einzuschalten, die anderen nur mit Ueberschriften zu
491 1930 2446 2074 versehen. Das hat sich inzwischen geändert, jede Novelle be-
486 2058 2468 2150 kommt jetzt einen Zwischentitel, sodass zwischen den gnossen
486 2158 2169 2256 und kleinen Novellen keinerlei Unterschied besteht.
877 2226 2411 2351 Bitte veranlassen Sie doch Ihre Verwandte, mir
494 2348 2495 2484 ein paar Zeilen über ihre besonderen Wünsche und Äber die Art
494 2441 2490 2555 ihrer bisherigen Tätigkeit zu schreiben. Wenn auch im Augen -
494 2555 2536 2663 blick keine Möglichkeit vorhanden sein sollte, so besteht doch
494 2636 2560 2772 vielleicht für spätere Zeit Aussicht auf eine Beschäftigung bei
483 2745 2533 2851 uns. Es würde mich deshalb interessieren, über die näheren Um-
489 2870 1417 2967 stände orientiert zu werden.
882 2932 2620 3082 In der Rundfunkangelegenheit "Weihnachtseinkäufe" ha
481 3027 2609 3196 ben wir noch keine Antwort. Sie hören sofort darüber, sobald wir
486 3128 1043 3291 Nachricht haben.
882 3228 2579 3350 Die Auflage des "Reigen" heisst 101.bis... Die etwa
483 3323 2666 3448 noch vorhandenen Druckfehler werden durch unseren Korrektor selbst
491 3440 1466 3597 verständlich entfernt werden.
