3097 4152
1339 305 1510 463 990
1581 271 1910 434 Recev
689 389 2402 592 S. Fischer Verlag / Berlin We7 Bülowstratze 90
1281 534 1918 663 AKTIENSESELESCHAFT
600 645 2587 771 Bankkonto: Deutsche Bank, Depositenkasse P in Berlin / Postscheckkonto Berlin Nr. 16692
1039 703 2168 766 Fernsprechanschlüsse: Amt Lützow Nr. 6162 bis 6164
1034 753 2163 897 Telegramm-Adresse: Fischerverlag 6162 Berlinlützow
2179 903 2765 1045 27. November 1930
534 934 724 1047 F/Si.
895 1113 2139 1297 Herrn Dr. Arthur Schnitzler
2371 1202 2734 1321 Wien XVIII
2147 1289 2731 1387 Sternwartestrasse
2773 1287 2865 1368 71
745 1368 1231 1518 Lieber Freund,
908 1463 2700 1592 ich danke Ihnen für Ihre freundliche Depesche, mit der
713 1576 2531 1697 Sie mir auch die Zusendung des Manuskriptes ankündigen.
871 1692 2713 1816 Die neueste Phase in der Entwickelung des »Reigen-Unter-
713 1810 2805 1918 nehmens» hat sich in Form eines Briefes der Firma H. Schmidt &
726 1910 2736 2018 C. Günther in Leipzig eingestellt. Die Firma behauptet, dass
716 2037 2779 2155 HARZ die Vorräte und das Verlagsrecht am „Reigen“ der Firma
713 2134 2802 2229 Schmidt & Günther verpfändet hat. Die Sache wird sich, wie ich
718 2229 2718 2334 hoffe, gütlich ordnen. Bitte lassen Sie mich wissen, ob HARZ
724 2316 2834 2426 das Verlagsrecht von Ihnen erworben hat; soviel ich weiss, hatte
726 2405 2813 2537 er ein Verlagsrecht doch nur bis zur Höhe von 100000 Exemplaren
716 2526 1366 2665 von Ihnen erworben.
1702 2663 2479 2823 Mit herzlichen Grüssen,
2058 2792 2192 2913 Ihr
1789 2850 2429 3089 Tfischer
