3054 4151
704 436 2142 638 S. FISCHER :: VERLAG- A. G. :: BERLIN W. 57
289 612 1224 791 Dr.A. Schnitzler 28/10.30
378 866 2528 1140 Ihre Bücher übersenden wollen, wäre es mir sehr lieb; wir würden
384 1091 1400 1235 sie dem Novellenband beifügen.
546 1152 2586 1342 Ich freue mich sehr, dass Sie meinem Verlag Ihre neue Novelle
395 1264 2531 1400 übergeben. Vor Weihnachten wird das Buch schon wegen eines even-
393 1354 2713 1512 tuellen Vorabdrucks nicht in Frage kommen können. Die „Neue Ründschau“
398 1484 2416 1639 stellt Ihnen für den Vorabdruck das Januarheft zur Verfügung.
1307 1573 2084 1772 Mit herzlichen Grüssen
1579 1712 1925 1853 Sir
1576 1821 2173 2049 Ffische
419 2064 2450 2246 P.S. Die Anlage von Frau Prof. Lilian Sforza beantworten Sie
427 2165 2456 2347 wohl selbst. Ich schicke Ihnen in diesen Tagen ein neues Buch
433 2292 2534 2436 vom GrafenFORZA. Wenn Frau Prof. L. Sforza mit dem Grafen ver-
433 2424 2032 2589 wandt ist, dann kann man die Dame nur empfehlen.
