3065 3912
1239 300 1326 366 an
1243 1283 2680 1430 Zeitung drücken und würde natürlich ein Honorar
1173 1351 2690 1518 für den Vorabdruck erlegen, wenn die Höhe des geforder¬
1171 1437 2586 1575 ten Betrages für die Redaction annehmbar wäre,
1183 1524 2684 1666 Der Chefredacteur würde sich auch schriftlich verpflichtet
1179 1583 2678 1728 mir einmal von der Übertragung gebrauch zu machen
1175 1671 2669 1807 und in der Zucknuss jeden Verleger, der sich für die
1169 1749 2663 1903 Herausgabe dieses Verhes interessiren sollte, direkt au
1171 1837 2231 1981 den P. Fischer Verlag zu empfehlen.
1368 1896 2545 2050 In Erwartung Ihrer baldigen, wenn mögliche
1388 2007 1905 2154 günstiger futuvrs.
1915 2035 2194 2156 reiclue sil
1973 2109 2507 2226 Hochachtungsvoll
1918 2203 2418 2341 Gisela Nadler
1901 2297 2439 2431 Livour - Lember 9
1918 2399 2341 2492 Ostro tecka 14
1898 2452 2492 2556 boczua Listopada
2016 2533 2279 2663 Poleu.
907 3493 2039 3614 Ich komme bei dieser Gelegenheit an.
2065 3508 2595 3631 ouvoir aussi à
