3099 4024
1047 256 1161 414 ¾
1308 251 1436 411 0
635 336 2144 558 S. Fischer Verlag / Berlin Mo7 Bülowstratze 90
1068 478 1709 611 AKTIEN GESELISCHAFT
400 571 2390 673 Bankkonto: Deutsche Bank, Depositenkasse P in Berlin / Postscheckkonto Berlin Nr. 16892
822 649 1946 716 Fernsprechanschlüsse: Amt Lützow Nr. 6162 bis 6164
820 646 2542 838 Telegramm-Adresse: Fischerverlag 6162 Berlinlützow den 20. Juni 1930.
379 694 587 828 F/Ja.
387 910 590 1060 Herrn
953 988 1685 1140 Dr. Arthur Schnitzler,
1962 1036 2261 1236 Wien
390 1332 921 1493 Lieber Freund!
790 1370 2470 1554 Ihr Anwalt Herr Dr. Norbert Hofmann hat sich seiner-
403 1509 2419 1669 zeit erboten, die Verhandlungen mit Harz wegen Uebernahme der
409 1639 2518 1752 Vorräte in Wien weiterzuführen. Mit Brief vom 12.ds.Mts.schreibt
409 1749 2520 1861 er mir dass Harz augenblicklich nicht in Wien ist, dass er aber
409 1813 2224 1965 glaubt, mit ihm in Wien sehr bald verhandeln zu können.
796 1920 2491 2061 Ich hatte Harz am 10.Mai RM 3.000.- angeboten. Dazu
406 2021 2523 2163 hat er sich ablehnend verhalten. Heute bekomme ich aber von Harz
409 2133 2448 2270 aus Berlin einen Brief, der zu einer Entscheidung drängt. Da
411 2240 2510 2347 nach scheint es mir, dass ich jetzt direkt mit Harz hier verhan-
417 2352 2561 2491 deln muss. Eine Abschrift meines Briefes an Hofmann lege ich bei.
806 2408 2435 2555 Bitte seien Sie nicht ungeduldig, die Sache kommt
414 2531 2408 2657 jetzt zum Abschluss. Harz wird ja kaum von anderer Seite ein
417 2649 2438 2755 Anerbieten bekommen haben, sodass ich sicher annehme, mit der
414 2763 2032 2849 ihm angebotenen Abfindung abschliessen zu können.
806 2833 1626 2961 Mit herzlichsten Grüssen
1853 2900 1965 3036 Ihr
1730 2985 2229 3196 F Fischer.
411 3380 684 3540 1 Kopie
179 3567 478 3781 10. 28. 12000 V. S.
