3100 4186
1780 339 2518 492 KV d. H. D. 2
1208 388 1662 530 D. A. D A
588 435 962 582 V.V.1.18
2687 489 2780 596 1
1968 470 2206 577 G.C.R.S.
2075 481 2665 610 Von tädtigen und können /:
1782 484 1894 626 G.C.P.
1137 508 1577 612 11% „ 1,### „ 4
1796 577 2663 689 ̃ ̃ :̃
1586 629 2671 771 4###xxwwwstxxnged ###nnds.
361 637 1564 755 ̃ ̃̃ r:f. r: r:i r: t: r,, r: a: m r: m
1416 705 1509 804 .1.
344 711 1156 875 ̃.̃̃
1345 779 1566 910 G.C.F.P.
582 872 2646 1077 Einakters (ich weiss im Augenblick nicht, welcher damit gemeint
582 1003 2767 1176 sein kann) bekannt? Gegen die Radicübertragung unter den üblichen
585 1099 2619 1279 Bedingungen ist wohl nichts einzuwenden. Ich möchte aber erst
1602 1102 1684 1162 ohne
563 1217 2471 1381 nach Ihrer Stellungnahme auf diese Angelegenheit zurück -
596 1285 2564 1487 kommen und vielleicht dann gleichzeitig auf Rökk Richter zu
607 1435 2299 1586 sprechen kommen, wenn sie damit einverstanden sind.
804 1479 2832 1714 Ich habe noch meiner Mitteilung zum „Im Spiel der Sommerlüfte“
2589 1566 2805 1648 ue
621 1616 2654 1791 beizufügen, dass ich von dem Neuen Theater in Frankfurt einen
623 1717 2649 1922 Vorschuss von RM 200.- für die Gewährung der Verlängerung des
629 1807 2780 2007 Aufführungstermines gefordert und erhalten habe, der mit nächster
637 1919 2627 2124 Abrechnung verrechnet wird. Ich hatte gestern den Besuch des
637 2012 2838 2242 Herrn Int.Prasch aus Giessen, der sich der uraufführung am 4. April
648 2201 1255 2354 anschliessen wird.
1531 2288 2157 2422 Mit besten Grüssen
2149 2376 2236 2515 r.
1605 2406 2067 2534 Ihr ergebener
2597 3502 2821 3644 G.H.C.P.
