3100 4186
1066 335 1279 440 1022
1391 315 1619 487 Abra
348 405 507 514 II.
2379 400 2509 586 P.H.P.
2571 410 2740 566 1-17
703 425 2203 609 S. Fischer Verlag Berlin W 57 Bülowstratze 90
1120 566 1778 621 AKTIINGESELISCHAFT
447 658 2442 758 Bankkonto: Deutsche Bank, Depositenkasse P in Berlin / Postscheckkonto Berlin Nr. 16692
887 720 2027 805 Fernsprechanschlüsse: Amt Lützow Nr. 6162 bis 6164
889 780 2017 892 Telegramm-Adresse: Fischerverlag 6162 Berlinlützöw
1515 837 2196 974 Berlin, den 20. 3. 31
661 844 914 971 Ro./Re.
1048 1150 2412 1284 Herrn Dr. Arthur Schnitzler
1850 1247 2320 1364 W i e n XVIII
1706 1354 2258 1465 Sternwartestr. 71
1063 1483 1917 1617 Sehr verehrter Herr Doktor!
1215 1597 2506 1706 Wir übersenden Ihnen anbei Abrechnung der
902 1699 2504 1803 Theaterabteilung für Februar, sowie eine Abrechnung
912 1803 2712 1947 der Auslandsabteilung (für tschechische Rechte "Therese").
899 1927 1567 2042 Den Gesamtbetrag von
1617 1999 1977 2141 Rm. 127.40
917 2134 2705 2220 überweisen wir auf Ihr Konto bei der Bank für auswärtigen
909 2238 1396 2342 Handel, Berlin.
1252 2312 2506 2437 Wir sandten Ihnen am 7. 3. 31 Abrechnung
914 2417 2665 2514 über den Novellenband, laut welcher wir Ihnen den Betrag
914 2516 2578 2630 von Rm. 3.000. — zur Verfügung stellten. Wenn wir bis
912 2628 2635 2722 Mitte nächster Woche nichts Gegenteiliges hören, nehmen
917 2737 2541 2831 wir an, dass wir auch diesen Betrag auf Ihr Berliner
914 2856 1801 2978 Bankkonto überweisen sollen.
1535 2963 2422 3100 Mit vorzüglicher Hochachtung
1624 3055 2409 3204 S. Fischer/ Verlag 4.-G.
1530 3149 2379 3333 Prai. Rosenburg
914 3542 1229 3683 2 Anlagen
201 3621 522 3790 10. 29. 12000 V. S.
