3170 4039
1173 286 1287 403 968
1610 243 1862 426 Bau
1936 315 2585 500 BERLIN W 57
612 337 1873 515 FISCHER VERLAG A.=G.
418 409 521 566 P.
1147 466 1936 572 Theaterabteilung
1487 578 2706 658 Telegramm-Adresse: Fischerverlag 6162 Berlinlützow
409 503 1284 701 Fernsprecher: Lützow Nr. 6162=6164
1902 635 2706 761 Postscheckkonto: Berlin Nr. 16629
398 666 1713 792 Bankkonto: Deutsche Bank, Depositenkasse P in Berlin
1273 738 1848 821 Bülowstraße 90
1579 792 2251 924 Berlin, den 24.4.30
764 807 975 935 Ma/Hb.
726 1027 932 1141 Herrn
995 1067 1710 1244 Dr. Arthur Schnitzler,
1739 1158 2122 1333 Wien XVIII
1930 1304 2102 1367 ==== =====
1630 1324 2208 1481 Sternwartestr. 71
486 1502 1387 1636 sehr verehrter Herr Doktor,
1376 1504 2611 1705 wir haben wegen der von Ihnen geltend
489 1659 2677 1825 gemachten Bedenken Nachforschungen angestellt und übersenden Ihnen
492 1796 2708 1919 anbei eine genaue Aufstellung der täglichen Einnahmen getrennt nach
492 1885 2631 2028 den Kasseneinnahmen, Abonnements und Zusatz-Abonnements
495 1991 2703 2168 Die Genauigkeit dieser Ziffern ist durch die Prüfung der Unterlagen
2282 2065 2511 2119 tauvaauwos
1244 2082 1476 2145 G.C.H.S.
498 2102 2706 2214 seitens der Zentralstelle gewährleistet. Die zentral stelle hat fast
764 2199 1012 2262 mmmeuble
1107 2196 1293 2257 mme
498 2216 2585 2317 jeden zweiten Tag einen Kontrollbeamten zu Barnowsky gesandt, da
503 2274 2751 2451 sie gegen ihn nicht weniger als 8 Prozesse führt. Es ist deshalb für
506 2417 2809 2545 die Korrektheit der Abrechnungen alle nur mögliche Bürgschaft gegeben.
1321 2494 2723 2631 Zu dem was ich in meinem letzten Schreiben
512 2605 2723 2760 sagte, möchte ich noch anführen, dass der stellvertretende Direktor
512 2717 2688 2843 Körner bereits im ersten Termin des Prozesses, der noch während der
509 2831 2677 2940 Aufführungsserie des „Bernardis“ stattfand, erklärte, dass auf Grund
512 2917 2800 3029 des finanziellen ergebnisses üdas Werk bereits hätte abgesetzt werden
506 3026 2660 3143 müssen, dass aber infolge unglücklicher Repertoire- und Besetzungs-
503 3132 2608 3266 dispositionen Barnowskop's das Werk trotz des täglichen Defizits
506 3240 1696 3401 längere Zeit gespielt werden müsse.
1928 3303 2091 3429 b.w.
435 3475 666 3689 0000. 9. 20. V.
460 3741 686 3844 10....
1945 3707 2168 3881 men.
1364 3718 1796 3847 Vorräfe
