3096 4162
884 468 2303 635 S. FISCHER VERLAG A.G. : BERLIN W 57
1192 660 1621 793 Uebersetzung
504 690 621 837 P1
1050 831 2777 970 Ich erlaube mir, Ihnen eine Abschrift der in meinem
657 956 2865 1081 Besitz befindlichen Autorisation einzusenden, von der mir Fräulein
668 1053 2563 1161 Clara Elsner schrieb, dass Sie sie zu erhalten wünschten.
1053 1153 2860 1255 Das Missverständnis entsprang, wie Sie wohl schon ver-
2253 1247 2378 1308 in
665 1208 2890 1363 standen haben, aus der einfachen Tatsache, dass Sie der Zeitschrift
668 1358 2877 1496 »Le Grandi Novelle» den Namen des Uebersetzers nicht angegeben hat-
665 1416 812 1488 weg
665 1449 2818 1563 ten, und dies liess mich glauben, dass es von Signor Rokk Richter
648 1530 1405 1671 übersetzt worden wäre.
1053 1668 2854 1790 Wie ich Ihnen versichern kann, hat mir dieser Zwischen
660 1726 2752 1860 fall in meinem Beruf schon solchen Schaden verursacht, dass nur
657 1851 2838 1970 die Firma Fischer ihn wieder gutmachen könnte, wenn sie es wollte.
1042 1951 2888 2078 Tatsächlich bin ich seit dem Tage, an dem Ihre geschätz-
657 2034 2805 2159 te Firma an die Römische Rundfunkgesellschaft schrieb, zur Strafe
654 2145 2732 2261 von allen Programmen ausgeschlossen und auf diese Weise ist mir
654 2261 2796 2386 jede Möglichkeit zur Arbeit in dieser Zeit der Theaterkrise abge-
646 2353 1025 2469 schnitten.
1031 2353 2799 2574 Ich wende mich deshalb an Ihre Freundlichkeit, um sie
640 2555 2832 2688 zu bitten, der Römischhen Bundfunkgesellschaft gegenüber von weite-
635 2649 2732 2785 ren Forderungen abzulassen, selbstverständlich mit Ausnahme des
637 2735 1366 2863 für die Autoren durch
1433 2741 2821 2888 e Società Italiana vereinbarten Honorars.
1028 2849 2807 2971 Wollen Sie verstehen, sehr geehrter Herr Doktor Maril,
635 2926 2791 3076 dass, wenn ich Schnitzlers "Weihnachtseinkäufen im Radio gesendet
626 3023 2821 3145 habe, ich dies wegen der grossen Verehrung getan habe, die ich für
632 3137 2780 3251 den Autor empfinde, eine Verehrung, die daher kommt, dass ich als
1510 3215 1782 3292 Mannes
2466 3240 2721 3306 Reipen
629 3229 2805 3345 erster in Italien die Rolle des xxx in Schnitzler am Thea-
621 3306 2724 3439 ter Sperimentale unter der Direktion von Anton Giulio Bragaglia
624 3420 2813 3567 gespielt habe. - Ich hoffe, dass mir die Verehrung für Ihren Autor
607 3506 1918 3639 auch Ihre Gewogenheit verschaffen wird.
