3101 4167
1232 365 1414 476 1018
1867 426 2517 605 BERLIN W 57
255 391 1830 633 1 1/3 S. FISCHER VERLAG A.=G.
1131 577 1862 650 Theaterabteilung
1424 670 2654 764 Telegramm=Adresse: Fischerverlag 6162 Berlinlützow
348 708 1222 779 Fernsprecher: Lützow Nr. 6162=6164
1847 726 2641 837 Postscheckkonto: Berlin Nr. ###
350 769 1635 849 Bankkonto: Deutsche Bank, Depositenkasse P in Berlin
2507 786 2643 852 16692
1905 809 2548 940 Berlin, den 5.3.31.
1227 832 1772 960 Bülowstraße 90
816 849 1043 963 Ma/Hb.
791 1023 990 1152 Herrn
1021 1089 1724 1247 Dr. Arthur Schnitzler,
1784 1172 2134 1275 Wien XVIII
1845 1263 2046 1318 läänmois-
1759 1290 2291 1411 Sternwartestr.71
496 1419 1378 1575 Lieber Herr Dr. Schnitzler,
1361 1502 2661 1641 unser Einschreiten beim römischen Rund-
507 1615 2505 1769 funk scheint schon Früchte zu tragen. Wir erhalten heute ein
509 1726 1782 1865 Schreiben, dessen Uebersetzung lautet:
814 1812 2628 1953 „In einer italienischen Zeitschrift „Das 20. Jahrhundert“
2308 1918 2462 2001 ʼa
680 1940 2371 2059 hatte ich Gelegenheit einen Einakter von Schnitzler
693 2044 2598 2167 „La campagna" (?), den ich im Jahre 26 in der Gesellschaft
690 2122 2638 2286 „Teatro d'arte di Roma“ unter der Direktion von Pirandello
1016 2243 1240 2308 ou les mouvelles sont avec
696 2233 2548 2366 gespielt habe, zu lesen. Diese Komödie möchte ich in die
690 2364 2643 2475 Liste von Stücken aufnehmen, die von unserer Radiostation in
693 2462 2608 2573 Rom gesendet werden sollen. Bevor ich das Werk annehme und
696 2563 2510 2689 terminieren lassen kann, muss ich von Ihrer gesch. Firma
703 2681 2444 2865 auch die Autorisation für eine Qvtl. Uebertragung auf
703 2795 1502 2916 Nebenstationen erhalten.
897 2870 2613 2989 Ich erlaube mir, Ihnen mitzueilen, dass die Autoren-
708 2981 2485 3107 honorare für Uebertragungen auf Grund der Vereinbarung
706 3084 2449 3190 der EJA. R. und der italienischen Autorengesellschaft
703 3183 2457 3324 folgende sind: 200.- Lire pro Akt, 125.— Lire für die
713 3301 1434 3420 Uebertragungsstation.“
534 3357 2558 3513 Ist Ihnen etwas von der Aufführung und veröffentlichung dieses
1812 3498 1976 3606 b.w.
391 3588 610 3770 10000. s. 50. V.
300 3735 605 3851 12. 30 20000 V. S.
