3110 4185
1370 384 1553 519 1035
832 443 2332 676 S. Fischer Verlag / Berlin W'57 Bülowstratze 90
1261 591 1911 662 AKTIENSESELESCHAFT
594 692 2576 787 Bankkonto: Deutsche Bank, Depositenkasse P in Berlin / Postscheckkonto Berlin Nr. 16692
1026 766 2154 829 Fernsprechanschlüsse: Amt Lützow Nr. 6162 bis 6164
1028 768 2597 906 Telegramm-Adresse: Fischerverlag 6162 Berlinlützow den 29.IV.31
639 832 840 973 He/Vo
1330 898 1770 1105 Pryryt
649 1015 851 1142 Herrn
1179 1097 1855 1219 Dr. Arthur Schnitzler
2255 1169 2613 1275 Wien XVIII
2186 1269 2748 1394 Sternwartestr.71
673 1439 1540 1582 Sehr geehrter Herr Doktor!
1190 1505 2653 1646 Es ist zutreffend, dass in der Zeit zwischen
668 1619 2740 1778 1913 und 1924 eine Lücke in den Copyright-Eintragungen besteht:
676 1733 2716 1882 in der Zeit während des Krieges und bis zur Wiederaufnahme der
684 1847 2812 1961 amtlichen Beziehungen mit den Vereinigten Staaten war eine Ueber-
689 1937 2724 2070 sendung der für die Eintragung dienenden Belege und damit eine
686 2035 2753 2176 Eintragung der Congress-Bibliothek ausgeschlossen. Nachträglich
689 2133 2706 2276 sind noch einige Eintragungen aus während dieser Zeit erschie-
686 2229 2767 2377 nenen Werken vollzogen worden, unter anderem auch die der dama¬
689 2319 2732 2483 ligen vierbändigen Gesamtausgabe der Erzählenden Schriften mit
697 2446 2730 2584 dem Datum 1922; eine Eintragung, die den Bestimmungen nach gar
694 2539 2695 2666 nicht hätte vollzogen werden können, da eine ganze Anzahl der
692 2661 2671 2785 darin enthaltenen Teile überhaupt nicht schutzfähig war. Wir
692 2748 2700 2886 hatten die Eintragung aber damals versucht, und sie ist aus -
702 2833 2658 2981 nahmsweise -wohl durch ein Versehen in Washington- gelungen,
713 2936 2793 3069 während wir bei verschiedenen anderen Versuchen gleicher Art ab-
710 3042 2767 3180 schlägigen Bescheid bekommen haben. - Eine Nachholung der Copy-
710 3161 2743 3257 right-Eintragung für die z.Zt.nicht geschützten Werke ist lei-
713 3246 1314 3387 der nicht möglich.
980 3344 2451 3453 Wir begrüssen Sie, sehr geehrter Herr Doktor,
1256 3445 2303 3578 mit ausgezeichneter Hochachtung
1532 3543 2247 3660 S.Fischer Verlag A.-G.
2186 3604 2616 3805 Dr Normannes.
1450 3633 2070 3811 ppá. primonn.
403 3768 708 3877 12. 30 200eo V. S.
