3098 4120
894 398 2323 635 S. FISCHER VERLAG  A.G... : „„ BERLIN W 57
2386 604 2497 770 2.
1650 609 2019 828 (Rey)
446 678 1384 833 Dr. A. Schnitzler 18/5. 31
1186 838 1437 1015 rind
678 946 2794 1097 Handel gebracht wird. An Rezensionsexemplaren versenden wir
683 1036 2771 1173 nur etwa 25 - 30 Exemplare an die Linkspresse. Wollen Sie, dass
693 1176 2642 1310 wir diese Versendung von Rezensionsexemplaren ausdehnen, so
696 1244 2781 1405 bitte ich mich gleich darüber zu verständigen. - Das Werk kostet
699 1368 2742 1521 geheftet M 3.—, in Ganzleinen gebunden M 5.-. Die Honorierung
704 1489 2051 1605 wird nach Massgabe des Absatzes erfolgen.
1426 1621 2191 1766 Mit herzlichen Grüssen
1658 1732 1946 1843 Ihr
1540 1824 2104 2022 Ffischer
498 3722 788 3891 G.O.L.S.
