3080 3640
374 828 595 982 1s tet
341 951 618 1100 Augtu
2277 541 2443 692 221
1456 628 1833 795 Gerpent seh
754 682 2769 841 zu Uittag last und redet, als wäre nichts geschehn-
746 826 2246 1005 Heiens: (Und jeden Abend hieher kommt.)
746 923 2623 1118 Mathilde, splotelich) was soll ich hierf-ich hab
761 1077 2702 1254 ihn nicht mehr gesehn seitdem. (Er flieht mich. Ee
743 1215 1425 1382 tet ja unmerdig.)
751 1349 2100 1520 Andens: Sollen wir ihn retiferent.
759 1490 2748 1664 Mathilde: Ich hatte ihn niemale und Ihr werdet ihn
749 1631 1123 1784 behalten.
754 1748 2674 1884 Helene: (u haet ihn nicht gesehen in den letzten
759 1861 2697 2036 Tagen(ich glaube nicht, dass er einfach wieder ine
751 1977 2664 2133 Leben zurückkehrt - als wäre nichte geschehn. Es
743 2115 2700 2289 hat andere Gründe, dese er diese Wohnung gekündigt
751 2238 2371 2446 hat. Ee kann zum mindesten andere haben.)
746 2356 2659 2561 Mathildg: Was soll ich bei all demt Und was soll
764 2518 1141 2677 ich hlerz
2092 2500 2256 2695 na¬
749 2610 2779 2797 Helens: Ausendtridterketrhattwegener Fehrtabrkerter
2343 2741 2764 2838 Bann Zauber
759 2759 2666 2959 gebrtaamnttrAtrtExxreten Hier ist der Luntert
761 2897 2818 3074 art den st verfallen ist, schlin-
749 3015 2592 3200 ner eelt ihren Tod als i er senche früher
751 3159 1572 3320 generen lst. - N h
