<?xml version="1.0" encoding="UTF-8" standalone="yes"?>
<PcGts xmlns="http://schema.primaresearch.org/PAGE/gts/pagecontent/2013-07-15" xmlns:xsi="http://www.w3.org/2001/XMLSchema-instance" xsi:schemaLocation="http://schema.primaresearch.org/PAGE/gts/pagecontent/2013-07-15 http://schema.primaresearch.org/PAGE/gts/pagecontent/2013-07-15/pagecontent.xsd">
    <Metadata>
        <Creator>prov=READ-COOP:name=PyLaia@TranskribusPlatform:version=2.7.0:model_id=50870:lm=none:date=22_01_2024_16:24</Creator>
        <Created>2023-09-27T14:32:20.520+02:00</Created>
        <LastChange>2024-01-22T16:24:05.952+01:00</LastChange>
        <TranskribusMetadata docId="1589028" pageId="60121902" pageNr="59" tsid="145623520" status="IN_PROGRESS" userId="40391" imgUrl="https://files.transkribus.eu/Get?id=LVPIVPLWDAPHXKOXGPHHXQMI&amp;fileType=view" xmlUrl="https://files.transkribus.eu/Get?id=ULXFCPJGKVRDMMYMAAGFFRQC" imageId="48546981"/>
    </Metadata>
    <Page imageFilename="1589028_0059.jpg" imageWidth="3080" imageHeight="3640">
        <ReadingOrder>
            <OrderedGroup id="ro_1711795570772" caption="Regions reading order">
                <RegionRefIndexed index="0" regionRef="tr_1"/>
                <RegionRefIndexed index="1" regionRef="tr_2"/>
            </OrderedGroup>
        </ReadingOrder>
        <TextRegion orientation="0.0" id="tr_1" custom="readingOrder {index:0;}">
            <Coords points="328,1618 328,2121 665,2121 665,1618"/>
            <TextLine id="tr_1_tl_1" custom="readingOrder {index:0;}">
                <Coords points="365,1685 426,1697 472,1682 495,1692 531,1672 541,1685 556,1674 618,1695 659,1674 666,1567 582,1519 559,1537 442,1526 406,1552 373,1547"/>
                <Baseline points="378,1679 404,1678 430,1677 456,1675 482,1673 508,1672 534,1670 560,1668 586,1666 612,1665 638,1665 665,1667"/>
                <TextEquiv>
                    <Unicode>Oer den</Unicode>
                </TextEquiv>
            </TextLine>
            <TextLine id="tr_1_tl_2" custom="readingOrder {index:1;}">
                <Coords points="362,1820 401,1805 411,1812 454,1782 472,1800 613,1771 656,1777 659,1708 613,1715 574,1687 546,1703 505,1682 495,1690 457,1682 424,1700 370,1690"/>
                <Baseline points="378,1775 403,1774 429,1773 455,1772 481,1772 507,1770 532,1769 558,1767 584,1765 610,1763 636,1763 662,1763"/>
                <TextEquiv>
                    <Unicode>de Orten</Unicode>
                </TextEquiv>
            </TextLine>
            <TextLine id="tr_1_tl_3" custom="readingOrder {index:2;}">
                <Coords points="352,1907 388,1917 403,1904 454,1930 480,1914 505,1925 585,1876 597,1886 643,1874 646,1774 613,1771 562,1789 539,1779 436,1810 355,1807"/>
                <Baseline points="366,1873 391,1873 417,1873 442,1873 468,1873 493,1873 519,1873 544,1873 570,1871 595,1868 621,1868 647,1870"/>
                <TextEquiv>
                    <Unicode>erstub.</Unicode>
                </TextEquiv>
            </TextLine>
            <TextLine id="tr_1_tl_4" custom="readingOrder {index:3;}">
                <Coords points="373,2001 408,1996 452,2019 475,2011 503,2022 544,1988 569,1999 585,1991 615,2006 620,1930 595,1919 574,1925 549,1909 531,1925 503,1922 462,1937 436,1925 406,1948 378,1948"/>
                <Baseline points="387,1990 413,1991 439,1993 465,1992 491,1990 518,1986 544,1983 570,1982 596,1980 623,1978"/>
                <TextEquiv>
                    <Unicode>Un. w</Unicode>
                </TextEquiv>
            </TextLine>
            <TextLine id="tr_1_tl_5" custom="readingOrder {index:4;}">
                <Coords points="314,2142 334,2139 408,2170 431,2147 500,2139 536,2165 574,2131 605,2131 607,2034 585,2024 436,2016 414,2004 383,2027 357,2006 345,2014 317,2004"/>
                <Baseline points="328,2097 353,2096 378,2094 404,2091 429,2088 455,2090 480,2091 506,2089 531,2088 557,2088 582,2087 608,2085"/>
                <TextEquiv>
                    <Unicode>eiteten</Unicode>
                </TextEquiv>
            </TextLine>
            <TextEquiv>
                <Unicode></Unicode>
            </TextEquiv>
        </TextRegion>
        <TextRegion orientation="0.0" id="tr_2" custom="readingOrder {index:1;}">
            <Coords points="698,678 698,3281 2789,3281 2789,678"/>
            <TextLine id="tr_2_tl_1" custom="readingOrder {index:0;}">
                <Coords points="766,768 1069,776 1126,794 1166,776 1243,784 1248,648 1172,648 1144,671 1126,659 1049,684 990,666 847,669 763,641"/>
                <Baseline points="781,733 806,731 831,730 856,732 881,733 906,733 931,734 956,736 981,736 1006,736 1031,736 1056,736 1081,738 1106,739 1131,739 1156,739 1181,739 1206,740 1231,742 1256,748"/>
                <TextEquiv>
                    <Unicode>Baronin: (abl</Unicode>
                </TextEquiv>
            </TextLine>
            <TextLine id="tr_2_tl_2" custom="readingOrder {index:1;}">
                <Coords points="753,868 1414,883 1412,827 1312,824 1251,781 1189,799 891,773 850,794 750,773"/>
                <Baseline points="766,859 798,859 831,860 863,862 896,862 928,864 961,865 993,865 1026,865 1058,867 1091,868 1124,868 1156,870 1189,871 1221,871 1254,874 1286,874 1319,875 1351,877 1384,879 1417,880"/>
                <TextEquiv>
                    <Unicode>Mathilde, Helene.</Unicode>
                </TextEquiv>
            </TextLine>
            <TextLine id="tr_2_tl_3" custom="readingOrder {index:2;}">
                <Coords points="745,995 2348,1057 2346,975 2205,950 1779,973 1154,906 837,937 743,891"/>
                <Baseline points="760,987 839,987 919,990 999,994 1078,996 1158,999 1238,999 1317,1002 1397,1004 1477,1005 1557,1008 1636,1011 1716,1012 1796,1014 1875,1014 1955,1019 2035,1020 2114,1023 2194,1023 2274,1026 2354,1026"/>
                <TextEquiv>
                    <Unicode>Mathilde: (die sich indes schen umgesehen,</Unicode>
                </TextEquiv>
            </TextLine>
            <TextLine id="tr_2_tl_4" custom="readingOrder {index:3;}">
                <Coords points="2430,1077 2463,1077 2512,1103 2537,1090 2601,1105 2652,1052 2670,1054 2670,980 2578,965 2540,939 2512,939 2489,952 2466,934 2427,932"/>
                <Baseline points="2443,1032 2468,1030 2494,1029 2519,1029 2545,1030 2570,1032 2596,1032 2621,1032 2647,1034 2673,1035"/>
                <TextEquiv>
                    <Unicode>wohi</Unicode>
                </TextEquiv>
            </TextLine>
            <TextLine id="tr_2_tl_5" custom="readingOrder {index:4;}">
                <Coords points="750,1128 855,1161 1225,1141 1332,1182 1396,1136 1503,1169 1572,1133 1628,1172 1828,1144 1825,1095 1636,1047 1542,1108 1429,1049 1251,1087 1133,1016 993,1064 748,1041"/>
                <Baseline points="763,1121 816,1119 870,1121 923,1121 977,1121 1030,1124 1084,1124 1137,1127 1191,1129 1244,1130 1298,1130 1352,1133 1405,1133 1459,1135 1512,1134 1566,1133 1619,1133 1673,1131 1726,1129 1780,1128 1834,1130"/>
                <TextEquiv>
                    <Unicode>führet du mich(daz) Mar-</Unicode>
                </TextEquiv>
            </TextLine>
            <TextLine id="tr_2_tl_6" custom="readingOrder {index:5;}">
                <Coords points="753,1251 1703,1286 1761,1338 2126,1284 2371,1335 2476,1304 2581,1350 2578,1218 2024,1230 1868,1136 1644,1223 1470,1230 1253,1149 750,1166"/>
                <Baseline points="766,1247 857,1250 948,1253 1039,1253 1130,1259 1221,1259 1312,1262 1403,1263 1494,1268 1585,1271 1676,1272 1767,1275 1858,1274 1949,1275 2040,1277 2131,1276 2222,1278 2313,1284 2404,1287 2495,1288 2586,1297"/>
                <TextEquiv>
                    <Unicode>Heiene: Du weiest ee sa. (nd ich glaube, es war</Unicode>
                </TextEquiv>
            </TextLine>
            <TextLine id="tr_2_tl_7" custom="readingOrder {index:6;}">
                <Coords points="1973,1345 1994,1345 2016,1366 2062,1350 2090,1368 2126,1345 2157,1350 2172,1340 2205,1358 2262,1348 2262,1309 2228,1299 2198,1307 2159,1294 2129,1312 2103,1289 2080,1304 2045,1284 2014,1312 1976,1315"/>
                <Baseline points="1990,1339 2015,1340 2040,1342 2065,1343 2090,1345 2115,1341 2141,1339 2166,1339 2191,1339 2216,1339 2241,1336 2267,1333"/>
                <TextEquiv>
                    <Unicode>iss jui</Unicode>
                </TextEquiv>
            </TextLine>
            <TextLine id="tr_2_tl_8" custom="readingOrder {index:7;}">
                <Coords points="740,1378 1223,1386 1317,1424 1973,1406 2241,1460 2494,1432 2491,1366 2366,1327 2090,1371 1674,1307 1532,1340 1192,1263 738,1289"/>
                <Baseline points="754,1375 841,1375 928,1378 1015,1381 1103,1381 1190,1384 1277,1386 1365,1389 1452,1393 1539,1393 1627,1398 1714,1398 1801,1400 1888,1402 1976,1403 2063,1406 2150,1409 2238,1411 2325,1414 2412,1417 2500,1423"/>
                <TextEquiv>
                    <Unicode>hohe Zeit - wenn es überhaupt noch Zeitlwar.</Unicode>
                </TextEquiv>
            </TextLine>
            <TextLine id="tr_2_tl_9" custom="readingOrder {index:8;}">
                <Coords points="735,1552 1914,1534 2300,1616 2489,1521 2782,1544 2782,1450 2481,1432 2300,1488 2165,1429 1965,1493 1549,1491 1460,1422 1241,1396 1082,1460 924,1394 735,1440"/>
                <Baseline points="748,1500 850,1504 952,1509 1054,1512 1156,1510 1258,1513 1360,1517 1462,1521 1564,1523 1666,1524 1768,1524 1870,1530 1972,1535 2074,1537 2176,1536 2278,1536 2380,1530 2482,1519 2584,1521 2686,1521 2789,1524"/>
                <TextEquiv>
                    <Unicode>Mathilde: Wae willet du damit segen?) ..I enehluh</Unicode>
                </TextEquiv>
            </TextLine>
            <TextLine id="tr_2_tl_10" custom="readingOrder {index:9;}">
                <Coords points="1159,1588 1330,1590 1399,1631 1588,1590 2062,1621 2177,1608 2177,1562 1713,1560 1565,1521 1468,1565 1302,1521 1156,1549"/>
                <Baseline points="1172,1581 1222,1578 1272,1581 1323,1582 1373,1585 1424,1587 1474,1587 1525,1590 1575,1590 1626,1587 1676,1584 1726,1584 1777,1584 1827,1584 1878,1589 1928,1593 1979,1590 2029,1596 2080,1597 2130,1599 2181,1596"/>
                <TextEquiv>
                    <Unicode>die herlege der et tit gatrime</Unicode>
                </TextEquiv>
            </TextLine>
            <TextLine id="tr_2_tl_11" custom="readingOrder {index:10;}">
                <Coords points="735,1644 1641,1659 1751,1697 1940,1667 2139,1731 2241,1685 2290,1720 2381,1685 2606,1715 2604,1623 2563,1603 1455,1593 1401,1628 1041,1542 904,1575 733,1547"/>
                <Baseline points="748,1632 841,1632 934,1638 1027,1638 1121,1642 1214,1643 1307,1646 1400,1646 1494,1648 1587,1652 1680,1654 1773,1658 1867,1661 1960,1661 2053,1664 2146,1670 2240,1667 2333,1670 2426,1671 2519,1676 2613,1679"/>
                <TextEquiv>
                    <Unicode>Heiene: Seit dem Tod des unglückseligen Wesens,-</Unicode>
                </TextEquiv>
            </TextLine>
            <TextLine id="tr_2_tl_12" custom="readingOrder {index:11;}">
                <Coords points="738,1782 1386,1782 1526,1825 1687,1784 2116,1794 2302,1858 2672,1868 2670,1728 2374,1754 1623,1692 1509,1733 1391,1690 1115,1713 1034,1669 735,1700"/>
                <Baseline points="751,1763 847,1763 943,1766 1039,1766 1136,1768 1232,1772 1328,1772 1424,1778 1521,1782 1617,1784 1713,1785 1809,1787 1906,1787 2002,1790 2098,1793 2194,1796 2291,1794 2387,1799 2483,1804 2579,1808 2676,1805"/>
                <TextEquiv>
                    <Unicode>also drei Wochen lang ist er Äbend für Abend hier</Unicode>
                </TextEquiv>
            </TextLine>
            <TextLine id="tr_2_tl_13" custom="readingOrder {index:12;}">
                <Coords points="722,1899 824,1948 863,1907 1100,1937 1169,1902 2310,1932 2384,1983 2494,1963 2627,2014 2621,1886 2450,1845 2318,1889 1766,1848 1674,1881 1292,1782 720,1800"/>
                <Baseline points="736,1894 830,1894 925,1894 1020,1898 1115,1900 1209,1900 1304,1903 1399,1906 1494,1909 1588,1909 1683,1912 1778,1913 1873,1916 1967,1919 2062,1921 2157,1923 2252,1927 2346,1930 2441,1933 2536,1934 2631,1930"/>
                <TextEquiv>
                    <Unicode>geweren, ist um acht Uhr gekommen und bie Mitter-</Unicode>
                </TextEquiv>
            </TextLine>
            <TextLine id="tr_2_tl_14" custom="readingOrder {index:13;}">
                <Coords points="2264,2119 2287,2111 2356,2129 2397,2111 2422,2129 2532,2113 2530,1981 2494,1963 2458,1965 2404,2014 2376,2006 2325,1960 2287,1991 2262,1981"/>
                <Baseline points="2276,2025 2302,2027 2328,2028 2354,2030 2380,2031 2406,2031 2432,2031 2458,2031 2484,2031 2510,2032 2536,2034"/>
                <TextEquiv>
                    <Unicode>2- B.</Unicode>
                </TextEquiv>
            </TextLine>
            <TextLine id="tr_2_tl_15" custom="readingOrder {index:14;}">
                <Coords points="715,2034 814,2070 960,2024 1876,2073 1927,2055 1927,1983 1725,2001 1554,1909 1401,1950 1225,1919 712,1948"/>
                <Baseline points="730,2016 790,2019 850,2019 910,2022 970,2022 1030,2024 1090,2025 1151,2026 1211,2028 1271,2031 1331,2031 1391,2033 1451,2034 1511,2035 1572,2037 1632,2037 1692,2041 1752,2043 1812,2046 1872,2048 1933,2049"/>
                <TextEquiv>
                    <Unicode>nacht oder länger dageblieben.</Unicode>
                </TextEquiv>
            </TextLine>
            <TextLine id="tr_2_tl_16" custom="readingOrder {index:15;}">
                <Coords points="722,2195 2065,2182 2254,2249 2328,2205 2461,2233 2458,2134 1718,2134 1258,2039 924,2032 717,2083"/>
                <Baseline points="733,2145 819,2145 906,2148 993,2151 1079,2156 1166,2156 1253,2159 1339,2164 1426,2161 1513,2163 1600,2167 1686,2169 1773,2172 1860,2176 1946,2175 2033,2178 2120,2181 2206,2181 2293,2186 2380,2188 2467,2192"/>
                <TextEquiv>
                    <Unicode>Mathilde: Hier, Imo er mit ihr glücklich wer.</Unicode>
                </TextEquiv>
            </TextLine>
            <TextLine id="tr_2_tl_17" custom="readingOrder {index:16;}">
                <Coords points="712,2320 855,2341 1123,2290 1404,2330 1503,2292 1600,2343 1680,2307 1917,2328 2016,2384 2195,2384 2305,2320 2550,2333 2519,2244 1828,2256 1616,2172 710,2203"/>
                <Baseline points="725,2276 816,2276 907,2276 999,2282 1090,2282 1182,2285 1273,2288 1364,2288 1456,2291 1547,2291 1639,2295 1730,2298 1821,2300 1913,2303 2004,2308 2096,2309 2187,2312 2278,2312 2370,2314 2461,2318 2553,2324"/>
                <TextEquiv>
                    <Unicode>delene: blücklich -(und nun hat er plötzlich</Unicode>
                </TextEquiv>
            </TextLine>
            <TextLine id="tr_2_tl_18" custom="readingOrder {index:17;}">
                <Coords points="710,2433 881,2410 1100,2456 1646,2448 1667,2397 1465,2381 1381,2315 1281,2341 1220,2297 1034,2302 927,2348 704,2318"/>
                <Baseline points="722,2398 769,2401 817,2404 865,2402 912,2404 960,2405 1008,2407 1055,2408 1103,2410 1151,2412 1199,2415 1246,2416 1294,2418 1342,2419 1389,2419 1437,2419 1485,2422 1532,2425 1580,2428 1628,2429 1676,2431"/>
                <TextEquiv>
                    <Unicode>die Wohnung aufgelessen.</Unicode>
                </TextEquiv>
            </TextLine>
            <TextLine id="tr_2_tl_19" custom="readingOrder {index:18;}">
                <Coords points="1863,2435 2034,2427 2126,2496 2172,2481 2277,2517 2381,2484 2448,2501 2438,2348 2374,2348 2302,2387 2106,2361 2016,2387 1917,2328 1856,2333"/>
                <Baseline points="1876,2413 1904,2411 1933,2411 1961,2413 1990,2415 2019,2417 2047,2418 2076,2423 2105,2428 2133,2430 2162,2432 2191,2434 2219,2436 2248,2439 2277,2443 2305,2443 2334,2443 2363,2443 2391,2443 2420,2443 2449,2443"/>
                <TextEquiv>
                    <Unicode>Man zursterto</Unicode>
                </TextEquiv>
            </TextLine>
            <TextLine id="tr_2_tl_20" custom="readingOrder {index:19;}">
                <Coords points="699,2560 2374,2598 2371,2527 2249,2507 1575,2507 1406,2435 697,2433"/>
                <Baseline points="713,2527 796,2533 879,2535 963,2538 1046,2540 1129,2542 1213,2548 1296,2548 1379,2550 1463,2550 1546,2549 1629,2553 1713,2553 1796,2557 1879,2559 1963,2562 2046,2564 2129,2565 2213,2570 2296,2574 2380,2574"/>
                <TextEquiv>
                    <Unicode>Kathilde: Einnel mueste er doch wohl sein.</Unicode>
                </TextEquiv>
            </TextLine>
            <TextLine id="tr_2_tl_21" custom="readingOrder {index:20;}">
                <Coords points="694,2706 1463,2690 1628,2708 1736,2785 2259,2813 2427,2746 2530,2782 2678,2736 2741,2762 2736,2609 2501,2581 2336,2627 2144,2583 1930,2644 1703,2593 1202,2629 1080,2581 689,2573"/>
                <Baseline points="707,2661 808,2661 910,2664 1012,2666 1114,2670 1216,2671 1318,2673 1419,2679 1521,2683 1623,2685 1725,2685 1827,2688 1929,2695 2031,2695 2132,2700 2234,2700 2336,2706 2438,2711 2540,2715 2642,2715 2744,2715"/>
                <TextEquiv>
                    <Unicode>Helene: Aber nas nunf Was hat er voriser ist se ein</Unicode>
                </TextEquiv>
            </TextLine>
            <TextLine id="tr_2_tl_22" custom="readingOrder {index:21;}">
                <Coords points="692,2790 779,2821 837,2795 878,2828 988,2800 1069,2836 1144,2803 1238,2838 1355,2821 1353,2695 1281,2716 1161,2683 983,2721 689,2708"/>
                <Baseline points="707,2780 739,2784 772,2787 805,2790 838,2792 871,2792 903,2793 936,2795 969,2795 1002,2799 1035,2801 1067,2801 1100,2801 1133,2801 1166,2801 1198,2801 1231,2803 1264,2805 1297,2808 1330,2810 1363,2810"/>
                <TextEquiv>
                    <Unicode>Anderer eeither.</Unicode>
                </TextEquiv>
            </TextLine>
            <TextLine id="tr_2_tl_23" custom="readingOrder {index:22;}">
                <Coords points="692,2979 1771,2951 1973,3025 2560,3027 2598,3022 2596,2907 2282,2925 2011,2782 1761,2841 1460,2790 1353,2859 1144,2800 1057,2831 687,2792"/>
                <Baseline points="707,2912 801,2920 896,2923 991,2926 1085,2928 1180,2931 1275,2934 1369,2934 1464,2938 1559,2941 1654,2942 1748,2944 1843,2953 1938,2953 2032,2956 2127,2956 2222,2962 2316,2962 2411,2968 2506,2969 2601,2971"/>
                <TextEquiv>
                    <Unicode>vechilde, (da hast mir selbst gewagl desr er sein</Unicode>
                </TextEquiv>
            </TextLine>
            <TextLine id="tr_2_tl_24" custom="readingOrder {index:23;}">
                <Coords points="692,3083 1899,3091 1981,3152 2157,3178 2407,3119 2639,3145 2634,3025 2598,3015 1879,3030 1731,2953 1636,2986 1529,2946 689,2984"/>
                <Baseline points="704,3052 806,3052 908,3055 1010,3055 1112,3058 1214,3061 1316,3064 1418,3067 1520,3074 1622,3076 1724,3076 1826,3079 1928,3083 2030,3088 2132,3088 2234,3091 2336,3095 2438,3101 2540,3102 2643,3099"/>
                <TextEquiv>
                    <Unicode>leben weiterführt wie gewöhnlich, auf die Klinsken</Unicode>
                </TextEquiv>
            </TextLine>
            <TextLine id="tr_2_tl_25" custom="readingOrder {index:24;}">
                <Coords points="687,3201 1146,3216 1358,3298 1480,3226 1644,3214 1991,3305 2218,3239 2466,3300 2588,3265 2586,3173 2315,3155 2241,3198 1460,3155 1149,3071 682,3096"/>
                <Baseline points="698,3177 792,3180 887,3183 982,3186 1076,3192 1171,3195 1266,3195 1360,3198 1455,3201 1550,3207 1645,3207 1739,3217 1834,3222 1929,3228 2023,3233 2118,3234 2213,3237 2307,3240 2402,3243 2497,3246 2592,3255"/>
                <TextEquiv>
                    <Unicode>und ine Laboratorium geht vess er euch mit Rach</Unicode>
                </TextEquiv>
            </TextLine>
            <TextEquiv>
                <Unicode></Unicode>
            </TextEquiv>
        </TextRegion>
    </Page>
</PcGts>
