3096 3672
270 505 651 698 31.10.1929
282 1740 631 1903 IAet berg
304 1869 666 2017 Ich er nich
267 2000 661 2126 einer untris
314 2106 666 2277 M. anthat
282 2240 599 2418 Ghele
322 2346 614 2517 Sins
2275 562 2435 735 218
651 735 1203 916 Meuntes Bild.
703 794 2477 1042 zene wie im 2. Bild. Bel der Beronin Danenols.
661 1015 1349 1121 Die Baronin,Leni.
666 1062 2517 1260 Baronin: Morgen Früh geben Sie die Annonce auf.
676 1240 1794 1391 Dass sie an Sonntag kommt. +
671 1334 2527 1559 Lent: Das ist. aber gescheldt. (Gohl ien An
693 1475 2542 1646 Baronin: Das kann Ihnen doch gleichgültig sein.
678 1606 2507 1787 Leni: Nein, Frau Baronin, das iet doch nicht das
1052 1713 2148 1812 dis iner cie horam hu elle
691 1705 2391 1881 Richtige. Dafür ist doch die schöne Wöhnung
2049 1819 2406 1948 ner ut
700 1864 2265 2067 nicht da. 12 klingelt drauesenl. Seit.
710 1995 2576 2158 Baronin: Das wird die junze Dame sein,die schon-
700 2111 2473 2287 neulich einmal hier war.. di Schweile. "/. Aodi
700 2247 2690 2458 Lent: (ab,kommt rasch wieder hereinl Ich hab durchs
708 2416 2133 2544 Guckerl geschaut, es sind zwei Damen.
715 2507 2646 2727 daronin: (nach kurzen desinnen) wühren die sie nur
713 2705 1010 2792 herein.
715 2779 1129 2940 Lent: (abl.
725 2871 2614 3039 (Gleich darauf treten ein Helene und U,thilde.-
720 3076 1178 3235 Begrüssung
