3112 3512
2694 238 2860 391 2.38.
900 391 1982 571 Dr. Braun: Nas ist denn 2052
907 509 2446 654 (Die Schauspieler treten wieder zurückl
920 599 2707 815 Lyblein: So jetzt der utorsyget einmalsvit-
927 759 2752 945 Progulein: (zu Doktor Fraunldie Friesel (ist ehn-
917 937 1263 1060 mächtis.
905 982 2857 1206 Drikraun:(tritt zu ihr hin, fühlt nach ihrem Pulvl
920 1163 2807 1316 Beron: (komnt von linke durch die Seitenturg auf
932 1303 2827 1471 die sühne, zu Loblein) was ist das für einel Wirt-
1965 1363 2514 1446 in sese aer ted
922 1404 2845 1586 schaft? Warum plötzlich, der Zutschenvorhang? Die
930 1504 2794 1712 Leute haben gemeint; es komnt noch ein Akt. R.
920 1662 2842 1825 (Die Schauspieler mit Karl Bern heraus, schwacher
955 1799 2815 1972 prlaus, alle wieder zurück, lprkaus setzt wieder
940 1962 1135 2110 einl
1529 1975 1732 2108 Hinn
950 2040 2772 2238 toblein: G. Hoch einmal! (Applaus setzt plotz-
960 2195 1990 2331 licl aus) So, abgeschnappt.
950 2301 2857 2514 Barinilzu der bruppe kranzl etc.1 Je warum liegt
952 2456 1880 2619 sie denn noch inner der
945 2556 2830 2747 Dr. Braun: Auf das Sofa,bitte. So helfen ie mir
927 2644 2942 2890 doct lz a einen Solauspleler. Zwei Theatererwelter
957 2852 1449 3002 komnen auch)
962 2907 2804 3125 Loblein: Eieerner herunter. Man hort wie der
975 3045 2486 3258 eigerne Vorhang heruntergelarsen wird!
