2851 3784
286 749 581 875 Uermill
245 850 596 954 dei Marn
230 928 635 1051 velief ich in-
230 1022 574 1143 Ki.ohm.
199 2209 552 2343 Um itifvent
220 2321 586 2449 ut an concisst
196 2389 540 2515 durwir
170 2493 487 2611 dacht ich!
157 2587 564 2723 de blecket un.
172 2701 499 2834 bi saht Noch
196 2815 414 2912 Get.tl.
2313 375 2461 484 231
647 516 2430 681 Zukunft - mit welchem Recht setzte Ich mich
666 623 2461 853 zum Herrn über ihr ganzes Desein? Nas gehörte
673 773 2599 940 ihr denn von mir? - nicht einmal die Gegenwart. -
918 901 1533 986 Mbe telatis pubota
1701 913 2490 1025 host ln voletet
666 942 2212 1093 War ich nicht mehr bei dir als bei ihr?
654 1061 2127 1214 Mathilde: Was sprichet du da, Rlchard?
647 1187 2333 1371 Richard: Ee ist nun einmal so. Gehörte ich-
640 1320 2488 1487 ihr denn jemals ganzt lie durft ich. mir anmae-
637 1451 2459 1623 sen mehr von ihr zu verlangen ale ich ihr gabt
635 1570 2432 1768 Mathilde: Anmassung? Will das nicht jeder, der
630 1722 894 1877 liebtz
632 1851 2219 2006 Richard: Nicht jeder hat das Recht dazu.
2313 1940 2602 2057 Glante obe
625 1974 2221 2139 Mathilde: Harum ein Anderer mehr als du?
2265 2023 2517 2108 d Bu
2207 2091 2360 2178 aus
623 2120 2561 2294 Richard: Wie ich einer, bin laufen Dutzende herumf
615 2246 2456 2389 So Einer wie ich darf nicht mit dem Leben von
2083 2379 2449 2483 Uerlericten
618 2364 1870 2517 Andernepielen.. 14 Johl - theld:
1897 2396 2587 2556 schrunten, dee Anlereh
1836 2500 2020 2570 ular
608 2481 2488 2670 Mathilde:/ Ich habe einmal gehört, dass eine Frau
615 2643 2444 2813 einen verurteilten Sünder errettenkann, selbet
601 2754 2163 2909 wenn er schon vor dem Schaffott eteht.
591 2885 2544 3057 Rlahard: Das wäre einfach. Ich binnkeiner von de-
