2875 3784
2077 580 2247 698 223
555 742 2402 925 doch nicht so ruhig einen Tag. nach dem andern
562 883 2464 1083 veretreichen lassen.) Ich möchte nichte zu bereue
550 1006 2274 1208 haben.. Ich will ihn nicht verliereni-Mr
545 1189 1988 1332 wolen ihn nicht verlieren, Mathilde.
555 1282 2395 1448 Mathilde: Was soll ich dabeit lass mich gehen.
562 1440 2390 1571 Ich bin nichte für ihn,ich war nichts für ihn
552 1536 2535 1729 Helene (Dn weiest sehr gut, dass das nicht stimmt.
552 1677 2158 1860 Er hat nie eine Andere geliebt als dich.
550 1795 1559 1983 Mathiide: (lacht kurz auf)
1569 1877 2390 1993 Vdle ex w1 bs
545 1975 2395 2146 Helene: Glaub mir, dass das so iet. Das Unglüok
538 2106 2461 2269 iet, dass wir so wenig Worte haben. Liebe - immer
533 2222 2392 2392 Liebe - Liebe- - Wenn ich bedenke, dass Karl zu
545 2370 2183 2523 mir auch immer von seiner Liebe spricht-
545 2491 1823 2659 Mathilde: Und du ihm von deinert
548 2624 1909 2792 Helene: Und es passt so gar nicht.
540 2715 2429 2881 Mathilde: Etwas Aehnliches wird es schon sein.
523 2853 2434 3061 Helene: Ach, Kathilde, leidht iet die Leben wahr-
530 3033 2299 3216 haftig mioht, und man weise so selten, was das
533 3122 1006 3285 Rechte iet.
