3048 3608
2435 426 2613 571 222
888 595 1664 702 (Leni komnt herein)
909 693 2699 852 Baroninisagen Sie, Leni, haben die Herrschaften
900 793 2763 990 nicht das letzte Mal irgend etwas da vergessent
888 933 2697 1138 Leni: Ja, dass ich nicht vergesse, ein Schrupf-
909 1081 2492 1264 tüchel ist dageblieben. von dem Fräulein.
902 1204 2816 1404 Baronin: (selbst verwundert) Warum haben Sie mit
900 1371 1595 1528 das nicht gesagt?
909 1454 2694 1654 Lent: Ich habe es (zuerst/ in die üsche geben:
912 1609 2404 1785 wollen, (es liegt noch bei mir drauscen)
919 1718 2732 1887 Baronin: 96 bringen Sie es desh sofort. Es ist
909 1849 2720 2030 doch -(zu Richard) Mais vertainement.Monsieur,
912 2009 2475 2147 vous n’etes pas venu pour en mouchdir?-
916 2106 2668 2311 Richard: lein .-Ich habe-das Zimmer-fur noch
921 2254 1726 2406 einmal sehen wollen.
912 2394 1652 2547 Zertrttaustmtxnde
909 2473 2813 2687 Beronin: Je comprendg.1Ja, es konnen so Instande)
900 2635 2777 2832 Schad, schad) Eile stait si sippathione In Made-
912 2792 1290 2963 moiselie.
904 2877 2725 3070 Lent:lait den Tasolentuch, sie gibt es Richerd)
907 3032 2149 3218 Rioherd:lpreset er in die Maval
931 3177 2711 3358 lient macht die Baronin durch ein Zelohen auf.
