3112 3544
2388 401 2567 566 226
788 543 1699 737 Kari Bern: Kommeh 91e.
781 671 2763 880 Kiohard: Ich habe dort nichts zu tun. Und nirgendi
788 862 1064 982 mehr.:
781 908 2679 1153 Karl Bern: Was reden Pie. daflete treten darn zu
806 1084 1268 1283 von angernl
799 1191 2653 1393 Lyänig und Eschard stehen einander gegenüber:
804 1304 2715 1510 Ludrig: So hat sie doch noch ihren Schwur gehäl-
827 1503 1059 1661 ton.
1806 1503 1998 1638 Auk
816 1615 2054 1814 Dicherd:Herkrnukenz Gebrochen.
824 1725 2766 1944 Karl Bern: Das wird sich niemals entscheiden las-
814 1921 1020 2049 sen.
827 1980 2811 2209 Helene: Wir moilen lieber nicht länger hier ste-
839 2181 1352 2294 hen bleiben.
837 2230 2781 2470 Färl Bern: Es wird uns an Ende doch nichts übrig
847 2375 2477 2564 bleiben, als irgendwe zu Abend zu essen..
844 2528 2240 2737 Richerd: lasst nich lieber altein.
1735 2600 2378 2712 tikt mid allen tei
852 2623 2903 2834 Karl Bern: (zu Kathilde) Jetzt steht allegbei Innen.
850 2778 2717 2995 Cregor:lzu Dregulein) Er wäre vfelleicht meine
844 2873 2786 3133 Aptiung gewesen. Dieser Abend hätte andere enden
852 3087 1171 3222 konnen.
