<?xml version="1.0" encoding="UTF-8" standalone="yes"?>
<PcGts xmlns="http://schema.primaresearch.org/PAGE/gts/pagecontent/2013-07-15" xmlns:xsi="http://www.w3.org/2001/XMLSchema-instance" xsi:schemaLocation="http://schema.primaresearch.org/PAGE/gts/pagecontent/2013-07-15 http://schema.primaresearch.org/PAGE/gts/pagecontent/2013-07-15/pagecontent.xsd">
    <Metadata>
        <Creator>prov=READ-COOP:name=PyLaia@TranskribusPlatform:version=2.7.0:model_id=50870:lm=none:date=22_01_2024_16:24</Creator>
        <Created>2023-09-27T14:32:28.388+02:00</Created>
        <LastChange>2024-01-22T16:24:15.489+01:00</LastChange>
        <TranskribusMetadata docId="1589028" pageId="60122231" pageNr="120" tsid="145623588" status="IN_PROGRESS" userId="40391" imgUrl="https://files.transkribus.eu/Get?id=OUXYSOJRYKWDGNQGSVQEKIZX&amp;fileType=view" xmlUrl="https://files.transkribus.eu/Get?id=ZBMGTRJAHSKRKOVAHPPHEXSM" imageId="48547310"/>
    </Metadata>
    <Page imageFilename="1589028_0120.jpg" imageWidth="2875" imageHeight="3720">
        <ReadingOrder>
            <OrderedGroup id="ro_1711795658453" caption="Regions reading order">
                <RegionRefIndexed index="0" regionRef="tr_1"/>
            </OrderedGroup>
        </ReadingOrder>
        <TextRegion orientation="0.0" id="tr_1" custom="readingOrder {index:0;}">
            <Coords points="561,585 561,3443 2525,3443 2525,585"/>
            <TextLine id="tr_1_tl_1" custom="readingOrder {index:0;}">
                <Coords points="2209,661 2235,661 2242,653 2259,661 2278,646 2330,656 2349,651 2352,570 2318,563 2294,572 2282,565 2273,575 2261,565 2237,577 2211,572"/>
                <Baseline points="2221,641 2248,638 2275,638 2303,638 2330,637 2358,635"/>
                <TextEquiv>
                    <Unicode>219</Unicode>
                </TextEquiv>
            </TextLine>
            <TextLine id="tr_1_tl_2" custom="readingOrder {index:1;}">
                <Coords points="644,751 995,737 1157,804 1367,761 1932,797 2037,789 2034,665 1784,706 1717,675 1576,725 1009,649 642,673"/>
                <Baseline points="656,746 725,743 794,746 863,749 933,749 1002,749 1071,751 1141,753 1210,753 1279,755 1349,755 1418,758 1487,761 1556,764 1626,763 1695,764 1764,764 1834,767 1903,767 1972,768 2042,767"/>
                <TextEquiv>
                    <Unicode>Daronin: Führen Sie sie par herein.</Unicode>
                </TextEquiv>
            </TextLine>
            <TextLine id="tr_1_tl_3" custom="readingOrder {index:2;}">
                <Coords points="649,942 677,947 713,916 747,935 773,916 792,930 804,921 851,952 880,933 913,944 935,921 1002,925 999,809 966,799 835,832 780,813 701,828 642,797"/>
                <Baseline points="656,874 681,872 706,871 731,873 756,875 781,876 806,877 831,877 856,878 881,880 906,880 931,880 956,882 981,883 1006,883"/>
                <TextEquiv>
                    <Unicode>Zeni: (abl</Unicode>
                </TextEquiv>
            </TextLine>
            <TextLine id="tr_1_tl_4" custom="readingOrder {index:3;}">
                <Coords points="625,1006 2495,1049 2492,961 2232,964 2132,923 1882,966 1767,923 1333,918 1243,964 622,937"/>
                <Baseline points="638,1000 731,1006 824,1009 917,1012 1010,1012 1103,1015 1196,1015 1289,1016 1382,1017 1475,1018 1568,1023 1661,1021 1754,1021 1847,1021 1940,1024 2033,1027 2126,1030 2219,1030 2312,1033 2405,1034 2498,1035"/>
                <TextEquiv>
                    <Unicode>(bleich darauf treten Helene und Mathilde ein)</Unicode>
                </TextEquiv>
            </TextLine>
            <TextLine id="tr_1_tl_5" custom="readingOrder {index:4;}">
                <Coords points="1455,1099 1498,1099 1512,1109 1526,1102 1538,1111 1569,1102 1584,1114 1612,1099 1629,1111 1655,1107 1658,1028 1557,1030 1529,1018 1514,1026 1491,1021 1481,1030 1457,1028"/>
                <Baseline points="1468,1095 1495,1094 1523,1092 1551,1094 1578,1095 1606,1093 1634,1091 1662,1089"/>
                <TextEquiv>
                    <Unicode>Vonbelr</Unicode>
                </TextEquiv>
            </TextLine>
            <TextLine id="tr_1_tl_6" custom="readingOrder {index:5;}">
                <Coords points="625,1183 1305,1154 1553,1159 1674,1209 1736,1169 2053,1202 2261,1173 2259,1076 2146,1073 2073,1126 1741,1090 1441,1123 1374,1073 622,1068"/>
                <Baseline points="638,1137 719,1139 800,1142 882,1143 963,1141 1045,1143 1126,1146 1207,1148 1289,1151 1370,1153 1452,1155 1533,1158 1614,1157 1696,1155 1777,1160 1859,1161 1940,1161 2021,1164 2103,1158 2184,1153 2266,1146"/>
                <TextEquiv>
                    <Unicode>Helene: Guten Abend. Meine Freundin,-I.h</Unicode>
                </TextEquiv>
            </TextLine>
            <TextLine id="tr_1_tl_7" custom="readingOrder {index:6;}">
                <Coords points="639,1324 1271,1305 1367,1348 1445,1317 1610,1338 1607,1202 1574,1195 1491,1226 1099,1195 913,1233 637,1197"/>
                <Baseline points="653,1271 701,1271 749,1274 797,1274 845,1275 893,1277 941,1278 989,1279 1037,1279 1085,1280 1134,1280 1182,1280 1230,1280 1278,1280 1326,1280 1374,1283 1422,1286 1470,1286 1518,1287 1566,1288 1615,1289"/>
                <TextEquiv>
                    <Unicode>Baronin: (erwidert nichtsl</Unicode>
                </TextEquiv>
            </TextLine>
            <TextLine id="tr_1_tl_8" custom="readingOrder {index:7;}">
                <Coords points="622,1457 1827,1424 1929,1436 2006,1507 2125,1448 2125,1338 1445,1357 1266,1305 620,1340"/>
                <Baseline points="635,1400 709,1403 784,1407 859,1409 934,1408 1009,1413 1083,1415 1158,1416 1233,1415 1308,1415 1383,1418 1457,1419 1532,1421 1607,1418 1682,1421 1757,1424 1831,1422 1906,1427 1981,1427 2056,1429 2131,1427"/>
                <TextEquiv>
                    <Unicode>Helens: d mein Bruder maler nichfst</Unicode>
                </TextEquiv>
            </TextLine>
            <TextLine id="tr_1_tl_9" custom="readingOrder {index:8;}">
                <Coords points="1631,1491 1677,1488 1698,1503 1715,1486 1813,1481 1860,1512 1944,1488 1975,1495 1975,1457 1934,1433 1875,1457 1827,1421 1755,1455 1674,1429 1631,1457"/>
                <Baseline points="1645,1477 1670,1477 1696,1477 1722,1475 1747,1475 1773,1477 1799,1477 1824,1477 1850,1477 1876,1478 1901,1479 1927,1481 1953,1483 1979,1480"/>
                <TextEquiv>
                    <Unicode>traule be</Unicode>
                </TextEquiv>
            </TextLine>
            <TextLine id="tr_1_tl_10" custom="readingOrder {index:9;}">
                <Coords points="2187,1495 2278,1503 2294,1493 2387,1510 2416,1491 2433,1503 2442,1495 2483,1503 2483,1438 2445,1443 2435,1433 2356,1457 2337,1445 2321,1455 2237,1445 2216,1464 2187,1457"/>
                <Baseline points="2200,1486 2226,1488 2252,1489 2278,1487 2305,1487 2331,1489 2357,1489 2383,1489 2410,1489 2436,1489 2462,1489 2489,1492"/>
                <TextEquiv>
                    <Unicode>seumen</Unicode>
                </TextEquiv>
            </TextLine>
            <TextLine id="tr_1_tl_11" custom="readingOrder {index:10;}">
                <Coords points="625,1581 2519,1588 2516,1507 2280,1524 2149,1450 1901,1517 1307,1452 1192,1491 622,1472"/>
                <Baseline points="635,1531 729,1534 823,1540 918,1540 1012,1541 1106,1544 1201,1546 1295,1546 1389,1551 1484,1552 1578,1552 1672,1555 1767,1556 1861,1558 1955,1558 2050,1563 2144,1564 2238,1566 2333,1567 2427,1567 2522,1567"/>
                <TextEquiv>
                    <Unicode>Baronin: Maie comment - Ich habe selbstverständ-</Unicode>
                </TextEquiv>
            </TextLine>
            <TextLine id="tr_1_tl_12" custom="readingOrder {index:11;}">
                <Coords points="615,1708 2507,1732 2521,1627 2268,1653 2032,1572 1841,1643 1746,1607 1407,1643 923,1584 613,1600"/>
                <Baseline points="629,1671 723,1671 818,1674 913,1674 1008,1677 1103,1680 1197,1683 1292,1684 1387,1683 1482,1686 1577,1689 1671,1692 1766,1695 1861,1696 1956,1697 2051,1697 2145,1698 2240,1701 2335,1702 2430,1705 2525,1710"/>
                <TextEquiv>
                    <Unicode>lioh nichts gesagt, wie Fraulein gemünecht haben.</Unicode>
                </TextEquiv>
            </TextLine>
            <TextLine id="tr_1_tl_13" custom="readingOrder {index:12;}">
                <Coords points="611,1848 1207,1820 1317,1858 1503,1820 2368,1884 2366,1803 2037,1722 923,1753 608,1705"/>
                <Baseline points="623,1800 710,1803 798,1806 885,1806 973,1808 1060,1811 1148,1815 1235,1815 1323,1818 1410,1820 1498,1820 1585,1822 1673,1825 1760,1828 1848,1830 1935,1830 2023,1833 2110,1836 2198,1839 2285,1839 2373,1830"/>
                <TextEquiv>
                    <Unicode>Helene: Wir werden ihn heute hier abwarten.-</Unicode>
                </TextEquiv>
            </TextLine>
            <TextLine id="tr_1_tl_14" custom="readingOrder {index:13;}">
                <Coords points="1367,1889 1393,1894 1429,1884 1464,1906 1491,1901 1510,1908 1510,1836 1479,1834 1472,1841 1455,1827 1429,1836 1412,1822 1379,1839 1367,1839"/>
                <Baseline points="1379,1883 1406,1883 1433,1884 1461,1886 1488,1886 1516,1883"/>
                <TextEquiv>
                    <Unicode>Eran</Unicode>
                </TextEquiv>
            </TextLine>
            <TextLine id="tr_1_tl_15" custom="readingOrder {index:14;}">
                <Coords points="608,1963 801,2001 1011,1963 1233,2013 1488,1956 1877,2020 2068,1975 2430,2011 2428,1908 2342,1870 1960,1908 1856,1867 1748,1913 1228,1856 737,1891 606,1856"/>
                <Baseline points="618,1934 708,1934 799,1937 890,1940 981,1940 1071,1946 1162,1946 1253,1947 1344,1949 1434,1955 1525,1953 1616,1952 1707,1955 1797,1959 1888,1962 1979,1964 2070,1964 2160,1967 2251,1967 2342,1972 2433,1973"/>
                <TextEquiv>
                    <Unicode>Baronin: (befremdet) Er kommt nie vor acht Uhr.</Unicode>
                </TextEquiv>
            </TextLine>
            <TextLine id="tr_1_tl_16" custom="readingOrder {index:15;}">
                <Coords points="594,2118 971,2120 1045,2080 2309,2127 2387,2113 2387,2027 1856,2032 1746,1984 1450,2018 591,1996"/>
                <Baseline points="606,2057 695,2063 784,2066 874,2066 963,2071 1053,2074 1142,2074 1231,2077 1321,2077 1410,2077 1500,2080 1589,2086 1678,2089 1768,2092 1857,2092 1947,2092 2036,2092 2125,2098 2215,2098 2304,2098 2394,2095"/>
                <TextEquiv>
                    <Unicode>Helens: Und ich bitte Sie sehr, Frau Baronin-</Unicode>
                </TextEquiv>
            </TextLine>
            <TextLine id="tr_1_tl_17" custom="readingOrder {index:16;}">
                <Coords points="551,2237 923,2263 1343,2216 1514,2225 1576,2280 1703,2228 2399,2275 2414,2151 549,2120"/>
                <Baseline points="561,2200 654,2194 747,2197 840,2200 933,2205 1026,2204 1119,2206 1212,2206 1305,2211 1398,2214 1491,2217 1584,2218 1677,2218 1770,2224 1863,2224 1956,2224 2049,2230 2142,2231 2235,2233 2328,2236 2421,2245"/>
                <TextEquiv>
                    <Unicode>(nichts sagen - ich meine ser darf nicht wiesen,</Unicode>
                </TextEquiv>
            </TextLine>
            <TextLine id="tr_1_tl_18" custom="readingOrder {index:17;}">
                <Coords points="584,2340 792,2364 1128,2337 1214,2385 1348,2373 1331,2263 582,2259"/>
                <Baseline points="597,2319 634,2322 672,2324 709,2327 747,2327 785,2326 822,2328 860,2331 897,2331 935,2331 973,2332 1010,2334 1048,2334 1085,2337 1123,2337 1161,2337 1198,2338 1236,2341 1273,2343 1311,2343 1349,2343"/>
                <TextEquiv>
                    <Unicode>dass wir hier sind.</Unicode>
                </TextEquiv>
            </TextLine>
            <TextLine id="tr_1_tl_19" custom="readingOrder {index:18;}">
                <Coords points="596,2488 1386,2476 1760,2492 1875,2542 2278,2533 2375,2521 2373,2373 2063,2411 1891,2354 1827,2404 1393,2352 1269,2402 1052,2359 594,2380"/>
                <Baseline points="606,2454 694,2454 783,2457 872,2460 961,2463 1050,2463 1138,2463 1227,2466 1316,2472 1405,2472 1494,2472 1582,2477 1671,2478 1760,2482 1849,2483 1938,2486 2026,2489 2115,2491 2204,2492 2293,2493 2382,2486"/>
                <TextEquiv>
                    <Unicode>Baronih: kann ich mich darauf verlaesen, Fräu-</Unicode>
                </TextEquiv>
            </TextLine>
            <TextLine id="tr_1_tl_20" custom="readingOrder {index:19;}">
                <Coords points="570,2585 859,2647 1505,2612 1607,2657 1937,2628 2180,2674 2399,2659 2397,2578 2225,2545 2099,2576 2011,2528 1712,2569 1119,2490 954,2519 837,2488 677,2540 568,2507"/>
                <Baseline points="582,2585 673,2588 764,2588 855,2591 946,2594 1037,2597 1128,2598 1219,2601 1310,2603 1401,2604 1492,2609 1583,2610 1674,2615 1765,2617 1856,2618 1947,2619 2038,2623 2129,2626 2220,2629 2311,2629 2403,2621"/>
                <TextEquiv>
                    <Unicode>lein, dass ich keinerlei Unannehmlichkeiten ha-</Unicode>
                </TextEquiv>
            </TextLine>
            <TextLine id="tr_1_tl_21" custom="readingOrder {index:20;}">
                <Coords points="572,2757 651,2743 701,2769 778,2728 999,2767 995,2652 952,2664 930,2645 844,2650 773,2628 704,2655 627,2616 568,2647"/>
                <Baseline points="582,2713 608,2713 634,2713 660,2713 687,2713 713,2713 739,2716 766,2719 792,2721 818,2721 845,2719 871,2720 897,2722 924,2722 950,2722 976,2722 1003,2725"/>
                <TextEquiv>
                    <Unicode>ben werde?</Unicode>
                </TextEquiv>
            </TextLine>
            <TextLine id="tr_1_tl_22" custom="readingOrder {index:21;}">
                <Coords points="575,2891 1076,2864 1476,2919 1712,2883 2488,2917 2483,2781 2373,2748 2197,2790 2132,2748 2063,2783 1953,2750 1848,2800 1619,2748 1340,2800 1274,2762 572,2774"/>
                <Baseline points="585,2848 680,2848 775,2851 871,2852 966,2856 1061,2857 1157,2860 1252,2860 1347,2866 1443,2869 1538,2872 1633,2875 1729,2877 1824,2878 1919,2883 2015,2884 2110,2890 2205,2888 2301,2893 2396,2893 2492,2893"/>
                <TextEquiv>
                    <Unicode>Helene: Koh habe Ihnen ja schon neulich -loffnet</Unicode>
                </TextEquiv>
            </TextLine>
            <TextLine id="tr_1_tl_23" custom="readingOrder {index:22;}">
                <Coords points="560,2986 2447,3031 2447,2976 2366,2936 2240,2974 2065,2912 560,2910"/>
                <Baseline points="573,2979 667,2976 761,2977 855,2982 949,2985 1043,2990 1137,2990 1231,2993 1325,2997 1419,2997 1513,3003 1607,3003 1701,3006 1795,3009 1889,3011 1983,3015 2077,3020 2171,3021 2265,3021 2359,3024 2454,3024"/>
                <TextEquiv>
                    <Unicode>Ihre Handtasche, nimmt ihre Geldböree, als wollte</Unicode>
                </TextEquiv>
            </TextLine>
            <TextLine id="tr_1_tl_24" custom="readingOrder {index:23;}">
                <Coords points="560,3132 1708,3141 1677,3046 558,3038"/>
                <Baseline points="573,3107 630,3106 687,3106 744,3109 801,3110 858,3111 915,3113 972,3113 1029,3114 1086,3119 1143,3121 1200,3119 1257,3122 1314,3124 1371,3127 1428,3128 1485,3131 1542,3133 1599,3134 1656,3138 1713,3143"/>
                <TextEquiv>
                    <Unicode>sie der Baronin etwas geben)</Unicode>
                </TextEquiv>
            </TextLine>
            <TextLine id="tr_1_tl_25" custom="readingOrder {index:24;}">
                <Coords points="568,3282 2268,3306 2318,3301 2316,3210 1825,3158 1763,3198 563,3151"/>
                <Baseline points="579,3242 666,3242 753,3242 840,3245 927,3245 1014,3248 1101,3250 1189,3251 1276,3256 1363,3262 1450,3263 1537,3266 1624,3271 1711,3272 1799,3272 1886,3273 1973,3278 2060,3281 2147,3284 2234,3287 2322,3287"/>
                <TextEquiv>
                    <Unicode>Beronin:(beinche beleldigt) Wais quelle idse</Unicode>
                </TextEquiv>
            </TextLine>
            <TextLine id="tr_1_tl_26" custom="readingOrder {index:25;}">
                <Coords points="549,3415 739,3446 782,3408 937,3434 1159,3380 1498,3449 1679,3422 2204,3468 2302,3427 2297,3315 2142,3329 2075,3291 1884,3339 1638,3298 1472,3327 546,3287"/>
                <Baseline points="561,3367 648,3367 735,3373 822,3373 909,3378 996,3380 1083,3377 1171,3379 1258,3379 1345,3382 1432,3383 1519,3386 1606,3391 1693,3392 1781,3394 1868,3398 1955,3403 2042,3403 2129,3406 2216,3409 2304,3418"/>
                <TextEquiv>
                    <Unicode>Kedenotselle 1/ Ich werde Innen Licht machen.</Unicode>
                </TextEquiv>
            </TextLine>
            <TextEquiv>
                <Unicode></Unicode>
            </TextEquiv>
        </TextRegion>
    </Page>
</PcGts>
