3096 3656
2349 538 2518 705 282
549 679 1743 884 Wathilas: lschuttelt/ den Kopf.)
541 832 2466 1012 Helene:(Ioh veretehe jetzt alles viel besser ale
551 962 2578 1163 früher. Durch Kari Berne Augen sehe ich alles viel
546 1119 1314 1267 klarer als vorher.)
554 1217 2544 1405 Kathilde (Alsol von ihm, (ron Karl Bern sstammt wohl
564 1314 2479 1553 auch diese Idoe, dase ich ihn hier entzöfentreten
551 1514 783 1665 60117
1030 1506 1787 1657 Eic aller. des 1.
557 1618 2562 1805 Helene: Nur ein neuer, ein (besserer) Zauber kann den
557 1769 1054 1925 alten losen.
546 1870 1865 2063 Mathilde: keinet du das wirklicht
554 2019 1886 2182 Helens: Ich halte es für möglich.
557 2143 2544 2310 Mathilde: Und ich sage dir, dass dae nichte ist ale
554 2253 1628 2448 ein abgeschmackter Einfell.
557 2378 2643 2586 Refene: der findet Bern auch, obnohl oder woil er den
559 2521 2508 2664 Einfall gehabt hat, (ernethafter) Aber ich finde,
1457 2609 2138 2697 und vielte d Ret
1080 2619 1394 2711 A.Eescl.
723 2625 1043 2721 einein
2203 2622 2528 2789 zu Eith.
549 2671 2107 2822 case er, die Rettung sein kann, für ihn-
2156 2713 2489 2856 dicu
557 2786 1915 2963 Wethilde: Er iet ih keiner befahr.
1491 2885 1626 2999 d
546 2929 1423 3080 Roiene: Und fur diche
1550 2976 1717 3184 eo
559 3051 1397 3228 Unthtlag, und teh ger
1790 3069 2505 3311 ton cec onr 8p10t
557 3176 1691 3350 Relenei Wane ianer gleich des
559 3270 2471 3488 stchent Da hest vidllelcht Recht, der Lünber oder
