2843 3944
256 2162 526 2347 Ter 21.
256 2335 587 2467 Aers kan
244 2452 575 2566 er nihter
2304 636 2450 757 228
1040 706 1507 847 ein Cilhet.
645 811 2433 1013 schluss etwas ändern könnte, den man reiflich
645 984 1149 1096 erwogen hat?
1929 1064 2591 1186 die le Carimense
643 1093 1834 1239 Kathilde: Richardl. Ei molllich
1826 1127 2230 1261 e S.
648 1215 2557 1400 Elchard: (Glaubst du wirklich, Mathilde, dass man
640 1344 2513 1534 nach dem was geschehen ist -((unterbricht sich)
1478 1459 1795 1549 weil & lib.
648 1498 2357 1651 Ioh hab ed ja vergucht, aber ich kann nicht.
1356 1583 1629 1661 iclleictth
640 1592 2481 1802 Mathilde:(Du hast es wohl nicht auf die rechte
638 1770 1274 1914 Weise vereucht.)
645 1875 2423 2041 Kichard: (ausbrechend) Weiest du, Mathilde, dass
628 2014 2362 2196 sie noch lebte, (wenn ich sie nicht verlaesen.
2277 2111 2498 2223 ich Si
1247 2143 1468 2216 n N
628 2150 899 2301 hatter
1254 2172 2640 2304 Tai dis inet copelet. bt mit mit de de
2165 2262 2384 2321 jener
636 2272 2593 2428 Mathilde:/Wahrecheinlich. Aber immerhin (vorsich-
1222 2372 1398 2450 auch
633 2391 2581 2562 tig) - gibt de andere Menschen - einen, der sich
631 2540 2369 2674 einoildet, dass sie um ihn gestorben ist --
628 2652 2457 2829 Kichard: Und er hat möglicherweise Recht. Aber
626 2805 2428 2980 Ihr ahnt wohl alle nicht, wie wenig es darauf
618 2944 957 3063 ankomnt.
618 3046 2552 3217 Mathilde: Und auch darauf nicht, dass vielleicht
604 3187 2552 3372 selir bald ein nderer gekommen wäre, auch wenn du
