2867 3752
2273 583 2429 811 220
600 786 2375 979 1518 schaltet ein und zieht die Vorhänge beim
585 949 2578 1108 Fenster zu) Mais prenex doncplage, mes demoiselles.
595 1068 781 1225 (abl
578 1195 1234 1346 Helene, Mäthilde.
578 1336 2429 1522 Mäthilde: (hat sich im Zimmer mit einiger Scheu
580 1475 1844 1621 ungesehensimmer an gleichen Ort)
583 1606 1098 1740 (Kurze Pausel
570 1710 2293 1886 Mathilde: Aleo, xxxxdxExr hier ist er
2355 1733 2531 1914 ack-
573 1859 1239 2015 lich gewegen --
563 1983 1693 2132 Helene: Nicht nur glücklich.
553 2085 1998 2300 Matliias: (eintach) (ras soll ich hier
2025 2057 2474 2308 ferim naos
565 2261 1713 2407 du mich hier heraufgebracht?
558 2370 2461 2566 Helene: Du KasxxxxxaakenzExExtanden welsst es
565 2504 1723 2689 de. Mritiboseimirtend
545 2623 2362 2828 Mathilde: Ich glaube an seinen Wahneinn night.
535 2776 2447 2925 Helene; Das Wort habe ich nicht gebrauchts-ebu.
880 2863 2231 2972 etedebu (Ebri ins uude in ande
533 2913 2372 3076 Mathilde: Du hast mir ja selbet gesagt, dass er
533 3046 2444 3220 seine existenz welterführt, wie gewöhnlich- des
525 3180 2447 3336 er auf die Klinik geht und ins Laboratorium, dass
530 3309 2429 3510 er alt Auch bei Rische sitzt und auch bespräche
