3096 3464
2468 337 2616 446 209
816 441 2532 640 Vregulein sowie ein Thesterarbeiter betten
806 595 2639 779 Franzl auf das Sofa. Jetzt ztstritt Fichard in
813 742 2701 895 die nahe, ver teht noch nicht, bleibt zuerst. starr
1384 848 1525 935 ohe
821 856 2716 1004 stehen. Braun macht Franzie Kleid auf, untersucht
818 1009 1490 1173 ihren Herzschlagl
799 1141 2326 1304 Baron: Was fehlt ihr denn eigentlich?
828 1255 2530 1419 (Dr. Braun untersuchtmeiter. Auch üregoh und
821 1386 1979 1565 Dögelmann stehen in der lähel
831 1481 2681 1689 Vregulein: (zum Dr. Braunl (also was ist/ Herr Vok-
826 1674 999 1803 tori
823 1689 2584 1887 Dr. Braun: (löst auf Franzls verkrampfter Hand
811 1882 2716 2058 sein kleines Eläeflchen, rieglt dazul Ja Leider
843 2004 2698 2225 Richard: ltrit: jetzt ganz nahe heran,plötzlichl
841 2190 1128 2299 Franzil
843 2284 2289 2468 Bar n: (zu Lörleinl Wer ist denn das?
856 2425 2163 2594 dreguletnilzu Doktor braunl-61442
853 2569 1510 2721 Baron: Nas, 67ft?
846 2641 2599 2840 Karl Bern:list dazugetreten!st es miöglicht
856 2790 2845 2929 Fichard: (zu Doktor Braun) Doktor medteinae Hichard
1483 2904 2093 3075 Iud Hen Dohr
858 2964 1161 3088 Fricke.
853 3050 1788 3274 Dr. Sraur: Poktor Fraupf
