3048 3608
519 403 691 549 nich
461 507 698 659 Vville
2039 270 2421 428 Menah
752 265 1995 459 Ich slait - Ich de wennterkaus¬
815 419 2027 573 dise hiem warht dauf ein betrefe
2404 424 2570 545 224
866 566 2579 752 erztl Meisst da setzt, dass ich dich geliebt
870 701 2516 880 hebst len Fenster, das Feschentuch und den
873 824 2649 1022 Brief in der Hand-Stille. So klopft an die
870 998 1110 1157 Bärel
868 1066 2719 1301 Beronin:stritt einl Entschuldigen, Herr Doktor,
875 1255 1357 1408 es ist nur:
889 1338 2609 1520 Richerd: Nichte zu entschuldigen. (er macht
891 1462 2691 1655 noch nicht kiene zu gehen.1 Pr gitt so aller-
898 1648 1133 1813 ven.
894 1641 2735 1918 Barontn (Einmal hat ein Herr bet mir genietet.
903 1827 2777 2051 Abend für Abend ein Jahr lang war er mit seiner
919 1962 2684 2167 Freundin da. Dann hat sie geheirgtet. Und er-
922 2099 2719 2269 ist allein wiedergekomnen jeden Abend. Er het
922 2223 2767 2449 des Zinner nicht aufgegeben. Und eines schönen.
901 2353 2772 2560 Eende, keine vier Nochen nach der Kochzeit,wer
926 2456 2702 2705 sie auch wieder da. Denr man einen kann mürk-
931 2677 1573 2802 lich gern hat-
933 2753 2672 2954 Eichard:(wie ermashend) Iel gehe schon, frau
931 2914 1925 3065 Beronin. 18lick ringsunl
933 3019 2625 3214 Beroninialso vergessen Sie mich nicht, Herr
933 3156 2677 3370 Dottor. das dr d10 Pelie, br der Gotter
1704 3345 2756 3466 ar in Zl
