3112 3576
497 2537 825 2734 1n. N at.0
557 2713 802 2810 de mi:
552 2781 841 2939 Uejet. i.
1383 171 1583 321 Tast.
1278 271 1793 421 E Meiptl
925 255 1136 455 Ses.
2531 308 2692 460 222
846 465 2752 652 Karl Bern: (leise zu Helene) Wir sind alle zu ge-
854 623 2461 775 scheidt gewesen. (Sie hat sich vergiftet.)
852 710 2518 896 Helene: Ist sie tot? Das, ist ja furchtbär.
860 894 1861 1030 Ludwig: Was sagen Sie dar
860 1028 1856 1183 Helene: No ist Richard?.
860 1149 1774 1325 Karl Bern:(Bei ihr./:(
862 1228 2694 1448 Helene: seine Bewegung, als wollte sie auch duf
854 1409 1304 1564 die ehnel
875 1496 2156 1688 karl Dern: Ee hätte keinen Sinn.
875 1630 2150 1795 Ludwig: Richard ist bei ihrP. M.
862 1761 2416 1937 Karl Bern:(Das war nicht vorauszusehen.
875 1922 2369 2035 Gregor: (aue der Türe, zu Dregulein hin)
873 2000 2684 2203 Einige von den Martenden rüfen: Hoch Gregor!
875 2153 2786 2345 werden aber von Andern schon zur, Ruhe verwiesen.
1814 2269 2142 2358 esert. surh
875 2311 2216 2497 Gregor: (zu Dregulein) Grauenhaft 1
899 2434 2595 2616 Pregulein: Du hast ihr ja nichts angemerkt.
1291 2550 2085 2629 dis iill ee e trassant.
875 2581 2852 2713 kregor: Ich hätte ja mit ihr zusammen sein sollen
881 2671 2744 2844 ich mit ihr allein. kannet du dir das erklären?
883 2802 2037 3020 Dregulein: (ruckt die Achsein)
844 2923 2957 3118 Gresor: Das kann doch nicht die Schuld gewesen sein?
