2875 3736
2275 706 2432 851 222
912 716 1287 860 mie sintt
586 782 1956 983 fuhrt (ale wäre nichte geschehen./.
588 939 2341 1120 Helene( Eben das.. Gespräche, als wäre nichte
995 1042 1863 1130 Abe. et is ciumel no ex ehe
598 1093 2388 1248 geschehen. Und jeden Abend um acht Uhr kommt
586 1208 2410 1380 er hieher und bleibt bie Mitternacht. Das geht
1981 1326 2446 1417 nit ite vohalt
574 1348 2336 1527 nun beinahie drei Wochen lang so fale wenn er
583 1503 2336 1633 ihr verfallen wäre. Schlimmer seit ihrem Tod
1145 1574 2400 1706 itie. Purte eaus uutt dem hai cue
578 1615 1110 1743 als vorher,-
1333 1669 1777 1767 Nai so be
922 1682 1417 1792 Der Einfalt
1981 1686 2285 1809 d.d 1.
564 1753 2184 1922 MathildéiRtaxtder stammt von Karl Bern.
1289 1843 1667 1939 slenue
571 1880 2427 2039 Helene: (Ioh habe es dir ja nicht verschwiegen.
1686 1978 1971 2074 de tros
574 2005 2461 2201 von ihn weise ich ja allechEin wahrer Detektiv.)
556 2145 2402 2314 Hathilde: Und ich rage dir, es ist ein sehr ab-
554 2277 2228 2464 geschmackter Einfall deines Freundes Bern.
547 2410 2348 2598 Deiene:1iachelnd) Dar findet Kerl auch, obwohl
1824 2522 2081 2601 alte
544 2542 2348 2736 er selbst oder vielleicht weil er(den Einfall
640 2620 814 2701 phin
547 2665 2490 2863 gehabt het. Aber tahrftndendaszktukt abgeschneckt
539 2802 2449 2993 oder nicht - er bedeutdt sielleicht die Rettung-
522 2917 1199 3081 vur Euch Beide.
537 3030 2444 3285 vethilde: Er ist in keiner Gefalr und ich gentse
527 3187 797 3336 nicht.
517 3270 2490 3542 Relene: Uner inner gleich das Leben auf den Sple
