2792 3368
363 1059 566 1196 Urse
315 1181 447 1259 ner
221 1234 454 1338 dent,
254 1399 404 1493 it
454 1894 592 2031 His
640 345 1018 452 Dregulein.
637 406 2031 548 Ageann: Drehen Sie sich nicht um
883 503 1226 592 der trect
622 531 1566 711 John: Es stimmt. 142 )1
1427 592 1759 718 d reil
630 678 2531 817 Fögelmann: Sie stecken mit ihm unter einer Ueche
637 802 2544 955 Gregor: (kommt), jünger els Dögelmann) Guten Abend.
622 947 1935 1082 Dögelmann: Schon aus die Komödie:
625 1054 2529 1221 Grezor: Hgne Viertelstunde hat man doch herunter-
622 1188 2549 1320 gespielt-nach der achtundeienzigsten Vorstellungs
881 1277 1201 1363 Kehl ich 1.
614 1282 2513 1472 Lang hält man das hicrt meiir aus. Uen wirdfalt.-
612 1445 2557 1582 wenn man eine solche Rolle hundertmal spielt. sei
599 1571 1957 1696 der Première wer ich ein Jüngling.
726 1655 927 1749 dent
607 1698 2386 1825 Uregulein: Nun, bei dem neuen Stück hats keine
1531 1803 1737 1869 ear
607 1797 2539 1985 Gefahr - keine arei Mgl. (spielt weiter) 32,33,34.
604 1927 2348 2130 urezorf: Die rroge, ob(wir das Stück überlaupt
589 2100 1155 2226 haben werden.
1422 2153 1759 2277 ag
589 2196 2582 2366 John: (Iieso7 am tag soll do) die Première sein.
1074 2300 1422 2389 Fari Pored
1747 2323 1904 2386 sten
592 2353 2633 2455 Lögelmanr: Deine Exgemahlin will à tout prix nicht..
576 2473 2051 2597 leut hat sie sie Holle ja lingehaut..
584 2559 2518 2752 Sohn: ker Ihr isest ruch von der Dame zu viel ge-
576 2719 2036 2892 fallen. (wenn ich der Intendant wär..)
584 2869 2478 3008 Lregulein: Nicht vornehm von uir . Schliesslich
