2776 3352
1364 410 2421 580 haben Sie bemerkt, dass zwi-
887 580 1895 722 Gor und Fräulein Friesel-
523 593 668 774 5ct
526 696 2450 866 Karl bern: Sagen Sie ruhig: Franzl. öhne sexuelle
513 833 2442 983 Folaritäten geht es nicht an, in keiner Beziehung,
521 954 2486 1086 sogar wern gar nichts Krotisches davei ist. Natur-
523 1073 2522 1227 gesetze. Eia Glück. In dieser Atmosphäre leben wir.
160 1163 740 1398 Jest Pepelin.
508 1349 2414 1452 Dregulein: (tritt hinzu, will der Schachpartie ki-
516 1472 2455 1578 bitzen) Ist's erlaubt: Ah,“ie halten noch bei der
485 1614 934 1735 ErbErnung?
508 1741 2342 1890 Richard: Ee ist spüt. lch kann überhaupt nicht
508 1864 1117 1980 weiter spielen.
511 1978 1980 2138 Dregulein: Ich ünernehme Ihre Partie.
516 2094 2491 2277 l’ichard:(setzt sich daneben einen Brief schreiben)
513 2256 2053 2342 Karl Bern und Uregulein am Schachbrett.
521 2391 2022 2509 Karl Bern: Sie mögen mein Stück nicht.
518 2496 2543 2651 Uregulein: Die Wahrheit zu segen - nein. Sie werden
511 2610 2470 2757 bescere schreiben. Trotzeem 2 es wäre e-hade, wenn
508 2746 2540 2906 die Hoveda nicht spielte. Es könnte zugrunse gehen.
511 2883 2584 3046 rraulein friesel ist noch nicht geif dafür bei allem
