2851 3928
211 1142 632 1329 i hi jemele
235 1300 558 1417 Milderins
218 1396 548 1566 untet
2238 634 2401 835 223
637 838 1755 979 sie nicht verlassen hättest.
1345 883 1922 1029 der in g stiese
632 981 2461 1115 Richard: Man hat Euch ja gut guk unterrichtet.
637 1084 2413 1252 Hathilde: Misevereteh mich nicht, Richgräf. Ich
1846 1197 2312 1281 Ueresd
639 1242 2320 1362 bin so fern davon sie zu schmähen.- Sie hat
634 1357 2475 1525 dich geliebt - nur dich. Im letzten Augenblick
625 1508 2468 1664 hat eie gewies an keinen Andern gedacht ais an
634 1633 2463 1771 dich: Was immer in ihrer Vergangenheit war, was
627 1776 2408 1944 imner in der Zukunft gewartet hätie, -fortge-
627 1910 2324 2054 gangen ist sie,aue der Welt davon, an jenem
632 2051 2533 2176 Abend,gerade in dieser Stunde, weil du sie ver-
622 2162 2463 2288 lassen hast, vielleicht nur, weil sie mich neben
627 2276 2375 2470 dir in der Loge gesehen hat,, Aber man stirbt
941 2384 1089 2461 nur
632 2413 2382 2585 ja doch immer an sich selbst und rächt sich
613 2547 2446 2671 dafür an dem, der einen am meisten geliebt hat.
620 2667 2406 2846 Richard: (Sehr wahr. Auch ich hätte mich viel-
2269 2794 2490 2863 weis
620 2801 2446 2997 leicht geracht. Auch ich würde J auch ich wäre
618 2956 2413 3081 an mir selbst gestorben. Aber am Ende braucht
608 3071 1862 3200 man ja keinen besseren Grund..
591 3208 1343 3378 Mathilde: Richardl
601 3349 2523 3502 Richard: Ja, man etirbt am Ekel, an der Unzufrie-
