3048 3496
2539 305 2735 442 236
897 410 2777 597 Baron: (zu Loblein) Die Koreda behauptet, dass sie
882 573 1988 698 mit einer Probe genug hätte.
885 659 2743 838 Loblein: Sie war ja schon so rut wie fertig mit
880 809 1295 929 der Roile:
887 956 2750 1135 Baron: Glauben Sie, mir könnten morgen sschon mit
875 1081 1423 1212 ihr ansetzen?
877 1194 2664 1374 Eblein: Ich möchte doch raten lieber noch: zu
1403 1300 1752 1384 ken, den
875 1342 2689 1487 warten. Man könnte es doch als Pietatlosigkeit
870 1477 1236 1588 auslegen.
867 1580 2841 1745 Baron: Die Leute haben leicht reden. Ein Sonntag.,
875 1720 2831 1882 (nach kurzem Nachdenken) Also - raub. der Sabinef-
850 1855 2322 1973 rinnen", (mit Lgblein nach links abl.
863 1973 2669 2101 Dogelmann: (geht von links nach rechts über die
850 2111 2735 2231 Bühne, mit einem flüchtigen Blick nach der Bahre)
855 2244 2772 2386 Dregulein:(steht allein da, bleibt als Letzter zu-
833 2369 1116 2507 Fückl.
845 2489 2226 2696 Ilbrosor nüeets beteiligter setnll.
