3096 3640
2350 583 2510 724 224
774 738 2610 929 Mathilde: (unterbrechend) so s ehr geliebt, dass
783 893 2631 1036 er für sie sterben will..  tun zu denn An¬
781 1007 2529 1207 Helene:(Ich glaube cher für dich. (hir gegen-
772 1167 2605 1360 über fühlt er sich schuldiger als dieser Toten
774 1274 1205 1448 gegenüber.
772 1364 2212 1591 Mathilde, Ich hore Herrn karl Sern.
764 1522 2524 1724 Helens: Kich höret du, Kathilde, Es ist ja so
772 1653 2555 1855 einkach. Wenn du gesnicht vegstehenwillst, ist
762 1788 2386 1962 es ja wieder nichts ale beleidigte Liebe.
764 1934 2679 2084 gibt kein Wesen auf der Welt, das ihn zu Vernunft
1891 2045 2074 2110 nun
760 2036 2598 2224 bringen, das ihn zu enem ordentlichén Menschen
748 2186 2562 2338 machen kann ale du. Und es gibt keinen,dem du
752 2300 2657 2527 Jemale in deinem Leben so völlig gehören kenet
743 2434 1450 2631 konntest als ihn.
752 2572 2193 2717 Kathilde: das wird sich noch ielgen.
738 2703 2424 2888 Helene: Dazu iat dann immer noch Zeit. Ich
748 2843 2612 3005 sproche nur von der begenwart, von dieser Stunde
729 2965 2586 3129 spreche loh Kathilde. Wir wollen nichtg zu be-
743 3077 2634 3289 reuen haden, Kathilde. Fr diese Stande habe 1oh
