3144 3672
410 2302 909 2494 Pill. v. 8 /6.
471 2451 787 2589 Ia set1
406 2557 873 2729 Tass Geil er
419 2708 665 2857 wahlt
2406 537 2553 667 168
920 688 1978 812 Axkxrrarrrrtrkhuxterd
922 810 2596 929 Ludwig: Wie du siehet. Ich habe einen ganz
931 938 2679 1069 versteckten Platz,Galerie,kein Bekannter hat
927 1071 2645 1224 mich gesehen. War mir auch ziemlich gleich-
927 1164 2686 1348 gültig. Was saget du zu Franzl E wundervoll,
936 1328 2677 1482 nicht wahr? Warum hast du mir übrigene nicht
940 1493 1500 1603 telegraphiert?
943 1569 2384 1741 Richard: Ich habe dir telegraphiert.
945 1691 2641 1854 Ludwig: Ja, dass mein Schwiegerväter tot ist,
949 1858 2068 2000 aber nicht, dass Franzi lebt.
956 1971 2751 2165 Zichard: (Es verltzt dich hoffentlich nicht zu
952 2075 2665 2248 sehr,, dass - sie sich nicht umgebracht hat?
943 2248 2706 2402 Ludwig: (Ichpin stolz) dass der Schmerz sie zu
945 2329 2686 2492 einer Künstlerin gemacht hat.(Nie hrtte ich
1664 2449 2343 2596 Un ihr Krehlerschaft he
965 2490 2230 2650 geahnt - Regen 4) mit weetrerder
963 2616 2722 2785 Richard: Weis- Antoinetie, dass du im Theater
970 2762 1195 2898 bistz
958 2846 2731 3026 tudnig: Selbetveretändlich.Sie war es ja, die
967 2988 2785 3157 mich gestern auf die Notiz in der Zeitung auff
970 3101 2683 3297 merkeam gemacht hat, eine Stunde, ehe der Zug
974 3256 1745 3437 im Behnhof einfuhr.
