3096 3672
389 767 611 936 Auser
366 918 678 1035 Aln. d in
359 992 646 1099 ob Vrt.
366 1067 656 1176 w. gleite
356 1163 497 1245 in
342 1292 700 1411 Werllichte
354 1391 688 1515 Wannter
324 2421 577 2604 Ob pr.
351 2586 554 2735 nacht
695 733 1703 819 Wohin führst du mich dat-
710 792 2524 968 Helene: Ich hab dir es ja nicht verschwwegen.
710 926 1839 1114 Mathilde: Was soll ich hiert
718 1059 2591 1272 Helene: Auch darüber sind mir uns sa klar. Seit
723 1230 2715 1391 dem Tod des unglückseligen Wesens ist er Abend für
715 1344 2636 1532 Abend hier gewesen und bis Mitternacht oder lan-
718 1502 1366 1668 ger dageblieben.
723 1634 2604 1792 Mathilde: Hier, wo er so glücklich war. Ich kann
720 1827 1614 1923 es ganz gut verstehen.
718 1911 1965 2074 Helene: Damit ist nichts getan.
723 2042 2581 2240 Mathilde: (Im übrigen hast) du mir selbst gesagt,
1255 2176 1426 2260 vnd
730 2210 2596 2336 dass er seine Existenz weiter führt wie gewöhn-
720 2346 2636 2465 lich, auf die Hinik und ine Laboratorium geht,
715 2435 2510 2589 mit Euch die Mahlzeiten teilt, auch Gespräche
2416 2569 2688 2700 welche
725 2596 1987 2792 führt (als wäre nichts geschehn.)
1978 2675 2792 2826 Abe vo Wer zuh.
720 2750 1960 2891 Helene: Ich habe Angst um ihn.
1252 2849 1668 2945 Ich ghitnr.
718 2849 2230 3002 Mathilde: Dazu ist gewiss kein Anlase.
723 2992 2396 3173 Helene: Mathilde, sollen wir ihn verlieren?
718 3163 2552 3250 Mathilde: Ich hatte ihn niemals und Ihr werdet
720 3240 2240 3416 ihn behalten.- Dass mich wieder gehen.
