3096 3656
2326 452 2469 601 219
639 657 1613 803 Eelene: Meine Freundin.
644 759 2150 971 Beronin: bitte. (zum Sitzen einladend
639 872 2528 1120 delene.Sie haben geschwiegend Mein Bruder weise
652 1094 953 1207 nichts.
660 1127 2247 1347 Baronin: (Natürlich./ Ich het rethetreber
1759 1232 2219 1334 lise kun
1245 1283 1465 1362 heit
660 1278 2503 1485 Reihe: Aiso, ich warte(beute) bis er komnt. Aber
675 1408 2262 1585 Sie verrktch nicht, daes jemand hier ist.
675 1511 2610 1736 Beronin: Und die konhen mir gerantieren, Fraulein.
677 1641 2651 1846 dass ich keinerlei Unnanehmlichkeiten haben werdet
1217 1792 1754 1881 tet icter ner
677 1802 2423 2007 Helens: Der ist vollkommen ausgeschlossen. v
698 1902 2712 2140 Daronin: Ich möchte Fräuletn aufherksan machen, dess
703 2065 2168 2234 der Herr Doktor indess gekündigt hat.
690 2216 1224 2388 Relene: Mann?
711 2365 1396 2528 Beronin: Gestern.
2186 2370 2748 2533 E kenthes von
706 2444 2145 2643 delene: Er will nicht wiederkommen?
711 2554 2768 2789 Baronin; Die Wohnung steht noch zu seiner Verfügung.
713 2689 2720 2886 drei Tage lang, Ob er noch einmal kommen wird,kann
721 2850 1432 3016 ich nicht wissen.
713 2993 1457 3183 Dodenei Ich denke.
