3160 3640
326 1741 610 1939 Wie tit
371 1894 647 2008 jeht in
351 1993 585 2149 Sorgen
521 2527 721 2660 (Relt
2381 459 2534 571 168
1099 605 1798 753 Aentuntvunsstder
763 726 2690 857 unten zurecht kommen, hätten schon nach dem ersten
753 852 2302 993 Akt erscheinen sollen. Unser Publikum-
753 963 2569 1089 (Aneazer und Karl Bern die Stufen hinunter, der
746 1116 1620 1218 Applaus wird stärker).
748 1233 2606 1349 Fricke:(tritt aus der Logé Nr.IV auf den Logen-
753 1400 958 1526 gangl
2055 1386 2460 1536 hulin Aber
756 1455 2537 1655 Baron Gradl: (kommt von linke, Begrüssung) Auch
1993 1615 2290 1692 1 elanten
748 1610 2687 1788 ine Päfiet, Herr Präsident? Hette,,hie Sagung
2191 1709 2811 1894 me we er sege dh
748 1731 2070 1909 Pricke: (schüttelt den Kopf) Hein.
2240 1823 2500 1981 Asi.
743 1882 2312 2040 Gredl: Scheint ja ein Erfolg zu werden.
788 2013 1845 2183 ricke: Recht intereseant..
1964 2050 2109 2154 in
2082 2028 2645 2179 werd tentzel
746 2129 2734 2305 Gradl: Ich frage mich nur, warum heiest ex komddiel
753 2248 2640 2421 Sehr lustig iet ja dieGeschichte bicher nicht.
756 2388 1917 2542 Fricte: Das kann noch kommen.
763 2517 2727 2675 Gradl: Was sagen Die übrigens dazu, Herr Pracldent,
756 2635 2670 2779 dass Frau Eiderhof im Theater ist? xk Erete
746 2771 1524 2929 Reihe,Parkett, Ecke.
743 2895 2156 3090 Fricke: Weshalb sollte sie nicht -
746 3048 2690 3194 Gradl: Es heisst doch - vielmehr man weiss allge-
741 3176 2561 3339 mein, dase Herr idon in ihren Armen gestorben
