3048 3624
2298 454 2476 592 220
866 588 2664 735 sich wohl fühlen die Herrschaften bei mir, wie
868 709 2688 866 auhause. Und besonders wenn sie zum ersten Mal-
859 837 2755 1004 kommen,-so ein überheiztes Zimmer -(es klingeltl
859 994 2695 1132 Es ist doch, erst acht, das kann doch noch nicht
856 1068 2624 1268 der Herr Brak sein. (Ich mach selber auf, gehn
863 1230 2719 1434 Sie nur in die Küche.)lBeide ab. Man hört draus-
849 1368 2122 1527 sen öffnen) Kie, der Herr Pektorl
849 1472 2757 1653 Leni: (auch draussen) Küss die Hand, Herr Doktor.
849 1613 2517 1767 Baronin: (draussen) bitte, sparleren Sie nur
854 1760 1582 1889 weiter, Herr Vfor.
1170 1846 1430 1941 lacheli
842 1882 2248 2031 Richard: Ja, ich bin noch einmal da.
844 2005 2588 2167 Baronin: kommt das Fräulein vielleicht auch?
835 2150 2709 2307 Richard: Nein, nein. Sie haben doch meinen Brief
835 2262 1929 2422 mit der kündigung erhalten?
830 2400 2300 2560 Baronin: Es hat mir s leid getan. ..
823 2555 2003 2669 Richar d: Mit dem Restbetrag.
823 2664 2581 2840 Baronin: Es wäre nicht so eilig gewesen, Herr
814 2797 1116 2938 Doktor.
821 2914 2693 3083 Riohard: Sie haben wohl schon weiter vermietet?
809 3040 2712 3228 Beronin: Nein, das geht bei mir nieht so schnell-
816 3173 2688 3364 Menn Herr Doktor vielleicht in den nächeten Ta-
