3112 3544
2495 249 2657 409 208
870 397 2697 574 Esblein:(zu Dreguleinf, der ausserhalb der Füre
873 560 2813 749 steht) Die Friesel ist ohnmächtig wie es geheinti
1629 670 1891 752 ieze de
1462 673 1587 754 M.
873 693 2655 880 Vregulein: (ören S' auf.) (durch die Mitleltür
890 860 1435 966 auf die Bühnel
1933 910 2184 1013 nem
875 922 2389 1080 Inspizient: Was ist denn da gescliehen?
892 1062 2465 1200 (Einige Schauspieler etc. zu Franzi hinl
882 1213 2712 1378 Löblein: (Das geht ja nicht so. Der Autor soll
882 1319 2719 1496 allein herauskommen.) (zum Ixspizienten) Nieit
878 1449 2862 1615 den grossen Vorhang. Den Zwischenvorhang hierunter,
897 1632 1528 1782 grossen hinauf.
897 1686 2716 1908 Insplzient: lrasch wieder zu Karl Dein Eins-8ie
885 1831 2810 2053 müssen jetzt allein heraus. Dem Fräuleim Friesel.
887 2011 1661 2154 ist nicht (garz gut.
887 2120 1637 2295 Karl Bern. Alein?
875 2223 2088 2369 Ider Applaus ziemlich schwachl
910 2352 2766 2509 4oblein:(nach vorn rufend) Geschwind,ges-Zwind,
897 2504 2100 2687 sonst geht's überhaupt nimmer.
895 2581 2771 2813 Er gulein:(zum Ansagerl Den Doktor Braun rufen.
885 2788 1546 2953 aber geschwind!.
895 2874 2687 3079 angeger: Ee ist se schon wer um ihn gegangen.
915 2990 2820 3241 (antectenvorhang. Karl dern tritt von vom Liake
