3096 3640
1034 548 1222 676 Aber
646 608 2656 774 Helene: (Jeden Abend bis Mitternacht)- Er ist ihrem
781 746 1119 854 wi et sen
653 774 2569 939 Zauber verfallen-schlimmer seit: ihrem Tod als es
656 881 1748 1079 jemals früher gewesen. Dexx
1357 1042 1595 1117 lem
643 1047 2086 1219 Mathilde: (Der Zamber wird vergehen.)
1224 1147 2206 1267 Ee t auis dare ju srunde je
653 1187 901 1252 Helene
646 1197 2529 1350 aXXX: Nur wenn ein bes:erer, neuer ihn löst.
651 1332 2606 1507 Mathilde: (Gesteh esl, diese Idee, dass ich ihn hier
653 1452 2308 1647 wieder begegnen soll, stammt von Karl Bern.
643 1605 1172 1750 Helene: Ja, u.
638 1738 2526 1915 Mathilde: Und ich sage dir, es ist ein sehr abge-
638 1890 1425 2038 schnackter Einfall.
638 2008 2554 2173 Helene: Das findet Bern auch, obwohl oder weil er-
643 2146 2476 2308 den Einfall gehabt hat: Aber ich finde, es ist
636 2283 2509 2456 mehr als ein Einfall)es ist vielleicht die Ret-
643 2401 2158 2576 tung für Fuch Beide. en (ieh, dee ein
631 2551 2594 2724 Mathilde: Er ist in keiner Gefahr und ich gewiss
633 2704 906 2827 nicht.
631 2832 2636 3004 Helene: Muss immer gleich das Leben auf dem Spiel
631 2967 2624 3120 stehen? (Du hast vielleicht Recht iher Zauber könn-
636 3077 2589 3252 te sich auf eine andere Weise lösenser könnte aus
628 3230 2599 3408 diesen Tagen ermachen wie aus einem bösen Fraun.
