3032 3608
2407 345 2548 541 223
801 511 2571 725 werksan, dass noch ein Brief de liegt, Berontn
814 692 1759 863 erinnert sich. Leni abl
821 811 2638 995 Baronin: Ja Herr Doktor, bald, hätt' ich verges-
819 938 2454 1124 sen. Es ist ja noch ein Briet für Sie da.
821 1042 2327 1268 Richard: (Ein Brief für micht Von wem2)
824 1169 2717 1387 Baronin: Das Fräuletn ist (dagewesen an nichtten
831 1295 2747 1509 Teg. Noch bevor Ihre Kündigung gekomnen ist,Rerf
851 1414 2794 1638 Doktor. loErnet die Lede des Schreibtiacher, ninnt
841 1576 2757 1764 den Brief heraus) Und hat selber den Brief da ge-
844 1692 2613 1883 schrieben. Sie hat gesagt,lerr Doktor werden
973 1836 1238 1928 vust
854 1836 2610 2037 vielleicht kommenden Brief abholen. (Und wenn
854 2015 1151 2161 nicht-
854 2097 2489 2288 Richard: (Sie hat gemusst, sie hat geahnt
861 2211 2786 2399 Frau Baronin, wenn Sie vielleicht die büte hätten
868 2345 2662 2526 nich nur für ein paer Winuten - - ich möchte.
873 2481 2357 2670 den Brief gern für mich allein lesen.
878 2600 2518 2789 Baronin: Mais perfeltement Konsteur, (abl
883 2744 2682 2953 Richerd:loffnet rasoh den Brief,liest im fur
891 2821 2888 3059 rich zuerst, geht im Zinner hin und her, dann wledet
888 2995 2799 3216 naok vorn, dann liest er den brief laut für sichl
898 3139 2685 3332 relest da jetzt - (er halt wieder inne, später
2131 3350 2742 3461 ano  o4714
