3083 3656
2501 271 2748 444 1946
799 462 1130 615 getort1
778 541 2620 736 Fr.Wentzel: (zu Dregutetnt Hin noch zurecht ge-
794 686 2265 838 komnen mit dem Ertef,Herr regutein.
788 801 2622 967 regulein: Mir scheint, wir haben da (Beide) was
791 941 2036 1080 dumnes angestellt, Frau Wentzel.
809 1054 2740 1217 John: (kommt als Moritzky, fast ohne liaske, tritt zu
799 1232 2664 1408 Föblein) Na bin ich jetzt nach Ihrem buste, Herr
799 1364 1209 1508 Regisceur?
807 1440 2536 1629 Löblein: Eie sind ja überhaupt abgeschminkt.
794 1595 1682 1734 John: Vornehm, diskret!
799 1711 2585 1863 Lgblein: Wie ein Kanzleidiener sehen Sie aus.
809 1837 2788 2026 Inspizient: Bitt schön. Herr John. (Türe links wird
801 1973 2147 2123 geöfrnet, John tritt auf die Bühne,
2244 2021 2691 2147 totl. E gelt ze
796 2123 2157 2254 (Baron von Ixker Regisseur hin)
809 2212 2675 2433 Baron: (zu lang, zu leng, man stätte mehr streichen
809 2407 1125 2551 müssen.
812 2423 2499 2696 töbleinfbe ist sehr viellppannung im Haue.)
841 2635 2793 2783 Baron: Kein Tempo, kein stempo! Und von der Friesel
817 2733 2843 2911 versteht man kein Wortf In den rückwärtigen Reihen
2204 2843 2499 2932 Femen.
809 2864 2917 3040 versteht man keind Sifbe. Etu un Cut e da Ructiart
817 2995 2738 3200 Lobleln: Der ist ja feider in dem Haue - Zumsl
1172 3114 1640 3311 Holleben v.I
1085 3292 1569 3471 Tuchnartze
