2776 3496
2116 282 2279 456 232
568 402 2325 587 nen, die kolche Gnaden annehmen würden. Mein
217 440 450 649 ile
560 574 1745 729 leben gehört dieser Toten.-
193 622 461 729 auan
185 694 501 847 hat Ar
558 697 2239 882 Mathilde:: (Vielleicht. Aber ich nehme den
147 786 488 936 vestreif.
563 829 2432 1005 Kampf mit ihr auf Mein Dasein bieher war viel-
228 917 480 1048 art
555 992 2483 1123 leicht nicht immer Liebe zu dir, aber er war ein
174 1016 445 1148 e c
593 1072 963 1158 uacntea
544 1113 2309 1228 ewiges Wissen um dich. (Und in all dem Wissen
164 1169 475 1279 un inn ii
550 1274 2378 1384 bin ich bei dir geblieben, Ich weiss nicht, was
544 1384 2378 1523 du für die Welt bedeutest,ich weiss nur, wäs du
177 1405 450 1571 2n so lct
196 1507 2351 1689 Rei Mir bedeutest) Nur an einem Lebenden kann man
174 1630 507 1745 dSt en w
544 1668 2437 1826 gut machen, was man an einem Totén gekündigt hat.
182 1705 413 1823 b
1062 1745 1252 1837 noch
536 1780 2405 1941 Riehard: Wir haben es zu leicht, wir Lebendigen.
547 1912 2362 2083 Mathiade: Wie können es uns ja auch schwer ma-
534 2048 2397 2204 ohen. Ee liegt nur an uns: Jedenfälle ist nicht
531 2166 2319 2333 das Veringste damit getan(wenn du dich in das
526 2295 2185 2453 Nichtsein rettest.) ticter minl feindlef
526 2408 2317 2593 Richard: Ich fühle meine Schuld dir gegenüber
523 2555 1920 2708 starker als die gegenüber Franzi.)
523 2705 1772 2874 Hathilde: (Weder dort noch hier.)
507 2807 1834 2987 Jetzt erst begänne dein Unrecht.
507 2928 2287 3121 Ich glaube, ee gibt keine schwerere Sünde für
