3144 3672
2146 501 2318 640 188
714 611 2613 818 nig sie eine Vorgüngerin hatte. Ich bin ein Fla-
2292 695 2551 782 suns:
724 743 2553 961 net und stehe allein auf dem Himmelszelt, Was
724 885 2587 1081 aber diese kleine - wie heiset sie ioch - anbe-
743 1005 2561 1218 langt, sie wird es zweifellos weit bringen. Nur
738 1139 2635 1319 noch etwas sprechen lernen, etwis ruhigere Bewe-
753 1275 2573 1455 gungen, weniger mit den Augendeckeln klappern,
770 1393 2565 1580 etwes mehr Natürlichkeit,mehr«Stil und vor al-
765 1515 2680 1731 lem - sie soll sich nichts draus machen, wenn die
762 1659 2659 1856 Zeitungen sie morgen vernichten. Sie hat es red-
774 1817 2000 1980 lich verdient, da sei Gött vor.:
784 1906 2685 2119 Baron: lbemerkt jetzt eret Dregulein) Ich dachte,
796 2045 2585 2230 ie sind im Stück beechäftigt,Herr Dregulein?
796 2163 2659 2393 Dregülein: Er gibt keine ohne mich,Herr Baron.
808 2297 2704 2517 Baron: Kenren ie nicht Paragraph Sieben der Be-
813 2433 2637 2618 triebsordnung? Schauspieler, die in einem Stück
818 2532 2604 2774 beschäftigt sind, haben während der Auffährung
830 2721 2182 2884 im Zuschauerraum nichts zu suchen.
820 2800 2748 3028 Breguleini Herr Beron sind der Einzige, der mich
837 3002 1405 3138 erkannt haben.
842 3110 1717 3313 Beron:(in seine Zogel
