3176 3656
367 1144 648 1371 Htetii
385 1351 584 1464 sit. 11.
2345 393 2502 496 183.
671 522 1973 679 (Thesterarbeiter öffnet die Fürel
700 695 1906 844 Franzi: (tritt auf die Bühne l.
705 808 2306 932 (Vermehrte Geräusche etc., Türe wie der zus
690 950 2580 1087 Fregor: (friti zu Dregulein) (Was sagst du zu dem
684 1072 2032 1209 Made1?) (Ziteoft Iede
697 1196 1580 1351 Dregulein./(nickt nur))
1748 1253 2092 1374 Grahlee
692 1345 2564 1469 Gregor: Abdr ich kenn mich in ihr nicht aus. In-
684 1477 2477 1601 manchen Momenten möchte man beinahe glauben-
1712 1568 2063 1676 sat. son.
684 1560 1846 1764 Dregulein: (eiaht ihn auf Kag?
2394 1671 2549 1759 in
682 1720 2632 1862 Gregor: Aber dann spürt man wieder, dass sie einen
669 1849 2663 2001 gar nicht gemeint hat, sondern nur (dieses(lächerli-
1493 1958 1828 2030 ut urerlall
669 1978 1906 2097 che Individuum, das man spielt.-
674 2094 2502 2260 Inspizient: (zu Gregot) Sie kommen gleich dran.
664 2231 1485 2384 Aregekrkerxkregatetk
664 2327 2737 2539 tregulein:(zu Gregof) Seit wann nimmst du das so ge-
1147 2469 2353 2621 kenctt blanf ee Ken.- M. moch
661 2505 847 2611 naus
661 2575 2619 2774 Stubennadchen: (kommt mit dem leeren Tablett durch
648 2743 2482 2923 die rückwartige Türe und geht. nach rechts abl.
651 2882 2717 3016 Gregor: (geht auf die andere Seite zu der Türe linke,
1366 2967 1524 3058 bald
646 3006 2595 3140 durch die er den xind auf die Bühne hinaustritt)
