3096 3688
683 413 1482 665 Licstensach
1680 391 2738 700 sich nicht lebek
720 641 2187 811 renicht weil lese ki¬
745 774 1680 962 2 19. 1hwoch i
844 923 1202 1081 I
703 1116 2402 1351 Ich bi in rte giren in Horct sutopis
722 1291 2501 1440 jet dento ciet. ja mesr er misad i
660 1415 1373 1561 wie Relec.
819 1502 2491 1724 War di mittbeim bleit willet
851 1648 2585 1858 aut Reciei st wille es mit wit
824 1818 2409 1981 weg, - iriurtdioie cmi
777 1930 1897 2098 us. tat woll et coi e.
777 2080 2427 2276 Mi ia rnlost: Risan - ihle
801 2241 2469 2424 dd de Mert nicht zurickggel.- ihig
774 2360 2763 2602 der derst, in Recht glber zu wehen
839 2496 1566 2682 at d. 1. Frype.
928 2686 2511 2862 d. es har. Verlob. darut. tot
960 2872 2320 3040 Mort. Hit et Kemätll.
987 2971 2348 3221 Wen dt willet - lar unrt
