3064 3656
698 657 1022 822 9. BIId.
706 796 1279 986 Bei Karl Bern.
716 881 1730 1107 Er dihtiert eben Helenen:
727 1035 1998 1220 Dann erst Gespräch über Richard.
711 1168 2627 1374 Helene:Richard hasst dich jetzt. Wenn er damals
714 1317 2182 1466 nicht jenen Brief geschrieben hätte:
714 1456 1774 1605 Richard: Das war es nicht.
727 1546 1897 1725 vielleicht doch wegen Ludwig.
734 1695 1697 1885 Vielleicht wegen Gregor.
734 1823 2765 1998 Ich weist durch Dregulein, dass sie schon entschlos-
729 1967 2539 2139 sen war Gregors Geliebte zu werden. Sie waren
737 2110 1872 2226 nach dem Theater verabredet.
750 2216 2814 2393 Und vielleicht wollte sie nur an Ailen Raché nehmen.
747 2354 2452 2532 vielleicht war es eine plötzliche Ermüdung.
734 2473 2634 2670 Jedenfalls muss Richard aus seiner Melancholie
750 2627 1322 2799 wieder heraus.
732 2740 2778 2922 Wenn man ein Egoist ist, darf man nicht so wehleidig
757 2935 978 3076 sein.
757 2999 2265 3225 vorleufig wollen wir meiter schreiben.
