3083 3656
338 1340 502 1491 M..
2495 406 2655 526 198
864 549 1089 643 Baron
864 596 2521 775 Intendunt: (von links, tritt zu Löblein hinl
852 723 2359 878 Esblein: Ee geht sehr gur, Herr Baron.:
862 862 2667 1024 Baron: Von der Friesel versteht man kein Wort.
866 995 2660 1146 In den rückwärtigen Reihen versteht man über-
859 1122 1643 1258 haupt keine Silbe.!
866 1239 2594 1352 Lyblein: Das ist ja leider in dem Haus - -
1418 1340 1592 1430 Rercte
873 1345 2653 1528 Baron Idoktor Messer sapf, wir hatten das Stück
1021 1470 1632 1554 unter der Morli¬
866 1514 1913 1657 lieber verschieben sollen.
850 1617 2732 1803 Löblein: Wer liest denn die Reichspost.Herr Ba-
2019 1721 2200 1857 Sipl 1.
859 1763 1038 1901 ron?
866 1869 2671 2035 Baron: la, geben Sie Acht, was wir (morgen über-
1237 1986 1434 2061 her
859 2021 2103 2139 haupt zu lesen bekommen werden.
789 2143 2629 2324 (Kari Bern: (von rechte kommend, zum Baron) bie.
852 2279 1509 2430 Leute gehen mit.
854 2401 1474 2575 (Baron: Mit wem?
850 2509 2505 2704 Karl Bern: Jedenfalle mit der Daretellung
2509 2526 2653 2690 den
873 2660 2655 2833 Baron: Uätten Sie mir gefolgt,Herr Voktor, nur
862 2761 2725 2953 die Foreda hätte dae Stück retren könnenz Jetzt
843 2927 2225 3075 noch der unmotivierte Selbstmord-
854 3061 2531 3193 Karl Bern: Wieso? Wer brinrt sich denn um?
897 3282 1862 3458 Mucknertige sure nern
