3128 3576
435 2456 780 2679 De Trrt
508 2616 700 2784 sitt.
448 2736 710 2896 piel
423 2854 698 2994 miste
438 2994 778 3149 Kaspvatl
2591 395 2789 598 Jar
935 623 2726 813 Baron: (auf die Bühne lauschend) Kein Wort ver-
933 713 2056 923 stehf man von diesem Mädel.
923 860 2769 1051 Karl Bern: Die Sachen muss sie ja leise sagen.
935 1013 2841 1186 Baron: Da hätten Sie sie ja gar nicht zu schrei-
918 1138 2829 1328 ben brauchen.Een Schlues werde ich mir von oben
908 1271 1913 1391 ansehen, (ih nach rechts).
915 1416 2859 1558 Karl Bern: (zu Lyblein) Ich scheine ja einigermas-
908 1521 2179 1661 sen in Ungnade gefallen zu sein.
900 1666 2861 1833 Löblein: Machen Sie sich nichts daraus. Das wech-
898 1778 2814 1966 eelt heim Baron. Es kommt)drauf an, werm er jetzt
898 1903 2731 2094 begegnen wird swos morgen in der Zeitung -teht.
1341 2014 1498 2091 me
885 2041 2894 2211 Wie viel am Sonntag in der Kasse ist, das zusammen-
888 2169 2749 2316 durch drei dividiert, das ist dann sein künstle-
873 2309 2689 2451 risches Urteil. Aber dividieren kann er auch
873 2451 2106 2586 nicht.(geht weiter nach rechtel
863 2569 2834 2726 KuxxeEnx Dregulein: (triti zu Karl Bern)l No, ver-
855 2694 2564 2856 sohnen ie sich allmählig mit Ihrem Stück?)
848 2809 2816 2984 Karl Bern: Der Beron hat da früher in seiner Ein-
858 2944 2784 3119 falt etwas Vernünftiges gesagt; und mir ist jetzt
853 3069 2736 3264 ein ganz anderer Schluss. eingefallen. Die Fanni
