2760 3336
667 449 2359 564 tung.Alles ist möglich. Ich bin nämlich ein
651 602 1577 726 schwänkender Charakter.
703 684 2592 865 ichardi Ich bin entschlossen. Es ist nicht schön
660 834 2468 992 von mir. Ich tüe es nich aus Edelmut. Ich tue
660 964 2428 1107 es nicht für Franzi. Ich tue ee nur für mich.
656 1114 2498 1229 Karl Bern: Ee. braucht nicht Ihrer Versicherung.
637 1217 1518 1328 xax Tichard: Adieu.
651 1351 2477 1516 (Falls die Schachpartie noch weiter geht,sagt l
644 1485 2439 1619 &F Karl Bern: Uebernehmen Sie jetzt meine Par-
649 1614 2127 1753 tie. Den Brief werde ich aufgeben.
