3048 3608
2375 451 2571 569 221
929 571 1118 721 gen
1760 596 2005 735 Nein¬
931 701 2770 863 Richard: (O,keineswegs.(Ich benötige das Zimmer
929 846 1400 978 nicht mehr.
2120 831 2353 1003 Trebes.
927 939 2875 1135 Baronin: (etwas befremdet) Ja,-selbetverständligh-
2101 1061 2613 1145 h. B. 1. fatula
924 1103 2836 1255 ich hab nämlich in der Zeitung geleren, Herr Dok-
931 1240 2358 1392 tor- Herr Doktor haben sich-verlobt.
929 1356 1534 1520 Richerd: (nickt)
931 1466 2836 1640 Baronin: Benötigen das Zimmer vielleielt für ei-
927 1628 2836 1775 nen Freund? Es wird sich jedesfalls ein Aprange-
927 1735 2726 1907 ment treffen lassen. Nur in den allernächsten
927 1878 2753 2027 Tagen, Peut Früh ist numlici mein Schwager aus
927 1998 2731 2160 Graz mit seiner Frau angekommen. Der hat mich
931 2140 2481 2289 gebeten, ob er nicht ein bis zwei Tage-
929 2258 2767 2429 Hichard: Aber ich bitte, Sie haben ja das Verfü-
924 2397 2750 2566 gungsrecht. (er schweigt wieder und-zieht sich
929 2515 1461 2682 in Zinner und
917 2635 2888 2831 Bgronin:linner befrendeter! Der Herr Doktor heben
927 2772 2790 2951 vielletcht beim letzten Mal etwae da vergessen?
902 2897 1642 3074 Richerd:(schneigt)
914 3040 2753 3214 Baronin: 1offnet die Türe fast etwas beängetigt.
914 3184 1701 3336 und ruft nach Lenil
