3160 3656
394 471 800 643 20.4. 1929
2383 477 2549 625 180
797 596 2706 797 (zu dem Planing rechts vor tritt jetzt der Kla-
785 774 2685 913 vierspieler, der (Inepizient sagt ihm leise etwas,
788 889 2667 1052 der Klavierspieler setzt sich nieder, Inspizient
779 1014 2590 1144 wieder nach links). Anfprum i. si mitte toe euſ
1663 1091 2321 1191 niet veclurpret
785 1138 2730 1310 (Franzi kommt von rechte als Kanni, bleibt bei der
779 1254 2703 1452 Türe im Trospekt, der auf die Bühne führt, stehen,
785 1405 2783 1538 der Theaterarbeiter, axxexxxxf bietet ihr seinen
774 1544 2697 1707 Sessel. an, sie lehnt ab, lauscht auf die Bühne, er-
777 1672 1654 1802 regt, aber beherrechtl.
788 1766 2653 1944 Dregulein: (auf den Zehenspitzen zu ihr hinl (a-
768 1909 2694 2069 belhafte Stimmungst Von Ihnen sind alte entzückt,
777 2021 2694 2184 jetzt. wis-en Sie, was das heiest - über lacht be-
777 2146 1313 2303 rühmt werden.
771 2300 1500 2463 Franz1:(schweigtl.
782 2433 2528 2587 tregulein: Was ist denn? Wge haben Sie denn?
1440 2522 2552 2605 Eutietoct die – Stet in gert es mat mhl
415 2481 699 2638 shtenen:
768 2558 2641 2730 (ibte was Neues ein, nein, isch will jetzt nichts
403 2605 732 2715 Alleravi. 12.
388 2679 2771 2851 nulgpuih Fragen. xxx Noch Schluse der Vorstel-
415 2768 696 2881 tims fot
735 2810 1823 2996 Jung, wenn die Lust haben.)
409 2845 696 2958 shlus ihr
771 3026 2086 3239 Pranzl: (tonlos) (te ist alles qus.
765 3195 2694 3391 Dregulein: Na ja, bottseldank, das wiesen wir doch
