2875 3736
2235 716 2391 829 222
1522 761 2318 939 dec Veestat. de Mas
557 814 2418 1040 stehent (Freilich könnte sich noch allee anders
557 969 2479 1163 losen. Es wäre  natürlich denkbar, dass er
568 1123 2481 1296 allmählig von selber aus seinem Wahn oder seiner
557 1231 2268 1411 Harrheit oder seiner Verzauberung erwacht.
547 1364 2519 1562 Kathilde: oder (es konnte ihn seine Andere ernecken
535 1492 2017 1683 als ich. Hatu unleiht de jelt¬
537 1635 2466 1843 Helene: Allee iet denkbar.- Es könnte ja auch ge-
532 1763 2383 1964 sohehen -(lächeind) dase du (endlich vernünftig
2243 1911 2559 2027 n ander
527 1893 2526 2092 wiret, Mathilde und /mxAnxxha dich in ei-
515 2014 2534 2225 nen andern verllebet, seinen Andern zum Mann ninnst
512 2152 2348 2371 und Riohard vergiest -(co oder so.) Allmählig-
1401 2295 1793 2386 kannt we
505 2295 2514 2491 oder auch sehr bald - aber ee scheint mir einiger-
819 2403 1416 2506 leiceehe, sennente
1474 2441 2039 2526 culfante wecit
485 2426 2494 2632 massen(bedenklich) solche Möflichkeiten abzuwarten.
588 2526 1434 2627 due antamrblet sin
485 2564 2423 2767 Ee gibt Henschen, die sich imper Tiefer in Irgend
485 2664 2398 2916 einen Nahneinn verrennen und ich habe keine (be-
467 2800 2398 3019 sondere) iust dergleichen abzunerten, Ich hab ein-
467 2933 2443 3169 fach Apget um ihn, Mathilde. Du hast ihn sa nicht
457 3071 2416 3307 gerehen in diesen drei Wochen. Ich aber, ich sehe
1100 3192 1301 3285 spüre
455 3179 2451 3461 inn, 1oh höre ihn, wun war in ihn vorgeht/ ken kahf
