3064 3656
2093 412 2304 566 227
708 581 1544 730 Helene: ltritt hervor)
703 708 1812 884 Kathilde: (bewegtpich nichtl
715 782 2659 981 Kichard: Was soll das bedeuten? Helene? Mathilde!
712 943 2480 1112 Relene: Da men dich nur hier sprechen kann-
727 1055 2597 1249 Rlcherd: Laaht (Zuhause wäre es einfe-
727 1274 1306 1395 cher gewesen.
730 1336 2060 1519 Helene: Ich glaube nicht, Richard.
747 1418 2654 1633 Richerd. Ihr meriet mich wohl entschuldigen, wenn
750 1643 1477 1763 ich mich entferne.
762 1728 1882 1907 Helene: Iu es nicht, Uichard.
757 1847 2604 2033 Richard; Was habt Ihr hier zu suchen, Ihr seide
772 1974 2659 2150 Mathiide: (will an ihnen vorbei, um das Zimmer zu
777 2167 1219 2281 verlassend.
767 2195 2766 2418 Delene: Ich habe sie heraufgelockt, nur mir darfst
772 2368 2622 2550 du die Schuld gehen. (eie ist bei Mathilde und
1715 2512 2227 2649 Wein m. Ich.
789 2522 1388 2676 hait ihre Hand)
797 2634 1840 2828 Kathilde:/Lese mich sehen.
794 2713 2793 2954 Richard: Es ist nicht gut, Helene, was du da gemacht
792 2934 1063 3083 hast.
809 2989 2696 3252 Relens. Du hast hente zun letzten Mal hier sein
