2843 3704
2208 410 2376 571 228
476 610 766 789 dlesae
479 731 2371 966 Beronin: (zueret unschlüssig, verlasst das Zinmer!
471 921 1334 1095 Holene: stritt hervorl
463 1034 2060 1221 Mathilder(bleibt noreret noch rückwärts.)
487 1139 2573 1345 Richard: Wae soll das bedeutent Helene -? Mathilde-.
484 1342 1287 1460 Helene: Verzeih uns.
489 1360 2500 1608 Kiohard: Man verfolgt, mich hieher- wes fällt Fuch.
489 1587 676 1708 ein?
495 1642 2605 1858 Helene: Da wolltest heute zum letzten Male hier sein?
495 1834 1734 1989 Fiohard: Was wollt Ihr von mir?
489 1955 1813 2118 Helens: Ich mueste dich sprechen.
505 2060 2623 2255 Richard: Und hier? Zuhauee wer gar keine Gelegenheit?
489 2197 2415 2392 Helene: (tu weiest sehr gut)du gabet mir keine so
1129 2310 1263 2400 de.
497 2334 1910 2489 mit dir zu sprechen, wiehich wolite.
495 2450 2489 2631 Richard: Es ist nicht gut, was Ihr da gemacht habt.
510 2579 2531 2765 Helene: Jedenfalls bin ich allein dafür verantwort-
510 2776 726 2905 lich.
508 2821 2476 3071 Mathilde: (Dae iet nicht richtig/ keingeneg. Mein
1666 2960 1866 3031 devi
513 2965 2547 3158 Wunech war ee, mein Wille -(plätzlich) laes mich mit
