3096 3496
2528 407 2685 538 212
1842 467 2311 624 Var Si ker Arr
965 600 2685 741 Tregulein: (zu Richard)Dieser Brief ist wohl
963 722 1384 843 von Ihnenz
963 817 2726 1003 Richard: (Sie hat ihn nicht gelesen?): Iihl.
1904 946 2073 1024 Vocze
951 960 2840 1127 Dregulein: Es war leider nicht mehr möglich ihr.
948 1091 2809 1298 den Brief zu übergeben. Sie war auf der Bühne.)
946 1222 2771 1375 Roveda: (zu Karl Bern) Man sagt ja von mir, dass
936 1348 2740 1511 ich über Leichen gehe. Die Leute sollen Recht
946 1468 2816 1642 gehabt haben. Ich werde die Rolle nach der all-
936 1603 2425 1756 zu früh Dahingeschiedenen übernehmen.
939 1708 2699 1901 Tregule in: (zu Richard) Und, wenn sie ihn noch
915 1885 2835 2032 gelesen hätte (Sie glauben, es hätte noch gehol-
927 1999 1117 2118 fen?
1446 2049 1663 2170 wich
912 2116 2718 2301 Richard: Ich (- ich glaube wohl. (nach einigem
920 2261 2697 2449 zogern offnet er das Couvert, relcht den Brief
927 2380 1487 2533 tregulein hinl
936 2516 2664 2685 regulein: (iiegt halb für sich) Verzeih mir,
905 2637 2776 2788 Franzi (ich war nicht bei Sinnen.) Ich liebe,lie-
1472 2730 1684 2811 allen
901 2761 2645 2969 be,liebe dich - nur diöh. (Auf morgen, -(gibt
886 2919 1975 3095 Rischard den Brief zurück).
877 3090 2742 3314 Ldänigilkonnt von links, abgert einen Augenblick
