3160 3688
2420 493 2594 646 160
880 617 2601 768 dessen weitergegangen) ich Kinder, es ist so
866 737 2646 923 schon uch beisammen zu sehen. Ich bin ja so
871 880 1099 979 Froh.
873 1005 2594 1141 Tregulein: (kommt über die Stiege herauf, be-
862 1136 2460 1293 grüest Richard) Guten Abeni, Herr Doktor.
857 1268 2742 1455 Tichard: Spielen Sie denn nicht mit,Herr Dregu-
852 1383 1075 1498 lein?
880 1509 2333 1683 Fregulein: Ich hab schön mitgespielt.
850 1632 2563 1810 Eichard: («tellt vor) Herr Dregulein - meine
831 1761 1930 1916 Schwester- Fräulein Veith.
897 1899 2561 2066 regulein: Meine Rolle iet nümlich schon zu
817 2028 2533 2186 Ende. (zu denDamen) Ich bin nämlich der Be-
796 2164 2592 2326 diente, der dem Herrn Dogelmann die Türe auf-
812 2275 2660 2455 macht. Grossartig,nicht? Man merkt gleich, dase
803 2399 2174 2561 Ich in lauter feinen Häusern war.
805 2533 2653 2721 lelene: Ee ist doch ein wirklicher Erfolg,Herr
798 2678 1695 2801 Fregulein, nicht wahr?)
803 2786 2686 3005 Aregulein: auf den dritten Ert bin ich ein biel
793 2916 2629 3113 Elau, -er ist nämlich der beste. Entschuldigen.
793 3040 2632 3230 ich mus- jetzt nur der Frau Rgreda einen Kodo-
786 3197 2625 3409 lenzbesuch machen. (kurze Verabschledung)Küse
