3096 3640
277 534 549 757 2/10 11
1356 498 2314 738 B. der Barmin
694 615 1155 755 Zym 9. Bild.
704 686 2635 858 Karl Bern hat in Erfährung gebracht, dass Richard
713 811 2473 1005 seit dem Tode von Franzi allabendlich hieher
721 934 2326 1132 komnt und einige Stünden hier verbringt.
726 1125 1645 1270 Besorgnisse um Richard.
718 1157 2005 1412 Helene bei der Baronin Dumandis.
726 1321 2635 1532 Helene: Ich bin die Schwester des jungen Mannes,
735 1456 2172 1657 der allabendlich hieher kommt u.s. w.
740 1574 2615 1782 Die Baronin hat, durch eine illustrierte Zeitung
1003 1713 1628 1819 ie de Neicne in
748 1709 2630 1956 erfahren, ner mit wem ichard immer hier gewesen
750 1939 934 2017 ist.
757 1954 2522 2174 Ee ist Helenens Absicht Richard mit Mathilde
765 2096 2564 2299 wieder zusammenzuführen,den Sinn für Realität
772 2289 1814 2432 wieder in ihm zu erwecken.
765 2326 2495 2566 Es könnte auch der Einfall Karl Berns sein.
762 2488 2625 2696 Sie nimmt Mathilde hieher in die Wohnung mitt-
775 2645 2035 2831 Mathilde: Wohin führst du mich?
787 2753 2660 2983 Exkxräx So tritt also Mathilde ihm hier entge-
792 2971 968 3089 gen.
794 2983 2606 3238 Ee müsste die Apgst um Hichard aus bestimmten
797 3125 2767 3395 Gründen sgrsterk anmachsen, dass das Ungewöhnliche
