3096 3656
2234 455 2361 590 10
394 422 2201 640 Er gebt bensch. de dl Recht habe. If sehor ud
694 653 2277 859 Richard: Ich hatte nicht das Recht dazu.
701 798 2473 943 Mathilde: Und glaubst du etwa, dass Karl Bern
287 785 602 961 Mats. Jcht
285 930 579 1057 er bzeib
706 928 1957 1095 ein solches Recht gehabt hätte?
249 994 597 1133 olin Anmelt
701 1047 2747 1253 Richard: Meine Schuld gegenüber dir. Millst du. ganz
724 1291 1184 1382 vergessen-
712 1332 2597 1520 Mäthilde: Nun, lass mich allein fortgehen. Bleib-
724 1479 2590 1670 noch - zum letzten Mal mit deiner Toten allein.
734 1624 2280 1817 Jetzt hab ich keine Apgst mehr um dich.
742 1794 1977 1939 Ich erwarte dich. Wo du willst.
742 1980 2780 2206 Mathilde geht allein fort, er bleibt noch eine Weile
745 2246 884 2340 da.
