3144 3640
2429 459 2618 595 155.
762 643 2467 779 Wahrend er die Türe öffnete hat man von der
762 802 2727 961 Bühne her ein paar Norte der Sohanspieler gehörtl.
1120 938 2517 1095 (er. 2. Akt schlaf, wie Kelo 8)4)
732 1047 2692 1191 (Der Ansager kommt die Stufen herauf, klopft an die
747 1213 2760 1352 Logentüre Nr.4. Da sich nichts regt klopft er noch
759 1327 2106 1430 einmal und öffnet selbst die Türe)
767 1461 2697 1564 (Der Präsident Fricke und seine Tochter Helene an
744 1582 2575 1725 der Brüstung, hinte, ihnen auf der kleinen Bank
742 1715 2157 1814 Karl Bern,wendet sich zum Ansager).
744 1831 2419 1980 Ansager: Ee ist Abehste Zeit.Herr Doktor.
1203 1927 1839 2023 ih iedenga hit ssurd
747 1968 2707 2162 Karl Eern: Ier ich will ja erst nach dem dritten
744 2058 1256 2258 AitfKommen.
734 2225 2644 2401 Helene:(wendet sich nach Karl Bern um und nicht
754 2361 1572 2497 iha zu.1 (sit mint
729 2475 2573 2679 Karl Bern: stritt zum Apeazer auf den Logengang
729 2631 1037 2765 hineus)
737 2732 2742 2913 Angeger: (Entschuldigen, Herr Voktor, können sich den
696 2853 1720 3035 genzen Erfoff verderben.
734 2994 2762 3186 (In diesem Augenblick ist der Akt zu Ende. Applaue)
724 3148 2613 3325 weeger: Rochete Leit, Herr Doktor, dase wir noch
