3112 3720
491 499 2750 737 K. Ihr Schwester - mit de aich im etwegen s
499 709 2708 964 likte - iit wine gewöhnlich in Sorge im
1550 855 2493 1122 Iich su vrnecht wer
530 931 1542 1164 Sie. Erzellricht!
606 1088 2742 1374 gleich cntin, str - elle cacit, iie im
606 1242 2717 1514 veiserertiigb - ih Hellebirt1
695 1427 2731 1691 Eutgutinkein gehmnm. Wei von
589 1545 2731 1873 i Somitustir de Trdle zu bernn
617 1755 2560 2013 Vo allee Abegbeit - de ietlimst.
743 1951 2523 2187 Enturlit-collivet Leben.
622 2078 2602 2327 uns eine preite ingehiterta die
900 2293 2678 2535 Merertele ion Ot, won aoch nich wr¬
608 2310 878 2495 Auf.
673 2476 2748 2748 seht. Ner sie ich ihr kätee. Eim
687 2666 2599 2924 dr von Seid indeih ensethee.
1525 2795 2464 3090 e dich dati.
743 2863 1458 3104 Wueun Si
1884 3048 2198 3289 heitte.
729 3087 1825 3331 Sa Curiche kollil po
