3160 3704
2587 446 2729 603 ne8
659 598 2416 764 Karl Bern: Warum? Er sch sehr origingli aus.
653 769 2096 929 Löblein: Origine11? Man hätte gebrüst
659 871 2768 1044 Karl Bern: Eigentlich wür's gar nfcht so übel gewesen
630 1000 2220 1181 wenn man dem Publikuglvor dem (oesinahest
656 1131 2702 1328 Schluse ein wenig-Gelegenheit zur Heiterkeit gegeben
635 1288 924 1409 hätte.
666 1370 2639 1548 Löblein: Ihr Stück wäre im Gelichter des Fublikums
664 1498 2695 1687 untergegangen, abgesehen darfon, dass der Schlus- doch
645 1653 2138 1821 nicht traglechi genannt werden kann.-
664 1766 2700 1931 Karl Dern: Sie halten offenbar nur den Tod für einer
1611 1884 2374 1984 hil deci vrurtheit
666 1928 2214 2073 trägische Angelegenheit serr Regisseur.
659 2033 2632 2191 Dregulein: (von rechts titt wieder zu ihm) Es gehl
651 2138 1705 2335 gur.terr Berases geht satl
669 2272 2611 2469 Ansager: (zu Karl Bernst (Ich habe Sie gerade in der
656 2411 2569 2613 loge gesucht. Her Doktor:/(wur dase Sie schon de
656 2548 2718 2742 etgedart oor wortfe me vere me ein laer zu sret
653 2668 2571 2870 gewegen. itt sondy. Herr Heglereur, sagen Sie dem
656 2807 2726 2973 Herrn Doktor,er sosl am Schlüss gleich herauskommen.
1524 2915 1879 2999 les un
651 2941 2571 3133 Karl Hern: (zu ichstunter keiner bedingung. Queret
2298 3051 2469 3133 ober
659 3057 2645 3243 mindestens dreimal) die Schauspieler alleih. Es ist
643 3201 2650 3400 mir überhaupt zunider genug. beschnacklos, unwürdig
651 3353 1029 3534 geraderi!
