3160 3672
450 1120 845 1269 keinbirket
445 1245 838 1360 micht aberleht
400 1326 785 1446 Iurnsul
450 1422 618 1551 Ard.
2449 419 2607 574 264
902 627 2595 766 det sehr richtig, -ee fehlt an Entwicklung.
912 766 2767 912 Lyblein: Wem? Dem Stück? Und Oder dem Schaffen
912 881 2284 1034 des Autorst Oder unserm Repertoirt
1846 979 2109 1068 nicht.
914 1017 2387 1163 Baron: Darüber hat er sichgeäussert.
1300 1094 1563 1187 de Bar
912 1149 2671 1290 Löblein: Sie haben auch mit Dr. Reich gespro-
910 1278 1113 1381 chen?
907 1384 2645 1544 Baron: Wir sollten lieber Klassiker spielen,
1355 1487 1510 1566 toll
902 1518 2734 1671 findet der. Aber das st belanglos, die "Abend-
898 1645 2355 1817 post" liest kein Mensch. (Zeichen.)
886 1786 2609 1920 Lyblein: Ich murs auf die Bühne,Herr Baron.
1099 1870 1515 1951 Aer lib tobli
890 1908 2693 2044 Baron: Mehr Tempol (sieht auf die Uhr.) Es ist
1769 2042 2030 2095 und war vnt
876 2001 2683 2197 halb zehn. Uneefe Lettung ist nur, wenn es ge-
869 2181 1604 2305 schwind aus wird..
879 2262 1647 2411 Lsblein:lresch abl.
895 2415 2798 2595 Coredai Herr Baron, erlauben ie mir Iren zu dem
864 2549 2566 2736 scneationellen Erfolg (Ihres neuen Stare zu
869 2707 1369 2858 eratulieren.
867 2808 2657 2980 Baron: Es freut mich, dass Sie mit Ihrer Nach-
857 2959 1829 3086 folgerin zufrieden sind.
850 3047 2772 3265 Roreda: Die Roreda hat keine Nachfolgerin, so ne-
