<?xml version="1.0" encoding="UTF-8" standalone="yes"?>
<PcGts xmlns="http://schema.primaresearch.org/PAGE/gts/pagecontent/2013-07-15" xmlns:xsi="http://www.w3.org/2001/XMLSchema-instance" xsi:schemaLocation="http://schema.primaresearch.org/PAGE/gts/pagecontent/2013-07-15 http://schema.primaresearch.org/PAGE/gts/pagecontent/2013-07-15/pagecontent.xsd">
    <Metadata>
        <Creator>prov=READ-COOP:name=PyLaia@TranskribusPlatform:version=2.7.0:model_id=50870:lm=none:date=22_01_2024_16:24</Creator>
        <Created>2023-09-27T14:32:38.237+02:00</Created>
        <LastChange>2024-01-22T16:24:27.618+01:00</LastChange>
        <TranskribusMetadata docId="1589028" pageId="60122626" pageNr="190" tsid="145623664" status="IN_PROGRESS" userId="40391" imgUrl="https://files.transkribus.eu/Get?id=MRNDBDZYWTTLPGGPQFNZYKRA&amp;fileType=view" xmlUrl="https://files.transkribus.eu/Get?id=KYJHQJOCKQUZSFZQWNOEQXKT" imageId="48547704"/>
    </Metadata>
    <Page imageFilename="1589028_0190.jpg" imageWidth="3112" imageHeight="3560">
        <ReadingOrder>
            <OrderedGroup id="ro_1711795758051" caption="Regions reading order">
                <RegionRefIndexed index="0" regionRef="tr_1"/>
                <RegionRefIndexed index="1" regionRef="tr_2"/>
            </OrderedGroup>
        </ReadingOrder>
        <TextRegion orientation="0.0" id="tr_1" custom="readingOrder {index:0;}">
            <Coords points="379,1547 379,1707 674,1707 674,1547"/>
            <TextLine id="tr_1_tl_1" custom="readingOrder {index:0;}">
                <Coords points="422,1642 466,1645 507,1616 548,1614 625,1578 667,1588 679,1446 618,1452 587,1470 569,1462 551,1477 440,1452"/>
                <Baseline points="442,1606 467,1600 493,1600 519,1597 545,1593 570,1590 596,1587 622,1586 648,1585 674,1585"/>
                <TextEquiv>
                    <Unicode>Sitet</Unicode>
                </TextEquiv>
            </TextLine>
            <TextLine id="tr_1_tl_2" custom="readingOrder {index:1;}">
                <Coords points="365,1696 422,1696 453,1706 474,1730 507,1730 589,1681 641,1681 643,1621 618,1614 595,1632 569,1616 551,1627 507,1614 463,1645 427,1645 417,1634 371,1639"/>
                <Baseline points="379,1687 405,1685 432,1683 459,1682 486,1680 513,1678 540,1676 567,1674 594,1673 621,1671 648,1669"/>
                <TextEquiv>
                    <Unicode>ragunt</Unicode>
                </TextEquiv>
            </TextLine>
            <TextEquiv>
                <Unicode></Unicode>
            </TextEquiv>
        </TextRegion>
        <TextRegion orientation="0.0" id="tr_2" custom="readingOrder {index:1;}">
            <Coords points="773,456 773,3375 2855,3375 2855,456"/>
            <TextLine id="tr_2_tl_1" custom="readingOrder {index:0;}">
                <Coords points="2394,564 2473,566 2540,597 2587,584 2612,605 2690,628 2702,448 2656,432 2615,453 2597,443 2538,463 2471,438 2401,443"/>
                <Baseline points="2410,519 2436,516 2463,516 2490,515 2517,514 2544,512 2570,510 2597,507 2624,503 2651,502 2678,501 2705,501"/>
                <TextEquiv>
                    <Unicode>203 20</Unicode>
                </TextEquiv>
            </TextLine>
            <TextLine id="tr_2_tl_2" custom="readingOrder {index:1;}">
                <Coords points="800,651 891,695 1215,646 2347,674 2347,548 2306,543 2046,592 1866,540 1740,587 1591,548 1488,587 1107,546 800,577"/>
                <Baseline points="815,651 891,646 968,647 1045,648 1122,645 1199,647 1276,645 1353,648 1430,648 1507,648 1584,645 1660,648 1737,645 1814,645 1891,645 1968,645 2045,648 2122,647 2199,645 2276,646 2353,654"/>
                <TextEquiv>
                    <Unicode>wollen Sie halt beim Nachtmahl sitzen.</Unicode>
                </TextEquiv>
            </TextLine>
            <TextLine id="tr_2_tl_3" custom="readingOrder {index:2;}">
                <Coords points="798,813 2538,811 2538,731 2409,690 2322,731 1938,679 1843,736 1598,677 1444,726 1328,679 798,723"/>
                <Baseline points="812,773 898,773 985,776 1071,774 1158,773 1245,776 1331,778 1418,777 1504,776 1591,773 1678,770 1764,773 1851,773 1937,773 2024,773 2111,776 2197,773 2284,776 2370,772 2457,772 2544,776"/>
                <TextEquiv>
                    <Unicode>John: MMoritzky, einen Bogen Papier, den unter-</Unicode>
                </TextEquiv>
            </TextLine>
            <TextLine id="tr_2_tl_4" custom="readingOrder {index:3;}">
                <Coords points="800,942 2769,955 2769,818 2733,811 2108,860 2020,806 1907,854 1413,847 1212,772 800,849"/>
                <Baseline points="815,907 913,901 1011,901 1109,900 1207,901 1305,898 1403,900 1501,901 1599,899 1697,898 1796,898 1894,900 1992,901 2090,899 2188,901 2286,898 2384,900 2482,900 2580,900 2678,901 2777,904"/>
                <TextEquiv>
                    <Unicode>schrieben kontrakt in der Hand, verldest wieder die</Unicode>
                </TextEquiv>
            </TextLine>
            <TextLine id="tr_2_tl_5" custom="readingOrder {index:4;}">
                <Coords points="800,1066 1256,1066 1395,1117 1611,1063 2257,1094 2370,1063 2476,1107 2690,1063 2687,957 2463,983 2360,942 2252,986 2098,937 1869,983 1454,947 1266,981 1205,947 1037,986 800,942"/>
                <Baseline points="815,1027 909,1027 1003,1027 1097,1027 1191,1028 1285,1029 1379,1029 1473,1028 1567,1029 1661,1027 1755,1027 1849,1027 1943,1027 2037,1031 2131,1027 2225,1027 2319,1025 2413,1024 2507,1027 2601,1027 2696,1033"/>
                <TextEquiv>
                    <Unicode>Bühne durch die Füre linke und tritt zu (cregorl.</Unicode>
                </TextEquiv>
            </TextLine>
            <TextLine id="tr_2_tl_6" custom="readingOrder {index:5;}">
                <Coords points="811,1174 1699,1153 1840,1225 1894,1192 2309,1230 2777,1197 2777,1063 2486,1107 1691,1068 1639,1112 1395,1117 1256,1066 1138,1112 811,1063"/>
                <Baseline points="824,1158 927,1155 1030,1158 1133,1157 1236,1156 1339,1157 1442,1158 1545,1153 1648,1153 1751,1155 1855,1155 1958,1155 2061,1155 2164,1155 2267,1159 2370,1156 2473,1155 2576,1155 2679,1155 2783,1155"/>
                <TextEquiv>
                    <Unicode>(Auf eine Weisung des Inepizienten begibt sich ein</Unicode>
                </TextEquiv>
            </TextLine>
            <TextLine id="tr_2_tl_7" custom="readingOrder {index:6;}">
                <Coords points="1562,1199 1585,1199 1606,1210 1627,1210 1639,1199 1668,1217 1701,1199 1732,1199 1732,1161 1714,1166 1676,1153 1647,1166 1562,1161"/>
                <Baseline points="1576,1185 1603,1183 1630,1183 1657,1184 1684,1185 1711,1185 1738,1185"/>
                <TextEquiv>
                    <Unicode></Unicode>
                </TextEquiv>
            </TextLine>
            <TextLine id="tr_2_tl_8" custom="readingOrder {index:7;}">
                <Coords points="800,1302 2607,1289 2576,1207 800,1217"/>
                <Baseline points="815,1287 904,1284 994,1284 1084,1284 1174,1278 1264,1284 1354,1284 1444,1284 1534,1284 1624,1284 1714,1284 1803,1284 1893,1287 1983,1287 2073,1284 2163,1281 2253,1281 2343,1281 2433,1278 2523,1278 2613,1278"/>
                <TextEquiv>
                    <Unicode>Teil der Schauspieler:MUtter,Schwester Franzis</Unicode>
                </TextEquiv>
            </TextLine>
            <TextLine id="tr_2_tl_9" custom="readingOrder {index:8;}">
                <Coords points="2301,1331 2345,1351 2355,1343 2417,1356 2448,1380 2486,1364 2530,1369 2561,1341 2576,1351 2607,1341 2607,1292 2301,1284"/>
                <Baseline points="2314,1311 2340,1311 2367,1311 2394,1311 2421,1311 2448,1311 2475,1311 2502,1311 2529,1311 2556,1311 2583,1311 2610,1311"/>
                <TextEquiv>
                    <Unicode></Unicode>
                </TextEquiv>
            </TextLine>
            <TextLine id="tr_2_tl_10" custom="readingOrder {index:9;}">
                <Coords points="800,1470 896,1449 965,1470 1058,1449 1295,1459 1351,1428 1398,1436 1395,1343 1372,1356 1333,1331 1264,1356 1199,1323 1109,1369 1001,1341 932,1359 798,1336"/>
                <Baseline points="815,1415 844,1413 873,1412 903,1412 932,1412 962,1412 991,1412 1020,1412 1050,1412 1079,1412 1109,1412 1138,1412 1167,1412 1197,1412 1226,1412 1256,1412 1285,1412 1314,1412 1344,1414 1373,1416 1403,1418"/>
                <TextEquiv>
                    <Unicode>auf die Bühnel.</Unicode>
                </TextEquiv>
            </TextLine>
            <TextLine id="tr_2_tl_11" custom="readingOrder {index:10;}">
                <Coords points="800,1552 1351,1598 1619,1593 1763,1542 1977,1544 2033,1588 2242,1544 2636,1573 2702,1521 2793,1529 2793,1459 2749,1441 2244,1500 1673,1452 1300,1498 1096,1449 906,1495 800,1470"/>
                <Baseline points="815,1544 914,1544 1013,1541 1112,1543 1211,1541 1310,1543 1409,1541 1509,1541 1608,1541 1707,1539 1806,1541 1905,1538 2004,1538 2103,1538 2203,1540 2302,1538 2401,1538 2500,1538 2599,1536 2698,1521 2798,1514"/>
                <TextEquiv>
                    <Unicode>Gregor: (zu Dregule in) Entweder heute oder nie. Sms</Unicode>
                </TextEquiv>
            </TextLine>
            <TextLine id="tr_2_tl_12" custom="readingOrder {index:11;}">
                <Coords points="1688,1611 1763,1596 1804,1619 1827,1603 1848,1609 1863,1593 1941,1601 2008,1585 2010,1557 1943,1544 1910,1562 1887,1544 1833,1565 1781,1544 1737,1547 1714,1562 1691,1557"/>
                <Baseline points="1702,1585 1727,1585 1753,1586 1779,1589 1805,1591 1831,1591 1857,1591 1882,1591 1908,1587 1934,1585 1960,1585 1986,1585 2012,1585"/>
                <TextEquiv>
                    <Unicode>beb ich en</Unicode>
                </TextEquiv>
            </TextLine>
            <TextLine id="tr_2_tl_13" custom="readingOrder {index:12;}">
                <Coords points="2085,1593 2252,1616 2329,1588 2558,1614 2558,1557 2499,1544 2445,1544 2406,1570 2376,1544 2322,1560 2291,1547 2262,1567 2229,1552 2085,1567"/>
                <Baseline points="2099,1588 2124,1590 2150,1591 2176,1591 2201,1591 2227,1591 2253,1591 2279,1591 2304,1589 2330,1588 2356,1588 2381,1588 2407,1588 2433,1588 2459,1588 2484,1590 2510,1592 2536,1596 2562,1597"/>
                <TextEquiv>
                    <Unicode>nach vushe et</Unicode>
                </TextEquiv>
            </TextLine>
            <TextLine id="tr_2_tl_14" custom="readingOrder {index:13;}">
                <Coords points="795,1701 1179,1740 1696,1714 1830,1753 2226,1668 2350,1719 2764,1668 2764,1614 2672,1601 2558,1632 2422,1596 2383,1632 2103,1591 1650,1629 1307,1583 1233,1627 1109,1570 1009,1627 795,1598"/>
                <Baseline points="809,1669 907,1669 1005,1670 1103,1669 1201,1671 1299,1666 1397,1666 1495,1670 1593,1669 1691,1667 1790,1666 1888,1666 1986,1670 2084,1669 2182,1668 2280,1666 2378,1669 2476,1666 2574,1668 2672,1667 2771,1669"/>
                <TextEquiv>
                    <Unicode>Franzl: (ale Fanni zur Schwester) Und ich bin wehr-</Unicode>
                </TextEquiv>
            </TextLine>
            <TextLine id="tr_2_tl_15" custom="readingOrder {index:14;}">
                <Coords points="782,1802 878,1856 1251,1799 1490,1853 1668,1802 2177,1802 2352,1863 2744,1814 2708,1727 2095,1712 1853,1760 1686,1714 1454,1760 782,1704"/>
                <Baseline points="797,1800 894,1797 992,1797 1089,1798 1187,1797 1285,1797 1382,1797 1480,1799 1578,1797 1675,1797 1773,1797 1871,1797 1968,1797 2066,1795 2164,1796 2261,1797 2359,1797 2457,1794 2554,1797 2652,1796 2750,1800"/>
                <TextEquiv>
                    <Unicode>los und ich soll auf immer verloren sein? Und man</Unicode>
                </TextEquiv>
            </TextLine>
            <TextLine id="tr_2_tl_16" custom="readingOrder {index:15;}">
                <Coords points="1153,1876 1168,1879 1186,1863 1199,1879 1235,1876 1251,1887 1300,1858 1328,1863 1346,1853 1377,1879 1428,1863 1428,1830 1382,1807 1367,1817 1318,1809 1300,1820 1284,1807 1202,1812 1174,1833 1153,1830"/>
                <Baseline points="1167,1860 1193,1857 1220,1854 1247,1854 1274,1853 1301,1851 1328,1851 1355,1851 1382,1851 1409,1855 1436,1860"/>
                <TextEquiv>
                    <Unicode>coesenen</Unicode>
                </TextEquiv>
            </TextLine>
            <TextLine id="tr_2_tl_17" custom="readingOrder {index:16;}">
                <Coords points="782,1943 999,1974 1050,1935 1694,1935 1866,2010 2072,1959 2427,2018 2574,1969 2852,1974 2852,1853 2517,1820 2414,1887 2337,1845 2074,1845 1992,1894 1549,1838 1426,1889 929,1835 782,1866"/>
                <Baseline points="797,1929 899,1929 1002,1929 1105,1926 1208,1929 1311,1928 1414,1926 1517,1929 1620,1929 1723,1929 1826,1929 1928,1926 2031,1926 2134,1926 2237,1926 2340,1926 2443,1928 2546,1926 2649,1927 2752,1926 2855,1932"/>
                <TextEquiv>
                    <Unicode>darf mich verlassen wie eine - Iman hört sie nieder-</Unicode>
                </TextEquiv>
            </TextLine>
            <TextLine id="tr_2_tl_18" custom="readingOrder {index:17;}">
                <Coords points="793,2100 914,2123 983,2085 1017,2100 1086,2085 1132,2092 1132,1992 1114,1987 1078,2005 988,1984 929,2002 854,1995 793,2010"/>
                <Baseline points="806,2063 831,2060 857,2057 883,2057 908,2057 934,2057 960,2057 985,2057 1011,2055 1037,2055 1062,2058 1088,2060 1114,2060 1140,2063"/>
                <TextEquiv>
                    <Unicode>stürzenl</Unicode>
                </TextEquiv>
            </TextLine>
            <TextLine id="tr_2_tl_19" custom="readingOrder {index:18;}">
                <Coords points="782,2216 867,2249 963,2219 1040,2249 1274,2221 1359,2255 1434,2198 1629,2190 1609,2113 1307,2141 780,2116"/>
                <Baseline points="797,2183 841,2183 885,2186 929,2186 973,2183 1017,2186 1061,2186 1106,2186 1150,2186 1194,2186 1238,2189 1282,2187 1326,2188 1371,2189 1415,2189 1459,2187 1503,2186 1547,2186 1591,2186 1636,2183"/>
                <TextEquiv>
                    <Unicode>Die Schwerter: Fanni!</Unicode>
                </TextEquiv>
            </TextLine>
            <TextLine id="tr_2_tl_20" custom="readingOrder {index:19;}">
                <Coords points="800,2337 1833,2316 2170,2350 2147,2219 1825,2275 1737,2237 1441,2267 800,2224"/>
                <Baseline points="815,2317 883,2315 951,2317 1019,2315 1087,2317 1155,2317 1223,2317 1291,2315 1359,2317 1427,2317 1496,2318 1564,2318 1632,2317 1700,2315 1768,2314 1836,2314 1904,2313 1972,2311 2040,2315 2108,2317 2177,2320"/>
                <TextEquiv>
                    <Unicode>(Eine Weile ist regungelose Stille)</Unicode>
                </TextEquiv>
            </TextLine>
            <TextLine id="tr_2_tl_21" custom="readingOrder {index:20;}">
                <Coords points="795,2458 2620,2442 2839,2479 2839,2376 2795,2358 2381,2391 2247,2358 2116,2399 1869,2363 1372,2399 1210,2360 1145,2406 795,2365"/>
                <Baseline points="809,2446 910,2444 1012,2443 1114,2446 1216,2446 1318,2443 1420,2448 1521,2446 1623,2443 1725,2446 1827,2443 1929,2446 2031,2448 2133,2446 2234,2443 2336,2444 2438,2443 2540,2441 2642,2443 2744,2446 2846,2440"/>
                <TextEquiv>
                    <Unicode>(Zeichen, Vorhärig rauscht herunter. Vollkommené Stil-</Unicode>
                </TextEquiv>
            </TextLine>
            <TextLine id="tr_2_tl_22" custom="readingOrder {index:21;}">
                <Coords points="793,2625 1356,2605 1446,2651 1552,2605 1887,2651 2144,2605 2324,2648 2543,2610 2780,2643 2780,2525 2561,2499 793,2517"/>
                <Baseline points="806,2580 905,2574 1004,2576 1103,2571 1202,2571 1301,2574 1400,2574 1499,2571 1598,2572 1697,2571 1796,2574 1895,2571 1994,2573 2093,2571 2192,2571 2291,2571 2390,2571 2489,2571 2588,2571 2687,2571 2786,2577"/>
                <TextEquiv>
                    <Unicode>1e. Nur wenige Sekunden, dann aus dem Zuschauerraum</Unicode>
                </TextEquiv>
            </TextLine>
            <TextLine id="tr_2_tl_23" custom="readingOrder {index:22;}">
                <Coords points="759,2718 991,2772 1207,2736 1444,2767 1737,2733 1892,2780 2069,2741 2152,2772 2764,2744 2764,2638 2664,2623 759,2646"/>
                <Baseline points="773,2708 872,2701 972,2702 1072,2702 1172,2702 1272,2702 1372,2702 1472,2702 1572,2702 1672,2702 1772,2699 1871,2701 1971,2700 2071,2699 2171,2700 2271,2701 2371,2702 2471,2699 2571,2702 2671,2701 2771,2708"/>
                <TextEquiv>
                    <Unicode>donnernden Applaus. Ei: Theaterarbeiter öfinet die</Unicode>
                </TextEquiv>
            </TextLine>
            <TextLine id="tr_2_tl_24" custom="readingOrder {index:23;}">
                <Coords points="785,2865 1109,2908 1341,2877 1537,2926 2183,2870 2450,2883 2512,2924 2759,2885 2762,2764 2551,2744 2337,2798 2172,2756 1650,2790 1405,2741 1194,2790 788,2749"/>
                <Baseline points="800,2831 898,2831 996,2831 1094,2831 1193,2834 1291,2831 1389,2831 1487,2832 1586,2831 1684,2834 1782,2831 1880,2830 1979,2828 2077,2830 2175,2831 2273,2828 2372,2833 2470,2834 2568,2831 2666,2826 2765,2828"/>
                <TextEquiv>
                    <Unicode>Mitteltüre, Insplzient gibt ein Zeichen. Gregor und</Unicode>
                </TextEquiv>
            </TextLine>
            <TextLine id="tr_2_tl_25" custom="readingOrder {index:24;}">
                <Coords points="777,3161 1472,3117 1845,3158 1995,3125 2211,3163 2316,3122 2414,3158 2502,3125 2782,3148 2782,3009 2726,2996 1771,3042 1673,2973 1441,2996 1359,2955 1284,2996 1161,2962 957,2993 909,2957 777,2993"/>
                <Baseline points="791,3091 890,3089 990,3088 1090,3087 1190,3090 1289,3085 1389,3085 1489,3083 1589,3085 1688,3085 1788,3084 1888,3088 1988,3087 2087,3085 2187,3085 2287,3086 2387,3086 2486,3090 2586,3091 2686,3089 2786,3091"/>
                <TextEquiv>
                    <Unicode>Andere, darunter Moritzkl auf die Äühne. Die Mittel-</Unicode>
                </TextEquiv>
            </TextLine>
            <TextLine id="tr_2_tl_26" custom="readingOrder {index:25;}">
                <Coords points="777,3276 2731,3271 2705,3150 1205,3179 1060,3125 777,3168"/>
                <Baseline points="791,3222 888,3216 985,3216 1083,3218 1180,3218 1277,3216 1375,3216 1472,3218 1569,3216 1667,3216 1764,3219 1861,3216 1959,3219 2056,3216 2153,3219 2251,3218 2348,3216 2445,3216 2543,3219 2640,3219 2738,3222"/>
                <TextEquiv>
                    <Unicode>tür bleibt offen stehen, der Vorhang draussen hebt</Unicode>
                </TextEquiv>
            </TextLine>
            <TextLine id="tr_2_tl_27" custom="readingOrder {index:26;}">
                <Coords points="775,3379 2769,3382 2769,3253 2651,3284 2018,3245 1791,3282 775,3264"/>
                <Baseline points="788,3353 887,3347 986,3349 1086,3346 1185,3347 1285,3347 1384,3348 1484,3350 1583,3347 1683,3347 1782,3350 1881,3347 1981,3347 2080,3344 2180,3347 2279,3350 2379,3353 2478,3349 2578,3350 2677,3350 2777,3353"/>
                <TextEquiv>
                    <Unicode>sich, Schauspleler treten vor den Vorhang, man eieht</Unicode>
                </TextEquiv>
            </TextLine>
            <TextEquiv>
                <Unicode></Unicode>
            </TextEquiv>
        </TextRegion>
    </Page>
</PcGts>
