3129 3672
2301 409 2531 540 1186.
534 521 2485 775 Brief. Den bringen St mir gletelberunter, es kann
548 641 2672 975 vielletert ner miehriger sein. Ih focht's ihr slerst
620 847 906 946 jurlecto
564 842 1801 1061 geben, wenn sie hieder abgehtt,
561 997 1179 1147 Fr. Nentzel: (abl
585 1066 2640 1243 ohns(in Frack, in zienlch übersriebener, tattunkafter
1122 1221 1272 1307 u
577 1200 2723 1403 e gewiscermescen rusclecher Macke, konnt von reckts
564 1363 1975 1545 gehit gegen links, tritt zu Ifblein.)
585 1483 2135 1633 Esblein: (sieht ihn fast erschrocken an)
601 1577 2616 1796 ohn: Sie e rkennen mich Nicht? Moritzky, alias John.
599 1718 2705 1919 Löblein: Sig sind ja veyrückt. Die Haeke war ja genau-
609 1841 2616 2060 fetgestellt. Was fif ist ihnen denn eingefallen?
612 1978 2627 2194 sohn (herfsergetnen findst, Ict sehe sehr starckte-
1558 2103 2592 2234 d Mepte d detan Eteld
1908 2191 2376 2274 3. et vie perit
623 2175 1141 2320 riettech aus.
1256 2165 1630 2317 im 4erte.
615 2242 2619 2461 Eogelmann:(schon insstraszenkostum, deberzicher und
636 2392 2571 2595 Chachenez, ist von fechts gekomnen und stelt etwas
1684 2517 2309 2630 .R uu wei ix
639 2547 1700 2672 entfernt von den Feiden)-
639 2608 2686 2852 Lydieln: Icn dinfder Regisseur, nicht Her- Degetmann)
647 2731 2793 2977 Sie ein sehen nieht aus wie ein Thesteragent, Sie sehen
657 2918 1494 3071 aue wie ein Techtbuk.
647 3081 1000 3258 John: -2
663 3138 2280 3418 lobietn: Wie efa luschik wollt iet sagen.
