2851 3784
2214 378 2393 518 228
554 583 1228 736 Baronin: Danke...
1777 598 2134 772 d. siine
549 720 2427 888 Riohardi(Ioh hinterlasse Ihnen alles in bester
2054 829 2274 912 ortic
549 873 2414 1041 ordnung .) Sollte noch irgendetwas zu begleichen.
534 1015 837 1127 sein).
549 1147 1673 1303 Baronin: Nichts, Herr Doktor.
544 1264 2344 1419 Aichard: Jedenfalle danke ich Ihnen sehr. (er
544 1380 2538 1570 spriolit abeichtlich sehr trocken) Ich war hier be-
531 1536 1267 1696 sondere zufrieden.
546 1634 2422 1821 Baronin: Ich bedauere ja nehr, dass ee in dieser
502 1782 2419 1948 Weiee -seie wirft immer etwas ängetliche Micke
539 1888 2328 2085 nach der Seite, wo Aelene und Mathilde stehen!
531 2062 2419 2220 Riohard: (bitte sttren Sie etch ntcht länger, ich
2150 2142 2437 2227 in hei
539 2176 2572 2359 werde heute -(noch härter) (zum Abschiedleine wenig,
531 2313 1168 2476 hier bleiben.)
541 2440 2538 2613 Baronin: Malé la chaubré eet à votre dieposition,
521 2582 901 2688 mongieur.
521 2696 2494 2862 Rlohard:(jetzt eret sich gegen rechts wendend, be-
526 2844 2416 2991 metht die Madohen, ohne sie noch recht zu sehen.
531 2958 2613 3139 wendet sich raich wieder zur Baronin) Wir sind nicht
