3080 3672
2459 522 2586 639 11
720 661 2615 820 Richard: Ee war in dieser Zeit der einzige Ort,
722 793 1712 953 wo ich noch leben konnte.
713 945 2417 1134 Helene: „Man sollte nur für Lebendige leben.
715 1068 2488 1232 Wenn du ihr gleich gefolgt wärst -der Gedanke
708 1207 2223 1381 wäre erträglich geworden mit der Zeit.
705 1344 2674 1528 Man stirbt nie an einem Andern. Ma stirbt nur im-
705 1472 2527 1653 mer an sich selbst und rächt sichdafür an dem,
708 1628 1736 1780 der einem der Liebste war.
793 1792 2341 2013 Ich plest, er gebt keine schwe Sied.
825 1947 2223 2143 ti Tost p leb: auh irin is
766 2121 1293 2304 kerse m.
847 2275 2414 2498 M. e Lebeuru Re man gut mi
774 2444 2236 2684 imann sert gerecht.
935 2645 2268 2819 (weisi nin Sehe ich dh lieb.
808 2806 2287 3014 Bleib teut in S. woinum
815 2938 2270 3156 ie ein Atshi en ver¬
686 3100 1817 3338 (Ich woll ih. Einer tistert
896 3257 1242 3443 libulg.
1327 3311 2152 3502 wo iich it grast.
