2824 3464
1945 376 2095 481 227
599 449 2516 664 Ob vielleicht auch einige Norte zwiechen Heiené
607 659 1256 784 und der Roveda.
599 707 2313 922 Mathlide bielbt mit Rlohard allein zurück.
607 875 2373 1048 Richard: Habe keige Angst. Soll ich dir die
622 1045 2393 1188 Wahrheit sagen? Ich fühle überhaupt nichts.-
622 1160 2376 1316 Ich werde mich nicht umbringen. Auch das bin
619 1343 1246 1466 ich nicht wert.
609 1419 2053 1596 Mah stirbt immer nur an sich selbet.
629 1596 1278 1729 Ich war eitel.
531 1654 2544 1855 Ech habe nicht das Recht gehabt mit einem Men-
624 1825 1627 2018 schenleben zu spielen?
629 1955 2624 2178 Ich durkte nicht in das Leben Anderer eingreifen.
619 2108 1383 2248 Ein Putzendmensch.
629 2203 2486 2383 kann man einen so genauen: Unterschied machen?
634 2341 2411 2511 Am Ende gibt es doch nichs anderes ale seine
637 2494 2206 2652 Arbeit zu leisten, seine Pflicht zu tun.
639 2601 2414 2777 Ich fühle mich schuldig, -darauf kommt es an.
644 2737 2409 2887 Mathilde: Auch einen Vezurteilten kann eine
642 2890 1419 3065 Liebende loskaufen.
639 2937 2293 3170 Wir haben se inner leicht, wir Lebendigen.
