3176 3656
2305 471 2454 585 ﻿182
667 575 2414 716 (Eine Schauepielerin alf Stubenmädchen kommt.
657 734 2640 922 von rechte mit einem Tahlett, auf dem Backwork ste.
664 882 868 1029 Istl.
667 979 2261 1165 Insplaient: (zum Stubenmadchen) So, jetzt.
659 1125 2637 1232 Schauspielerin:(Stubenmädchen,trit: auf die Bühne.
659 1254 2568 1351 Die dort befindliche Gesellschaft wird nun zum
664 1393 1274 1497 Teil sichtbar).
669 1517 1490 1648 ((Dies etwas früher))
659 1631 2600 1790 Inspizient: (zu Franzl) Vergesren Sie nicht,Erfau-
659 1750 2360 1884 lein, das Buch liegt rechtg auf dem Klavier.
667 1911 1229 2062 Franzi: (nickt)
672 1968 2585 2127 Inepizlent: (zum Klavierkzunterspieler) Aufpassen.
659 2166 2605 2293 und um Gotleswillen nicht) früher aufhören,als ich
659 2275 2541 2444 das Zeichen gebe. (Tritt rechts an den Zxxxektax
659 2414 2553 2518 Prospekt, blickt durch einen Spalt auf die Bühne,
669 2533 2578 2655 gibt dem Klavierspieler ein Zeichen,der spielt
657 2689 2652 2779 ein paar Akkorde, unterhripht auf ein neues Zeichen
667 2813 1378 2957 des Inspizienten).
674 2893 1738 3101 ((Auch dies etwas früherlst?
669 3039 2147 3245 Irepizient: (gibt Franzl efn Zelchenl.
