2875 3784
2209 412 2380 517 335
2304 676 2454 797 284
483 749 2541 1003 Kethilde: Und dase ich hier einen Menn erwerte, der
1924 939 2174 1024 fricen
459 895 2515 1124 hier Kendes-voue mit einer Bestorbenen hat - so et-
459 1037 2554 1267 was sollte das Rechte seint Ee ist schlimmer ale ab-
457 1161 2483 1412 geschmackt - ein Uneinn ist ee, eil Verbrechen viel-
449 1267 765 1443 leicht.
441 1414 1164 1573 Helene: Kind ---
446 1541 2277 1792 (raueren sreht sich der Schlüssel im Sohlossl
430 1707 2367 1945 Helene: (etwas erschrocken) Das kann er doch noch
417 1818 897 1971 nicht sein.
417 1934 1979 2182 (raussen Stimmen: Daronin und Richerd I.
412 2053 2407 2351 wedene und Mathilde anfangs unschlüesig treten in
388 2222 2512 2422 den Schatten der Vorhänge,so dass sie beinahe verbor-
391 2370 760 2467 gen sind)
388 2467 1652 2689 looronin und Richerd treten ein!
369 2620 2364 2871 Rioherd:(Erax fortsetzend) Ich konne nämlich heute
367 2723 2356 2969 zum letzten Mal. Von morgen an können Sie über das
1272 2879 1491 2953 mete
2193 2934 2346 3008 mea
356 2858 2346 3106 Zinner verfügen. Ich wolltelmir heute nur noch die
338 2984 2269 3219 paer Aucher mitnehmen, die Ich hech hier gelassen
314 3124 2383 3380 hebe. Hier gebe ich Ihnen für alle Fälle gleich den
354 3251 747 3436 Schlässel.
