3064 3496
464 1141 773 1407 Jihe.
410 1314 783 1551 Richt gl
2484 417 2648 544 214
814 559 2731 703 die Frage erlauben - die dunkelroten Rosen waren
817 683 1427 848 wohl von Ihnen?
822 788 2798 969 Ludwig: Mit welchem Recht etellen Sie an mich die-
806 961 1201 1085 se Frage?
806 1012 2831 1231 Dreguleini In gölchen Momentén intereseiert einen"
812 1172 2803 1298 halt manches. Wenn die roten Rosen von Ihnen sind,
1322 1280 1724 1368 nelle kenn
799 1296 2865 1468 dann sind also 8tg wahrscheinlich der groese Schuft,
824 1432 2409 1623 Ludwigi Wae erlauben Sie sich, mein Herr?
1726 1535 2228 1628 inebidiun:
871 1533 2574 1690 regulein: (zu Richard) Sie nur der kleine.-
830 1705 2728 1809 Ludwig: (zu Rich ard) Wer ist denn dieser Mensch?
837 1819 2769 2009 Fregulein: Dregulein, erster Trauergast, (entfernt
1365 1930 2082 2089 Hage: Tuwi. Kelt zir
817 1981 1054 2138 sichl
824 2061 2849 2216 oreda: (zum Baron) In diesem Falle könnte man wirk-
830 2198 2094 2378 lich von Gottes Fügung sprechen.
822 2321 2728 2473 (Einige Schauspieler sind allmählig abgegangen).
832 2471 2818 2641 Baron: Rampe ausschalten. (geschieht, es wird dunk-
830 2630 994 2775 lerl
827 2684 2785 2852 Helene: (kommt von xex linke, sieht Karl: Bern,rasch
814 2867 1633 3027 zu ihm) Ist ee wehr?
1968 2875 2380 3045 mun Eh¬
824 2978 1989 3182 Karl Dernssie ist er gewegen.
