3112 3544
535 1773 710 1905 vit
645 1850 782 1969 1.
724 2564 901 2727 aler
2531 289 2686 397 207
1021 378 2832 574 auf die Raupe, Applaue verstärkt sich schrikert
1013 538 2232 672 Bern dann zurück auf die Bühnel
1006 650 2476 789 Karl Bern: Ja, was ist denn geschehen?
999 762 2541 932 Löblein: Sie müssen noch einmäl heraus.
1011 894 2794 1023 (Karl Hern tritt nochmals vor die Rampg,ver-
989 1044 2651 1217 stärkter Applaue, tritt dann nieder zurückt
989 1193 2108 1314 Dregulein: Fraulein Friesel!
1023 1295 2768 1453 Toblein: Sie müssen herausf Fraulein Friesel!
992 1420 2784 1625 Eine Schäusplelerin: Sie rührt aich I nicht.
987 1530 2354 1704 (graussen wieder stär erer Applaus!
985 1659 2789 1843 eregtrefter teutet Mrt, mar rot ste von der
978 1800 2844 1967 Bühne FertreheTTeh. Mr müssen noch einmal alie
1393 1912 1898 2032 4 Himelwill
978 1929 1322 2067 heraus.)
985 2046 2830 2235 erskrospekt wird vor heraufgezogen, die lühne
968 2223 2760 2357 Hegt nun ganz frei da, man sieht Franzl neben
966 2330 2758 2502 den Liorier liegen, eine Schausplelerin un eie
975 2455 1274 2598 bewihtl
949 2550 2713 2756 Riekord: lkonnt auf die Wahne ven rechts. Aetel
966 2689 2113 2890 nech stott nus gesgleten istl
968 2835 2660 2968 (applaus. Die Schauspieler treten alle der
939 2968 2863 3112 Reihe nach vor den Zwiechenvorhang. Indess kommt
939 3105 1518 3260 Doktor brannl
