3129 3672
2360 517 2516 647 184
672 581 2597 784 U1l1: (ko mit von rechts zu Frau Wenzsl) Grad sind
677 766 2635 937 Plumen zu Fräulein Franzi in die Farderobe geköm-
1337 881 1507 952 in str
1031 894 1222 973 (ziet)
685 891 2661 1059 men; und die Handschuh hat sie Eben liegen lassen.
685 1029 2521 1220 Frau Kenzel: Machenie sich ficht wichtig, sie
695 1169 2261 1319 braucht gar keine Handschuhfin dem Akt:
677 1288 2724 1436 Mili: (auf die Bühne laurehend) (Iet das das Fraulein
690 1418 2602 1614 Franzi?) Canz andere wie konet klingt die Stimme.
687 1558 2671 1703 Bitt & chön, Frau Wenzelflaseen s' mich einen Augen-
695 1668 2643 1856 blick daher. (schiebf sie fort, blickt durch einen
703 1823 2045 1933 spalt des Prospekts/ auf die Bühne)
703 1961 2460 2116 Frau Wenzel: (zu Dfegulein) Für Ihr Fraulein.
703 2083 2714 2203 Friesel sind grab Blumen in die Garderobe gekommen.
698 2177 2724 2353 Tregulein: KurpaxexzktanxZiexIrdenxdna? So (Das
1423 2297 1632 2381 iRen
693 2320 2668 2521 stimmt.) Und ift nichts dabei? Kein Brief? Schänn
705 2434 2719 2615 S' nach, Fray Wenzel. Es könnte vielleicht was Nich-
670 2564 2610 2768 tiges seinf wenn sie dann abgeht möcht ich ihr'e
703 2714 1423 2865 n gleisch geben.
708 2829 1332 3048 Pr.Menzdt: (abl.
