3080 3656
362 1992 544 2157 Eeft
327 2174 608 2379 Schweihli
321 2341 572 2453 sollden
314 2440 542 2541 1r ls
339 2534 554 2670 stohe.
635 587 2453 802 Mathilde: (e wird schon irgend eine(kommen, die
643 742 1782 906 ihn nachküsst.) Anlof auf¬
630 873 2605 1083 Helene: Auch das wäre möglich. Und es könnte auch
643 1025 2465 1235 sein, dass du fendlich vernünftig wirst)und ver-
648 1159 2465 1354 gisst und einen Andern zum Mann nimmet. (Wahr-
1977 1258 2496 1354 Abiuunal
645 1324 2579 1486 scheinlich sogar ist das alles) (ber es bleibt zu
744 1435 1114 1521 nit imesl
656 1458 2364 1633 bedenken, dass es anders ausgehen könnte und
1524 1547 1731 1653 teinh
843 1572 1314 1643 kinm mit
1939 1569 2220 1658 rins coll.
645 1610 1686 1744 das müssen wir verhindern.-
1344 1701 1848 1779 Er is buse  d
640 1736 2519 1921 Mathilde: Ich nicht. Ich bin nichts für ihn, ich
645 1891 1481 2017 war nichts für ihn...
1000 1931 1747 2060 dereburit der sirtu
651 2012 2554 2182 Helene: Er hat nie eine Andere geliebt als dich.
645 2136 2584 2331 Es gibt kein Wesen,das ihn zur Vernunft bringen,
651 2278 2539 2433 xx das ihn zu einem ordentlichen Menschen ma-
645 2410 2508 2579 chen kann als du.) Wir wollen nichts zu bereuen.
658 2559 1258 2678 haben, Mathilde.
661 2673 2630 2873 (raussen Schlüssel im Schloss.Mathilde und Relene
653 2827 1435 3000 sehen einander en.
643 2979 1972 3131 Helene: Soiltd er das schon sein?
661 3086 2496 3268 (bjaussen Stimmen Beronin und Richerd.- Vnmill-
651 3253 2688 3412 würtich treten Relene und Mathilde in den Schatten.
