3115 3688
2307 487 2487 618 189
652 583 2477 842 TRichard und Kathilde treten aus der Floge auf
650 771 2161 966 den Gangl (selleucht und Rrif deben
657 874 2443 1092 (Frau Veith iet. in der Loge sitzen geblieben)
664 1005 2648 1225 lPrasident dr, Pricke besucht sie dann in der Loget
650 1146 2327 1302 Mathilde: Z Du bist so schweigeum, Tichard.
650 1270 2574 1482 Richard: Hun ja in Theater pflege ich selten ge-
659 1425 1391 1618 sprächig zu getn.
655 1546 2337 1704 Mathilde: Du bist so weit von mir, so weit.
657 1682 1929 1828 Richard: Und du bist ein Kind.:
672 1796 2621 1991 Mathilde: Ich bin kein Kind.(Soll ich dir was sa-
689 1966 1517 2107 gen? Es war zu früh.)
679 2100 1292 2265 Richard: (Blich)
689 2151 2675 2403 Mathilde: Dass wir une verlobt haben.(Ich gebe dir
684 2364 1383 2514 dein Wort zurück.
699 2426 1981 2663 Kichard: Was fälit dir denn ein?
699 2539 2416 2784 Mathilde: Berührt dich das Stück so sehr?.
1657 2697 2114 2845 So schweigen
709 2744 1388 2892 Kellner: (mit Eiel
706 2821 2640 3031 Eschard: Darf ich dir anhietent sz. junits
706 2996 1885 3159 Mathilde: lschüttelt den Kopfl.
684 3085 2658 3283 Helene: (kommt von linke, Gradel und Putte sind in-
