<?xml version="1.0" encoding="UTF-8" standalone="yes"?>
<PcGts xmlns="http://schema.primaresearch.org/PAGE/gts/pagecontent/2013-07-15" xmlns:xsi="http://www.w3.org/2001/XMLSchema-instance" xsi:schemaLocation="http://schema.primaresearch.org/PAGE/gts/pagecontent/2013-07-15 http://schema.primaresearch.org/PAGE/gts/pagecontent/2013-07-15/pagecontent.xsd">
    <Metadata>
        <Creator>prov=READ-COOP:name=PyLaia@TranskribusPlatform:version=2.7.0:model_id=50870:lm=none:date=22_01_2024_16:24</Creator>
        <Created>2023-09-27T14:32:31.551+02:00</Created>
        <LastChange>2024-01-22T16:24:19.521+01:00</LastChange>
        <TranskribusMetadata docId="1589028" pageId="60122369" pageNr="142" tsid="145623613" status="IN_PROGRESS" userId="40391" imgUrl="https://files.transkribus.eu/Get?id=VQFPTLPSTUDEOYJQFSRDGQUB&amp;fileType=view" xmlUrl="https://files.transkribus.eu/Get?id=CBRUPBNBKQGUYSYLLIXRMGNA" imageId="48547447"/>
    </Metadata>
    <Page imageFilename="1589028_0142.jpg" imageWidth="2851" imageHeight="3832">
        <ReadingOrder>
            <OrderedGroup id="ro_1711795689470" caption="Regions reading order">
                <RegionRefIndexed index="0" regionRef="tr_1"/>
            </OrderedGroup>
        </ReadingOrder>
        <TextRegion orientation="0.0" id="tr_1" custom="readingOrder {index:0;}">
            <Coords points="567,559 567,3216 2694,3216 2694,559"/>
            <TextLine id="tr_1_tl_1" custom="readingOrder {index:0;}">
                <Coords points="2164,623 2179,623 2211,649 2232,641 2263,646 2276,633 2302,631 2318,644 2331,644 2334,534 2313,536 2297,526 2258,547 2240,534 2200,562 2164,549"/>
                <Baseline points="2178,620 2204,614 2230,616 2257,616 2283,615 2309,614 2336,614"/>
                <TextEquiv>
                    <Unicode>230</Unicode>
                </TextEquiv>
            </TextLine>
            <TextLine id="tr_1_tl_2" custom="readingOrder {index:1;}">
                <Coords points="591,882 782,890 866,819 2446,829 2446,714 2323,693 2274,730 2148,693 1931,769 1559,733 1483,787 1282,727 1167,767 1023,730 926,774 591,722"/>
                <Baseline points="605,808 697,808 789,808 881,811 974,811 1066,811 1158,811 1250,810 1343,811 1435,811 1527,812 1619,813 1712,811 1804,814 1896,812 1988,814 2081,811 2173,811 2265,811 2357,811 2450,820"/>
                <TextEquiv>
                    <Unicode>denheit, vielleicht am Grauen vor sich selbst.</Unicode>
                </TextEquiv>
            </TextLine>
            <TextLine id="tr_1_tl_3" custom="readingOrder {index:2;}">
                <Coords points="599,958 900,952 944,976 978,952 1070,986 1266,960 1353,999 1350,882 699,890 599,863"/>
                <Baseline points="614,943 651,943 688,945 725,945 762,944 799,946 836,946 874,946 911,946 948,946 985,946 1022,946 1059,949 1096,947 1134,948 1171,949 1208,949 1245,949 1282,949 1319,951 1357,952"/>
                <TextEquiv>
                    <Unicode>Das reicht ja aus.</Unicode>
                </TextEquiv>
            </TextLine>
            <TextLine id="tr_1_tl_4" custom="readingOrder {index:3;}">
                <Coords points="581,1083 1439,1115 1533,1081 1782,1128 2043,1078 2266,1149 2438,1101 2438,1010 2357,1005 1915,1031 1816,986 1690,1031 1486,1007 1292,1046 1104,1002 581,1020"/>
                <Baseline points="596,1074 688,1074 780,1074 873,1074 965,1075 1058,1076 1150,1077 1242,1075 1335,1078 1427,1079 1520,1080 1612,1077 1704,1080 1797,1081 1889,1080 1982,1077 2074,1080 2166,1077 2259,1083 2351,1077 2444,1074"/>
                <TextEquiv>
                    <Unicode>Mathilde: Wenn du er gleich getan hättest, dann</Unicode>
                </TextEquiv>
            </TextLine>
            <TextLine id="tr_1_tl_5" custom="readingOrder {index:4;}">
                <Coords points="597,1227 1721,1253 1721,1159 1601,1141 1308,1177 597,1149"/>
                <Baseline points="611,1208 666,1208 722,1209 778,1209 834,1211 890,1208 945,1209 1001,1211 1057,1211 1113,1211 1169,1211 1224,1211 1280,1211 1336,1214 1392,1214 1448,1214 1503,1214 1559,1214 1615,1214 1671,1214 1727,1214"/>
                <TextEquiv>
                    <Unicode>würde ich es noch begreifen.</Unicode>
                </TextEquiv>
            </TextLine>
            <TextLine id="tr_1_tl_6" custom="readingOrder {index:5;}">
                <Coords points="581,1387 738,1431 968,1413 1070,1350 1185,1389 1313,1350 2467,1363 2467,1269 2362,1295 2109,1235 1920,1298 1502,1311 1415,1258 1350,1303 1282,1269 1049,1303 963,1230 803,1300 581,1266"/>
                <Baseline points="596,1337 689,1337 783,1343 877,1343 971,1345 1065,1345 1159,1347 1253,1347 1347,1347 1441,1345 1535,1345 1628,1345 1722,1342 1816,1343 1910,1345 2004,1345 2098,1345 2192,1347 2286,1346 2380,1342 2474,1345"/>
                <TextEquiv>
                    <Unicode>Riohard: (Da meinet, ich wäre ihr nachgefölgt -.)</Unicode>
                </TextEquiv>
            </TextLine>
            <TextLine id="tr_1_tl_7" custom="readingOrder {index:6;}">
                <Coords points="589,1483 2153,1512 2347,1470 2485,1520 2587,1481 2687,1507 2687,1405 2475,1376 2171,1444 2017,1402 1910,1442 589,1413"/>
                <Baseline points="602,1477 706,1474 811,1477 915,1476 1020,1477 1125,1477 1229,1478 1334,1479 1438,1477 1543,1478 1648,1478 1752,1477 1857,1480 1961,1479 2066,1477 2171,1472 2275,1469 2380,1468 2484,1468 2589,1466 2694,1462"/>
                <TextEquiv>
                    <Unicode>du meinst, der Sinn von dergleichen wäre -- c Mr-1</Unicode>
                </TextEquiv>
            </TextLine>
            <TextLine id="tr_1_tl_8" custom="readingOrder {index:7;}">
                <Coords points="594,1601 675,1638 1298,1617 1444,1659 1510,1614 1619,1627 1695,1693 1826,1633 2399,1617 2399,1512 2226,1486 2030,1567 1941,1531 1899,1567 1423,1536 1381,1572 1266,1531 594,1544"/>
                <Baseline points="608,1599 697,1605 787,1605 877,1608 967,1608 1057,1608 1147,1608 1236,1611 1326,1611 1416,1611 1506,1611 1596,1611 1686,1611 1776,1611 1865,1611 1955,1611 2045,1608 2135,1611 2225,1611 2315,1611 2405,1608"/>
                <TextEquiv>
                    <Unicode>Wiederfinden wollen, was man (selbst) verliess?-</Unicode>
                </TextEquiv>
            </TextLine>
            <TextLine id="tr_1_tl_9" custom="readingOrder {index:8;}">
                <Coords points="576,1771 918,1748 1183,1800 1428,1761 1617,1808 1769,1761 1863,1803 2182,1750 2433,1800 2509,1769 2488,1667 2394,1701 2294,1659 2213,1701 1756,1651 1706,1693 1010,1669 947,1708 576,1674"/>
                <Baseline points="590,1739 686,1739 782,1741 878,1740 975,1739 1071,1739 1167,1742 1263,1742 1360,1742 1456,1743 1552,1742 1648,1740 1745,1740 1841,1742 1937,1742 2033,1739 2130,1739 2226,1741 2322,1740 2418,1742 2515,1739"/>
                <TextEquiv>
                    <Unicode>Hein, das alles ist. es nicht. (Eine Schuld sühnen?</Unicode>
                </TextEquiv>
            </TextLine>
            <TextLine id="tr_1_tl_10" custom="readingOrder {index:9;}">
                <Coords points="568,1899 1933,1876 2425,1918 2404,1818 1489,1826 1426,1792 1065,1826 1007,1784 568,1813"/>
                <Baseline points="581,1871 673,1868 766,1871 858,1871 951,1871 1043,1869 1136,1871 1228,1874 1321,1873 1413,1874 1506,1874 1599,1873 1691,1873 1784,1874 1876,1874 1969,1877 2061,1877 2154,1877 2246,1877 2339,1877 2432,1883"/>
                <TextEquiv>
                    <Unicode>Was fällt Euch ein! Man könnte ja weiterleben,</Unicode>
                </TextEquiv>
            </TextLine>
            <TextLine id="tr_1_tl_11" custom="readingOrder {index:10;}">
                <Coords points="581,2051 746,2077 1031,2007 2501,2030 2501,1949 2318,1915 1769,1970 581,1926"/>
                <Baseline points="596,2002 691,2002 787,2003 882,2002 978,2002 1073,2002 1169,2004 1264,2002 1360,2005 1455,2003 1551,2002 1646,2005 1742,2005 1837,2005 1933,2005 2028,2005 2124,2002 2219,2005 2315,2005 2410,2005 2506,2005"/>
                <TextEquiv>
                    <Unicode>wenn man nicht imner mit sich selber weiterleben</Unicode>
                </TextEquiv>
            </TextLine>
            <TextLine id="tr_1_tl_12" custom="readingOrder {index:11;}">
                <Coords points="1996,2077 2022,2088 2043,2072 2088,2103 2135,2069 2185,2088 2221,2077 2274,2085 2276,2007 2164,2035 2111,2012 2090,2028 2064,2001 2033,2022 1999,2017"/>
                <Baseline points="2014,2056 2040,2056 2067,2057 2094,2058 2121,2059 2148,2059 2175,2057 2202,2057 2229,2058 2256,2055 2283,2050"/>
                <TextEquiv>
                    <Unicode>dent</Unicode>
                </TextEquiv>
            </TextLine>
            <TextLine id="tr_1_tl_13" custom="readingOrder {index:12;}">
                <Coords points="578,2148 879,2213 1026,2135 1169,2200 1371,2135 2467,2166 2465,2085 2313,2062 2135,2103 1695,2062 1627,2096 1133,2090 937,2072 876,2025 578,2080"/>
                <Baseline points="593,2127 686,2130 780,2130 874,2133 968,2132 1062,2133 1156,2133 1250,2133 1344,2133 1438,2133 1532,2133 1625,2136 1719,2136 1813,2136 1907,2137 2001,2136 2095,2139 2189,2137 2283,2139 2377,2139 2471,2142"/>
                <TextEquiv>
                    <Unicode>müsste.) Ich ertrage mich selber nicht.) in ihrem</Unicode>
                </TextEquiv>
            </TextLine>
            <TextLine id="tr_1_tl_14" custom="readingOrder {index:13;}">
                <Coords points="576,2263 2355,2292 2352,2208 2305,2195 1941,2224 1831,2187 1648,2229 576,2198"/>
                <Baseline points="590,2262 678,2259 766,2262 855,2262 943,2262 1031,2262 1120,2263 1208,2264 1296,2265 1385,2265 1473,2265 1561,2265 1650,2267 1738,2266 1826,2266 1915,2265 2003,2268 2091,2268 2180,2266 2268,2268 2357,2265"/>
                <TextEquiv>
                    <Unicode>Tode hat sich mir erwiesen,wer ich bin. Auch</Unicode>
                </TextEquiv>
            </TextLine>
            <TextLine id="tr_1_tl_15" custom="readingOrder {index:14;}">
                <Coords points="583,2457 764,2389 1316,2399 1413,2451 1591,2394 1782,2446 1863,2394 2412,2446 2412,2347 2321,2326 1886,2362 984,2313 583,2349"/>
                <Baseline points="599,2390 690,2390 781,2390 872,2393 963,2390 1054,2390 1145,2390 1236,2392 1327,2391 1418,2391 1509,2390 1600,2392 1691,2394 1782,2393 1873,2394 1964,2393 2055,2394 2146,2393 2237,2393 2328,2393 2420,2390"/>
                <TextEquiv>
                    <Unicode>wenn sie wiederkäme durch irgend ein Wunder.-</Unicode>
                </TextEquiv>
            </TextLine>
            <TextLine id="tr_1_tl_16" custom="readingOrder {index:15;}">
                <Coords points="583,2548 2386,2535 2386,2462 2344,2446 1648,2491 1442,2454 583,2457"/>
                <Baseline points="599,2518 688,2521 778,2524 868,2524 957,2524 1047,2524 1137,2524 1226,2524 1316,2524 1406,2524 1496,2527 1585,2524 1675,2524 1765,2524 1854,2527 1944,2527 2034,2527 2123,2527 2213,2530 2303,2527 2393,2527"/>
                <TextEquiv>
                    <Unicode>wäre ich mir selber darum mehr wert? Was ich</Unicode>
                </TextEquiv>
            </TextLine>
            <TextLine id="tr_1_tl_17" custom="readingOrder {index:16;}">
                <Coords points="573,2679 641,2721 767,2655 850,2676 1237,2658 1237,2585 1094,2616 997,2567 876,2606 827,2582 672,2580 573,2611"/>
                <Baseline points="587,2650 619,2650 652,2650 685,2650 717,2651 750,2653 783,2651 815,2651 848,2653 881,2653 914,2651 946,2651 979,2653 1012,2650 1044,2650 1077,2650 1110,2650 1142,2645 1175,2644 1208,2645 1241,2647"/>
                <TextEquiv>
                    <Unicode>an ihr getan --</Unicode>
                </TextEquiv>
            </TextLine>
            <TextLine id="tr_1_tl_18" custom="readingOrder {index:17;}">
                <Coords points="570,2820 764,2860 845,2786 1245,2778 2001,2818 2020,2666 1674,2674 1575,2739 1256,2752 1201,2716 662,2726 568,2687"/>
                <Baseline points="581,2778 653,2780 725,2781 797,2781 870,2784 942,2781 1014,2784 1086,2782 1159,2781 1231,2781 1303,2778 1375,2781 1448,2781 1520,2784 1592,2784 1664,2784 1737,2782 1809,2784 1881,2784 1953,2784 2026,2781"/>
                <TextEquiv>
                    <Unicode>Mathilde: (rasch) - verdient den Tod?</Unicode>
                </TextEquiv>
            </TextLine>
            <TextLine id="tr_1_tl_19" custom="readingOrder {index:18;}">
                <Coords points="2381,2828 2410,2826 2423,2836 2430,2831 2465,2854 2475,2846 2493,2857 2512,2854 2512,2763 2475,2758 2402,2784 2381,2778"/>
                <Baseline points="2396,2829 2426,2827 2457,2827 2487,2829 2518,2829"/>
                <TextEquiv>
                    <Unicode>ab</Unicode>
                </TextEquiv>
            </TextLine>
            <TextLine id="tr_1_tl_20" custom="readingOrder {index:19;}">
                <Coords points="1693,2862 2062,2857 2090,2873 2145,2849 2229,2857 2229,2792 2143,2797 2051,2763 1983,2805 1939,2786 1834,2810 1771,2786 1693,2792"/>
                <Baseline points="1707,2850 1733,2848 1759,2847 1786,2847 1812,2847 1839,2848 1865,2851 1891,2853 1918,2853 1944,2853 1971,2853 1997,2851 2023,2849 2050,2847 2076,2847 2103,2847 2129,2847 2155,2848 2182,2849 2208,2849 2235,2847"/>
                <TextEquiv>
                    <Unicode>Hans Brait</Unicode>
                </TextEquiv>
            </TextLine>
            <TextLine id="tr_1_tl_21" custom="readingOrder {index:20;}">
                <Coords points="1306,2867 1368,2860 1381,2867 1415,2857 1452,2873 1462,2862 1489,2857 1489,2792 1460,2784 1428,2807 1410,2794 1394,2802 1374,2784 1366,2792 1337,2784 1306,2797"/>
                <Baseline points="1319,2850 1344,2852 1369,2853 1394,2853 1419,2852 1444,2851 1469,2850 1495,2850"/>
                <TextEquiv>
                    <Unicode>Vuste</Unicode>
                </TextEquiv>
            </TextLine>
            <TextLine id="tr_1_tl_22" custom="readingOrder {index:21;}">
                <Coords points="573,2977 1036,2915 2467,2938 2467,2857 2342,2839 2234,2875 1041,2875 835,2799 761,2862 573,2841"/>
                <Baseline points="587,2906 681,2909 775,2912 869,2912 963,2911 1058,2912 1152,2912 1246,2913 1340,2912 1434,2912 1529,2912 1623,2915 1717,2915 1811,2918 1905,2918 2000,2918 2094,2921 2188,2921 2282,2921 2376,2921 2471,2921"/>
                <TextEquiv>
                    <Unicode>Hjchard:Ich war unentschlossen,mutlos, eitel.Mit</Unicode>
                </TextEquiv>
            </TextLine>
            <TextLine id="tr_1_tl_23" custom="readingOrder {index:22;}">
                <Coords points="570,3077 842,3045 1227,3090 1402,3048 2302,3077 2268,2969 2025,2998 1837,2951 1771,2998 1507,2969 1447,3011 1397,2975 568,2977"/>
                <Baseline points="584,3041 670,3041 756,3041 842,3041 929,3041 1015,3041 1101,3043 1187,3042 1274,3045 1360,3046 1446,3047 1532,3047 1619,3047 1705,3050 1791,3047 1877,3050 1964,3052 2050,3050 2136,3050 2222,3050 2309,3053"/>
                <TextEquiv>
                    <Unicode>welchem Recht hah ich alles von ihr wollen?</Unicode>
                </TextEquiv>
            </TextLine>
            <TextLine id="tr_1_tl_24" custom="readingOrder {index:23;}">
                <Coords points="552,3189 816,3176 1046,3226 1109,3184 1164,3223 1449,3184 1551,3221 1737,3179 1889,3228 2033,3208 2103,3255 2420,3218 2420,3085 2355,3064 2132,3142 1776,3092 1442,3129 1046,3090 958,3140 782,3077 706,3119 552,3111"/>
                <Baseline points="567,3172 659,3172 752,3172 845,3173 938,3173 1031,3174 1123,3175 1216,3175 1309,3175 1402,3178 1495,3180 1587,3178 1680,3181 1773,3178 1866,3184 1959,3187 2051,3184 2144,3184 2237,3186 2330,3189 2423,3184"/>
                <TextEquiv>
                    <Unicode>Nicht nur die Gegenwort, auch Vergangenheit und</Unicode>
                </TextEquiv>
            </TextLine>
            <TextEquiv>
                <Unicode></Unicode>
            </TextEquiv>
        </TextRegion>
    </Page>
</PcGts>
