3096 3672
778 644 1842 765 stehen vorerst unsichtbar).
790 802 1912 902 (Baronin, Richard treten ein).
2036 863 2532 999 eln-frät. i¬
763 926 2532 1079 Hichard: (fortsetzend) Ja, ich komme heute zum
1371 1030 1691 1130 Bac 1
765 1072 2620 1251 letzten Male. (Wenn es Ihnen beliebt) können Sie
761 1222 2695 1371 schon von morgen an über das Zimmer verfügen. J.
1378 1317 1946 1400 noch nen en Hundt.
751 1351 2612 1528 Ich will mir nur ein paar Bücher mitnehmen.-Je-
753 1470 2666 1633 denfalle danke ich Ihnen sehr -) „. Ich nill in der
2260 1582 2571 1725 tie kei
753 1592 2301 1788 Baronin: (Und bleiben Herr Doktor noch?-
748 1747 2607 1917 Fichard: (rasch) Das kann Ihnen wohl gleichgültig
741 1898 2469 2068 sein, Frau Baronin((Ich werde Ihnen alles in
741 2027 2656 2236 voller Ordnung zurücklassen) Hier gebe ich Ihnen
736 2155 2639 2372 für alle Fälle gleich den Schlüssel. (jetzt merkt
731 2282 2671 2454 er, dass Andere im Zimmer sind)-Wir sind nicht al-
724 2449 953 2566 lein?
724 2573 1587 2729 Helene: (tritt hervorl
710 2700 2146 2838 Mathilde: (bewegt sich vorerst nicht)
707 2841 1893 3003 Beronin: (entfernt sich, rasch)
707 2957 2658 3130 Richard: Was soll das bedeuten? Helene Mathulde?
1567 3067 1779 3154 i dec
702 3110 2610 3290 Helens: (Da man dich doch nur hier sprechen kann)
