3176 3656
427 624 743 773 de Kiedeste
440 735 821 877 Reis sr
435 824 765 955 er, f ine
427 917 776 1089 aushete 1h
445 1003 765 1127 Vriclecht
450 1101 758 1213 1e don
642 1152 829 1283 d. ble
2466 341 2908 561 Dagm Lcos
839 480 2678 662 Löblein: Aber ich bitt siel Entweder oder, Von
851 621 2834 801 solcler Dingen kann das Schicksal eines Stücks ab-
849 735 2524 909 Kenxe. & lii ille ait un rosect. aleerligt
1475 821 1991 940 snteissat
1033 867 1268 942 Bern:
846 882 2792 1069 Karl: Ob Ich herauskomn oder nichtt Und wenn ich
851 1031 1425 1162 schon tot wür?
859 1139 2792 1336 Löblein: Einem Poten verzeiht man alles, auch dass
859 1293 1637 1432 er nicht erscheint.
846 1387 2314 1584 Dregulein: Es sei denn als Gespenst.)
856 1559 2018 1713 Ansager:Mäuserlstill sein st.
856 1665 2776 1799 (Eine Zeitlang volikomnene Stille, nur das Geraune
864 1809 2711 1976 von der bühne her. Plötzlich Heiterzeit auf der
864 1912 1698 2084 Bühne, auch araussen.1
854 2041 2223 2210 Karl dern: Was ist denr plötzlich?
879 2193 1761 2354 (Wan hört applaualerent
859 2306 2312 2445 (Zarl Bern höchst erstauntes besicht)
859 2448 2056 2607 Esblein: (Dar war jalder Mitz..
854 2544 2888 2761 Karl Hern: Aita? Ah, der Witz, den Sie hineingedichtet
854 2703 1629 2877 neven, Herr Loblein.
849 2812 2769 3021 Loolein: Kurmteht Hat nichte geschadet, wie Sie
1478 2956 2360 3120 nein, ich matt Ihr uir
861 2989 1132 3100 sehen.
851 3077 2812 3289 tarl Der: Ja hätre an Srde much der Herr Lebn sn
