2851 3608
2163 346 2351 459 233
1120 527 2507 694 torbenen zu leben, auch wenn man seil
694 636 1511 789 Morder geweren w채re.
676 781 2453 956 (Wenn du ihr gleich gefolgt w체rst, der Gedanke
704 916 2250 1073 ware ertr채glich geworden mit der Zeit.)
706 1059 2436 1196 Richard: Es war in diesen letzten Wochen der
687 1165 2547 1335 einzige Ort, an dem ich 체berhaupt leben konnte-
685 1302 2434 1466 Kathilde; Ioh weise nur, dass ich dich liebe.
683 1433 2483 1612 Hein, bledbe hier und nimm Abschied von pier.
676 1575 1612 1706 Heute erst den rechten.
946 1666 1123 1758 teut
668 1681 2559 1838 Bleibe noch zum letzten Mal. mit deiner Toten al-
671 1827 909 1980 lein.
647 1956 2253 2109 Jetzt habe ich keine Anget mehr um dich.
673 2092 1363 2248 Ich erwarte dich.
