3096 3688
712 581 2615 846 Richard( Was habt-Ihr hier zu suchen( Ihr Beide?
707 707 2605 999 Helene: jleo, du wolltest heute zum letzten Male
712 962 1147 1103 hier sein?
729 1018 2680 1254 Richard: Man verfolgt mich bis hieher? Was fallt
739 1259 1113 1373 Euch ein?
727 1305 2607 1553 Helene: Wir haben Apget un dich, darum sind wir
1118 1434 2039 1643 Wir mur wil der wurt)
739 1536 928 1652 da.
748 1575 2658 1771 Richard: Glaubst du, dase ein solcher Schritt ir-
758 1740 2245 1912 gendwälche Entschlüsse ändern könnte?
756 1910 1550 2080 Helene: Ribhard --
761 2024 2515 2206 Richard: Es ist nicht gut, was Ihr da gemacht
770 2221 999 2326 habt.
765 2253 2515 2479 Relens :(Jedesfalls/ist es nur meine Schuld.)
1623 2379 2197 2496 Neu ein Wenth
765 2391 2612 2615 Methilde: (zu Helenel/Jass mich mit ihm allein.
773 2588 1507 2714 Helene: (befremdet)
778 2646 2425 2911 Methilde: Darf ich mit dir reden, Richard?
790 2833 2700 3033 Helene:lsicht Mathilde gross an,dann befriedigt:
799 3013 1210 3132 sie geht).
792 3072 1499 3249 Mathilde, Richerd.
797 3232 2168 3443 mathllde: Ich bin ein sehr junges.
