3128 3544
2530 365 2696 534 201
899 526 1420 652 Fürchterlich?
899 604 1813 808 Dreguletn. Ein Leuochal
919 783 2215 921 Franki: (als Fanni) Tedor, Fedorl
891 896 2807 1035 Inepizient: (gibt den Schanspielern rüänwärte ein
886 1047 2827 1221 Zeichen, sie murmeln, lachen etwas mehr als früher.
876 1156 2870 1304 Die nächsten Worte von Fedor und Fanri gehen darin
884 1304 2271 1422 unter. Er gibt wieder Zeichen:Ruhel
886 1432 2737 1596 tEin Theaterarbeiter(rasch zur Garderobière, die
879 1571 2671 1702 jetzt durch eine Spalte des Prospekts auf die
874 1689 2774 1848 Bühne xkank schaut) FFau Wentzel! Frau Wentzel!
866 1810 2812 1954 Ihr Mann hat Sie überall gesucht! Den Brief da-
2228 1926 2794 2014 ie in lec post ue
864 1906 2797 2092 Pregulein:(zu Karl Fern) wenn ich eine andere Ei-
853 2059 2857 2215 gur hätt. sehen-Sie, den Fedor hätt ich gerne spie-
853 2213 1312 2319 len mögen.
2535 2268 2870 2379 insuurt
851 2268 2878 2482 Karl Hern: Der ist nicht zu retten... Ei Shme fliis-
1631 2419 2173 2510 hei Kuilat de
2208 2414 2510 2520 reicht! in
1281 2419 1432 2497 da
843 2455 2696 2633 Fr. entzel: (Geste zum Theaterarbeiter, dass sie
856 2591 1732 2754 jetzt nichts tun kannl.
853 2691 2553 2880 Pregulein: Ider das bemerät) Was gibts denn?
841 2827 2804 2998 Fr. Wentzel: Da ist wieder ein Frieferl abgegeben
836 2988 2097 3119 worden für das Frauleim Friesel.
826 3086 1573 3270 Thesterweiter: (ebl
