2776 3576
2076 297 2219 413 220
544 455 2217 573 Helene: (vielleicht mit ihrem Vater oder al
556 588 1708 744 lein, oder schon mit Mathildel
2021 610 2513 786 lie Hin. Hol
568 714 2017 885 Helendund Lndwig stossen zusammen.
568 816 2553 974 Helene: Was war das für ein sonderbarer Abschluse?
1381 917 1653 1006 d ter
573 956 2439 1134 Ludwig: (Ee scheint/sie ist ohnmächtig geworden.
566 1129 1777 1292 Helene: Sie waren im Theater?.
566 1243 2098 1426 Dogelmann: (kommt aus dem Fühnenausgang.
576 1379 1895 1532 Rufe: (nur wenige) Hoch ogelmann!
583 1475 2365 1646 Einer läset sich von ihm ein Autogramm geben.
578 1614 1984 1792 Dögelmann: (dann rasch zu Dregulein)
586 1755 2330 1940 Dreguleinl zu EggelmannIWas hat der Kommissär
586 1873 2066 2041 gesagt? Iet schon was verfügt worden?
1275 1957 2113 2031 Nibes neetle senac
588 2002 2387 2197 Dogelmenn: Vorläufig liegt sie (natürlich(noch
1965 2088 2444 2190 M. hit. er. d
2066 2175 2229 2271 sar
586 2172 1940 2303 auf der Bühne (in ihrer Garderobe.
588 2259 2550 2459 Karl Bern, vielleicht ein paar Norte mit Dregulein
586 2424 1952 2573 und Eggelmann, Helene ihm entgegen.
581 2540 1641 2699 Helene: Was ist geschehen?
1134 2550 2246 2696 in den insarint gerecht
583 2681 1960 2815 Karl: Habt Ihr denn nicht gesehen?
601 2795 1987 2961 Rolens: Hat sie sich wieder erkoltt
603 2914 2291 3111 Kerl Bern: Erholtzlja Ludnigl O, Herr. Doktor
598 3084 1095 3232 Delene: Runf
