3080 3656
692 668 2592 884 Geschöpf. Ich denke mir das gar nicht so einfach
690 864 1225 997 wie Helene.
709 948 2568 1159 Wenn du nicht bei uns bleiben wilist, auf Reisen
709 1107 2521 1286 gehst oder noch weiter weg,so wirst du wissen,
717 1301 962 1441 warum.
714 1377 2602 1554 Wir sind verlobt, Ich habe dir dein Wort nie zu-
714 1500 2492 1694 rückgegeben. Ich sage dir das nicht,um Rechte
722 1684 1446 1839 geltend zu machen.
729 1728 2477 1969 Verlobt, das ist ein hohes Wort. (Ich will den
727 1954 1257 2114 Grund wissen.
759 2006 2664 2239 Ejne geliebte Frau verlassen,ein junges Mädchen,
732 2214 1603 2369 das man verführt hat-
736 2315 2705 2507 Es ist schlimner ein junges Mädchen allein auf der
1544 2421 1949 2568 die h di¬
729 2497 1365 2649 Welt zu lassen.
739 2546 2568 2794 Richerd:Sind deine Fragenernstz./ Judul Z
744 2688 2575 2870 Weisst du nicht, dass ich schuld bin an Franzis
741 2899 928 3039 Tod2
756 2934 1790 3123 Ich bin deiner nicht merk.
736 3069 2293 3243 Mathilde: das kenn nur ich entschelden.
741 3221 2047 3415 Ich spreche dich keineswegs frei.
