<?xml version="1.0" encoding="UTF-8" standalone="yes"?>
<PcGts xmlns="http://schema.primaresearch.org/PAGE/gts/pagecontent/2013-07-15" xmlns:xsi="http://www.w3.org/2001/XMLSchema-instance" xsi:schemaLocation="http://schema.primaresearch.org/PAGE/gts/pagecontent/2013-07-15 http://schema.primaresearch.org/PAGE/gts/pagecontent/2013-07-15/pagecontent.xsd">
    <Metadata>
        <Creator>prov=READ-COOP:name=PyLaia@TranskribusPlatform:version=2.7.0:model_id=50870:lm=none:date=22_01_2024_16:23</Creator>
        <Created>2023-09-27T14:32:14.827+02:00</Created>
        <LastChange>2024-01-22T16:23:59.404+01:00</LastChange>
        <TranskribusMetadata docId="1589028" pageId="60121693" pageNr="21" tsid="145623480" status="IN_PROGRESS" userId="40391" imgUrl="https://files.transkribus.eu/Get?id=OOPUEILQVZZKTVXEBRIEBIEZ&amp;fileType=view" xmlUrl="https://files.transkribus.eu/Get?id=WVXGTKARKXMGTNWDCAGTYCIY" imageId="48546772"/>
    </Metadata>
    <Page imageFilename="1589028_0021.jpg" imageWidth="2824" imageHeight="3384">
        <ReadingOrder>
            <OrderedGroup id="ro_1711795517850" caption="Regions reading order">
                <RegionRefIndexed index="0" regionRef="tr_1"/>
            </OrderedGroup>
        </ReadingOrder>
        <TextRegion orientation="0.0" id="tr_1" custom="readingOrder {index:0;}">
            <Coords points="596,208 596,2982 2658,2982 2658,208"/>
            <TextLine id="tr_1_tl_1" custom="readingOrder {index:0;}">
                <Coords points="1404,271 1461,281 1485,266 1498,274 1515,264 1532,269 1535,195 1518,195 1503,207 1483,202 1478,195 1431,212 1406,207"/>
                <Baseline points="1417,259 1447,256 1478,254 1508,253 1539,253"/>
                <TextEquiv>
                    <Unicode>At.</Unicode>
                </TextEquiv>
            </TextLine>
            <TextLine id="tr_1_tl_2" custom="readingOrder {index:1;}">
                <Coords points="1091,412 1138,429 1177,417 1271,432 1286,419 1325,429 1355,415 1414,434 1443,427 1446,358 1416,360 1379,336 1350,343 1308,306 1268,308 1246,331 1216,318 1189,333 1128,291 1091,299"/>
                <Baseline points="1104,408 1130,410 1157,410 1183,408 1210,406 1237,405 1263,405 1290,404 1316,402 1343,404 1370,406 1396,407 1423,406 1450,402"/>
                <TextEquiv>
                    <Unicode>he Trieul</Unicode>
                </TextEquiv>
            </TextLine>
            <TextLine id="tr_1_tl_3" custom="readingOrder {index:2;}">
                <Coords points="661,481 1547,501 1614,563 1705,503 1996,531 1994,474 1937,444 1764,412 1478,447 659,412"/>
                <Baseline points="674,474 740,475 806,474 872,478 939,480 1005,481 1071,483 1137,481 1204,486 1270,486 1336,486 1402,488 1469,492 1535,495 1601,497 1667,496 1734,498 1800,498 1866,500 1932,505 1999,510"/>
                <TextEquiv>
                    <Unicode>Dögelmann: Da musg ich jg lachen.-</Unicode>
                </TextEquiv>
            </TextLine>
            <TextLine id="tr_1_tl_4" custom="readingOrder {index:3;}">
                <Coords points="1320,570 1387,565 1399,572 1431,563 1456,577 1493,570 1510,580 1535,565 1557,568 1555,501 1537,508 1518,501 1493,518 1456,503 1439,523 1414,503 1394,511 1374,498 1347,511 1318,511"/>
                <Baseline points="1333,552 1358,555 1384,558 1409,558 1435,559 1460,560 1486,561 1511,561 1537,559 1563,558"/>
                <TextEquiv>
                    <Unicode>sie hat</Unicode>
                </TextEquiv>
            </TextLine>
            <TextLine id="tr_1_tl_5" custom="readingOrder {index:4;}">
                <Coords points="646,656 994,669 1147,622 1480,664 1621,622 2490,683 2487,577 2416,558 1631,590 644,548"/>
                <Baseline points="659,614 750,608 842,605 934,608 1026,610 1117,609 1209,614 1301,617 1393,618 1484,620 1576,620 1668,626 1760,628 1851,629 1943,632 2035,632 2127,632 2218,635 2310,635 2402,638 2494,635"/>
                <TextEquiv>
                    <Unicode>Tregulein: Auch wenn eie AxxxhxxahxxhXX</Unicode>
                </TextEquiv>
            </TextLine>
            <TextLine id="tr_1_tl_6" custom="readingOrder {index:5;}">
                <Coords points="642,770 1039,748 1300,807 1439,760 2356,787 2354,718 2120,671 1732,706 1675,674 1552,718 1493,674 642,686"/>
                <Baseline points="656,731 741,734 826,734 912,736 997,739 1082,742 1168,743 1253,744 1338,741 1424,746 1509,749 1594,752 1680,754 1765,754 1850,754 1936,759 2021,760 2106,762 2192,765 2277,763 2363,766"/>
                <TextEquiv>
                    <Unicode>HenxxFxEst, sich nicht von dir in den</Unicode>
                </TextEquiv>
            </TextLine>
            <TextLine id="tr_1_tl_7" custom="readingOrder {index:6;}">
                <Coords points="646,883 1147,901 1266,873 1461,906 1527,888 1525,797 1490,782 1414,836 1234,795 1103,827 1049,799 967,822 644,795"/>
                <Baseline points="659,856 702,856 746,859 790,859 833,862 877,865 921,865 964,867 1008,868 1052,868 1096,868 1139,870 1183,871 1227,873 1270,874 1314,874 1358,874 1401,874 1445,874 1489,877 1533,886"/>
                <TextEquiv>
                    <Unicode>Hintern zwicken lässt.</Unicode>
                </TextEquiv>
            </TextLine>
            <TextLine id="tr_1_tl_8" custom="readingOrder {index:7;}">
                <Coords points="2329,901 2381,896 2421,913 2450,908 2475,925 2509,903 2591,903 2588,844 2559,846 2537,832 2490,856 2430,834 2418,846 2403,836 2391,849 2364,834 2327,851"/>
                <Baseline points="2342,895 2367,895 2392,895 2418,897 2443,898 2469,898 2494,898 2519,898 2545,898 2570,898 2596,898"/>
                <TextEquiv>
                    <Unicode>Sollet d.</Unicode>
                </TextEquiv>
            </TextLine>
            <TextLine id="tr_1_tl_9" custom="readingOrder {index:8;}">
                <Coords points="2097,1002 2137,992 2228,1036 2263,1024 2295,1034 2381,965 2423,982 2435,970 2497,975 2497,928 2381,893 2300,915 2258,898 2233,913 2159,881 2097,911"/>
                <Baseline points="2112,951 2138,951 2164,951 2190,951 2216,952 2242,954 2268,955 2294,957 2320,955 2346,954 2372,954 2398,955 2424,957 2450,955 2476,955 2503,960"/>
                <TextEquiv>
                    <Unicode>Aezol ( d. 2.</Unicode>
                </TextEquiv>
            </TextLine>
            <TextLine id="tr_1_tl_10" custom="readingOrder {index:9;}">
                <Coords points="639,1034 1231,1059 1362,1004 1996,1051 2080,1036 2080,952 1690,972 1298,923 1068,962 935,908 637,920"/>
                <Baseline points="653,987 724,987 796,990 867,992 939,991 1011,993 1082,993 1154,997 1225,1001 1297,1003 1369,1005 1440,1003 1512,1006 1583,1008 1655,1008 1727,1008 1798,1011 1870,1018 1941,1022 2013,1024 2085,1029"/>
                <TextEquiv>
                    <Unicode>Dögelmann: Ruhir, vierzehnter Eunuch.</Unicode>
                </TextEquiv>
            </TextLine>
            <TextLine id="tr_1_tl_11" custom="readingOrder {index:10;}">
                <Coords points="1466,1078 1490,1081 1498,1073 1518,1083 1527,1073 1550,1078 1572,1068 1592,1091 1604,1091 1609,1017 1579,1024 1557,1039 1547,1034 1537,1039 1527,1036 1510,1014 1488,1019 1471,1014"/>
                <Baseline points="1480,1074 1506,1072 1532,1070 1558,1069 1584,1067 1611,1065"/>
                <TextEquiv>
                    <Unicode>t</Unicode>
                </TextEquiv>
            </TextLine>
            <TextLine id="tr_1_tl_12" custom="readingOrder {index:11;}">
                <Coords points="642,1145 1140,1128 1295,1170 1443,1130 1666,1142 1752,1194 1905,1142 2512,1175 2509,1105 2240,1068 1888,1091 1747,1049 1448,1096 1261,1041 1096,1091 1009,1041 854,1081 639,1034"/>
                <Baseline points="656,1110 753,1111 851,1117 949,1116 1047,1124 1145,1122 1243,1125 1340,1128 1438,1128 1536,1130 1634,1130 1732,1136 1830,1140 1927,1143 2025,1142 2123,1144 2221,1142 2319,1148 2417,1150 2515,1148"/>
                <TextEquiv>
                    <Unicode>Gregor: (Eine hübsche Person,Aber was man bisher</Unicode>
                </TextEquiv>
            </TextLine>
            <TextLine id="tr_1_tl_13" custom="readingOrder {index:12;}">
                <Coords points="1431,1199 1712,1207 1712,1150 1661,1145 1643,1155 1616,1142 1604,1150 1592,1138 1564,1142 1527,1167 1468,1140 1431,1138"/>
                <Baseline points="1444,1196 1471,1195 1498,1196 1525,1196 1552,1197 1579,1199 1606,1199 1633,1199 1660,1197 1687,1195 1715,1193"/>
                <TextEquiv>
                    <Unicode>zu Karl.</Unicode>
                </TextEquiv>
            </TextLine>
            <TextLine id="tr_1_tl_14" custom="readingOrder {index:13;}">
                <Coords points="642,1249 1352,1263 1493,1325 1604,1271 1789,1315 2129,1283 2233,1323 2418,1291 2416,1214 2329,1170 2004,1253 1754,1199 1416,1231 1342,1189 639,1182"/>
                <Baseline points="656,1241 744,1244 832,1247 921,1250 1009,1247 1097,1250 1186,1256 1274,1256 1362,1256 1451,1255 1539,1261 1627,1263 1716,1264 1804,1268 1892,1272 1981,1273 2069,1274 2157,1279 2246,1280 2334,1280 2423,1280"/>
                <TextEquiv>
                    <Unicode>von ihr geselen hat - Und übrigens spieltseie</Unicode>
                </TextEquiv>
            </TextLine>
            <TextLine id="tr_1_tl_15" custom="readingOrder {index:14;}">
                <Coords points="639,1384 876,1377 1007,1419 1170,1384 1283,1421 1384,1406 1382,1337 1167,1305 1081,1340 799,1300 639,1335"/>
                <Baseline points="653,1369 689,1369 726,1369 763,1370 800,1373 837,1375 874,1375 910,1377 947,1376 984,1375 1021,1376 1058,1378 1095,1378 1132,1380 1168,1381 1205,1383 1242,1387 1279,1390 1316,1390 1353,1392 1390,1396"/>
                <TextEquiv>
                    <Unicode>schon indem Stück.</Unicode>
                </TextEquiv>
            </TextLine>
            <TextLine id="tr_1_tl_16" custom="readingOrder {index:15;}">
                <Coords points="624,1527 2408,1564 2406,1505 2137,1456 2016,1488 1777,1436 1705,1480 1103,1421 1036,1468 827,1424 622,1443"/>
                <Baseline points="638,1498 726,1501 815,1501 903,1501 992,1506 1081,1506 1169,1506 1258,1506 1347,1512 1435,1512 1524,1514 1613,1520 1701,1521 1790,1520 1879,1527 1967,1525 2056,1527 2145,1528 2233,1533 2322,1537 2411,1542"/>
                <TextEquiv>
                    <Unicode>xtoker Karl? Die Emmi liesse sich umberetzen.</Unicode>
                </TextEquiv>
            </TextLine>
            <TextLine id="tr_1_tl_17" custom="readingOrder {index:16;}">
                <Coords points="622,1678 871,1678 975,1638 1044,1668 1463,1675 1468,1545 1320,1540 1256,1594 1160,1611 960,1562 881,1594 617,1552"/>
                <Baseline points="632,1617 674,1623 716,1626 758,1626 801,1628 843,1631 885,1630 927,1629 970,1629 1012,1629 1054,1630 1096,1634 1139,1639 1181,1642 1223,1644 1265,1644 1308,1644 1350,1644 1392,1644 1434,1644 1477,1647"/>
                <TextEquiv>
                    <Unicode>Gregor: Augen hot -18</Unicode>
                </TextEquiv>
            </TextLine>
            <TextLine id="tr_1_tl_18" custom="readingOrder {index:17;}">
                <Coords points="614,1774 1786,1786 1784,1740 1579,1693 1522,1740 1261,1722 1115,1648 1024,1703 901,1668 775,1717 612,1705"/>
                <Baseline points="629,1742 687,1744 745,1748 803,1756 861,1757 919,1758 977,1760 1035,1760 1093,1756 1151,1762 1209,1763 1267,1764 1325,1764 1383,1766 1441,1769 1499,1769 1557,1771 1615,1775 1673,1776 1731,1780 1790,1781"/>
                <TextEquiv>
                    <Unicode>tregulein Thlemperte Augen.</Unicode>
                </TextEquiv>
            </TextLine>
            <TextLine id="tr_1_tl_19" custom="readingOrder {index:18;}">
                <Coords points="2164,1868 2280,1873 2344,1838 2403,1868 2497,1885 2546,1870 2630,1898 2655,1885 2650,1772 2522,1791 2418,1774 2361,1816 2317,1819 2233,1782 2159,1791"/>
                <Baseline points="2175,1844 2200,1844 2225,1844 2251,1846 2276,1846 2302,1844 2327,1845 2352,1847 2378,1849 2403,1851 2429,1854 2454,1857 2480,1858 2505,1860 2530,1862 2556,1864 2581,1865 2607,1865 2632,1865 2658,1865"/>
                <TextEquiv>
                    <Unicode>Wei cllt dan</Unicode>
                </TextEquiv>
            </TextLine>
            <TextLine id="tr_1_tl_20" custom="readingOrder {index:19;}">
                <Coords points="624,1947 797,1952 980,1893 1170,1935 1229,1902 1779,1949 1848,1912 2406,1935 2403,1865 2352,1838 1994,1878 1328,1814 1123,1858 911,1762 619,1769"/>
                <Baseline points="635,1880 723,1880 812,1882 901,1885 990,1885 1079,1888 1167,1891 1256,1891 1345,1891 1434,1897 1523,1900 1611,1903 1700,1905 1789,1906 1878,1909 1967,1907 2055,1909 2144,1906 2233,1904 2322,1908 2411,1912"/>
                <TextEquiv>
                    <Unicode>KariSWarten wir die morgige Trobe ab, we den</Unicode>
                </TextEquiv>
            </TextLine>
            <TextLine id="tr_1_tl_21" custom="readingOrder {index:20;}">
                <Coords points="906,1969 1012,1976 1029,1962 1063,1969 1076,1962 1105,1986 1120,1974 1150,1976 1150,1910 1113,1902 1068,1893 994,1907 977,1898 906,1927"/>
                <Baseline points="919,1963 945,1963 971,1963 997,1963 1023,1963 1049,1961 1075,1960 1101,1960 1127,1960 1154,1960"/>
                <TextEquiv>
                    <Unicode>t. T g</Unicode>
                </TextEquiv>
            </TextLine>
            <TextLine id="tr_1_tl_22" custom="readingOrder {index:21;}">
                <Coords points="602,2073 985,2083 1125,2016 1219,2065 1286,2026 1335,2068 1545,2078 1880,2036 2278,2085 2514,2055 2512,1996 2460,1976 2097,1999 1890,1937 1616,1996 1039,1959 999,1989 597,1925"/>
                <Baseline points="614,2008 709,2011 804,2012 900,2014 995,2017 1090,2015 1186,2019 1281,2023 1376,2026 1472,2029 1567,2032 1662,2032 1758,2034 1853,2035 1948,2041 2044,2044 2139,2044 2234,2047 2330,2048 2425,2050 2521,2044"/>
                <TextEquiv>
                    <Unicode>Dr-Brkun: Oh sie überhaupt auf die lrobe morgen</Unicode>
                </TextEquiv>
            </TextLine>
            <TextLine id="tr_1_tl_23" custom="readingOrder {index:22;}">
                <Coords points="605,2189 637,2191 664,2174 711,2189 745,2166 785,2176 807,2162 836,2169 873,2159 873,2107 827,2100 799,2083 725,2100 676,2095 649,2080 605,2090"/>
                <Baseline points="617,2136 643,2138 669,2139 695,2139 722,2139 748,2139 774,2139 801,2139 827,2137 853,2137 880,2139"/>
                <TextEquiv>
                    <Unicode>kommt-</Unicode>
                </TextEquiv>
            </TextLine>
            <TextLine id="tr_1_tl_24" custom="readingOrder {index:23;}">
                <Coords points="600,2310 767,2327 903,2275 1293,2285 1377,2324 1456,2292 2438,2327 2438,2253 1552,2253 1150,2186 1039,2223 597,2189"/>
                <Baseline points="614,2258 705,2264 797,2267 888,2273 980,2271 1071,2277 1163,2280 1254,2281 1346,2282 1437,2284 1529,2285 1620,2289 1712,2288 1803,2291 1895,2293 1986,2297 2078,2303 2169,2302 2261,2303 2352,2306 2444,2306"/>
                <TextEquiv>
                    <Unicode>John: (zu Gregor) Und in der Erscheinung möchte</Unicode>
                </TextEquiv>
            </TextLine>
            <TextLine id="tr_1_tl_25" custom="readingOrder {index:24;}">
                <Coords points="607,2411 893,2406 1093,2460 1345,2416 1488,2455 1870,2445 1868,2376 1471,2374 1150,2290 903,2275 743,2347 605,2332"/>
                <Baseline points="617,2396 680,2397 743,2399 806,2400 869,2402 932,2402 995,2402 1058,2405 1121,2408 1184,2408 1247,2411 1310,2412 1373,2414 1436,2418 1499,2422 1562,2423 1625,2428 1688,2429 1751,2427 1814,2431 1877,2435"/>
                <TextEquiv>
                    <Unicode>ste Tiet Teeser zu Ihnen passen.</Unicode>
                </TextEquiv>
            </TextLine>
            <TextLine id="tr_1_tl_26" custom="readingOrder {index:25;}">
                <Coords points="2159,2534 2221,2522 2312,2571 2366,2561 2416,2586 2490,2574 2532,2539 2608,2544 2608,2393 2588,2386 2455,2398 2426,2428 2398,2418 2379,2433 2319,2435 2253,2406 2159,2423"/>
                <Baseline points="2172,2512 2198,2512 2224,2511 2250,2509 2276,2509 2302,2509 2328,2507 2354,2507 2380,2508 2406,2510 2432,2512 2458,2512 2484,2512 2510,2512 2536,2511 2562,2509 2588,2509 2614,2509"/>
                <TextEquiv>
                    <Unicode>Terelschm</Unicode>
                </TextEquiv>
            </TextLine>
            <TextLine id="tr_1_tl_27" custom="readingOrder {index:26;}">
                <Coords points="587,2532 1527,2564 1525,2453 1498,2448 1362,2490 1041,2485 999,2455 587,2487"/>
                <Baseline points="602,2518 648,2521 695,2521 741,2527 788,2527 834,2529 881,2528 927,2530 974,2530 1020,2531 1067,2533 1114,2534 1160,2537 1207,2537 1253,2539 1300,2538 1346,2538 1393,2541 1439,2542 1486,2540 1533,2533"/>
                <TextEquiv>
                    <Unicode>Gregor: (zerstreut) Her?</Unicode>
                </TextEquiv>
            </TextLine>
            <TextLine id="tr_1_tl_28" custom="readingOrder {index:27;}">
                <Coords points="600,2697 1357,2670 2043,2709 2041,2640 1680,2576 1572,2630 597,2586"/>
                <Baseline points="611,2649 686,2650 762,2653 838,2652 913,2657 989,2662 1065,2664 1141,2664 1216,2669 1292,2667 1368,2667 1444,2670 1519,2670 1595,2673 1671,2673 1747,2678 1822,2679 1898,2684 1974,2689 2050,2697"/>
                <TextEquiv>
                    <Unicode>John: Die Eriesel. Und auch im Aiter.</Unicode>
                </TextEquiv>
            </TextLine>
            <TextLine id="tr_1_tl_29" custom="readingOrder {index:28;}">
                <Coords points="592,2818 1527,2862 1604,2815 2359,2825 2356,2781 2263,2749 2021,2781 1762,2724 1629,2759 1498,2719 1244,2756 1167,2712 592,2724"/>
                <Baseline points="605,2784 693,2784 781,2787 869,2787 957,2790 1045,2795 1133,2793 1221,2798 1309,2799 1397,2801 1485,2803 1573,2805 1661,2804 1749,2805 1837,2810 1925,2812 2013,2815 2101,2814 2189,2820 2277,2818 2366,2828"/>
                <TextEquiv>
                    <Unicode>Erggor: (ganz ernsthaft( 1« ist nur so schwer</Unicode>
                </TextEquiv>
            </TextLine>
            <TextLine id="tr_1_tl_30" custom="readingOrder {index:29;}">
                <Coords points="582,2939 980,2922 1056,2973 1823,2946 2048,3000 2389,2961 2539,3045 2561,2875 1836,2899 1448,2843 982,2885 580,2838"/>
                <Baseline points="596,2912 694,2914 793,2915 891,2920 990,2921 1089,2924 1187,2927 1286,2930 1385,2932 1483,2930 1582,2936 1681,2936 1779,2939 1878,2939 1977,2942 2075,2945 2174,2948 2273,2952 2371,2956 2470,2960 2569,2957"/>
                <TextEquiv>
                    <Unicode>mit einer zu spielen + mit der man kein Verhältnis</Unicode>
                </TextEquiv>
            </TextLine>
            <TextEquiv>
                <Unicode></Unicode>
            </TextEquiv>
        </TextRegion>
    </Page>
</PcGts>
