3096 3656
324 1179 715 1367 Ich will uit
345 1328 647 1463 ihr mndit
328 1437 529 1538 strant
331 1512 679 1642 We het posse
333 1613 526 1732 Rech
739 686 2659 889 Du hast sie nicht verführt. Sie hat einem Andern
761 869 2181 1007 geschworen, dass sie sich töten wird.
741 997 2335 1174 Sie war bereit einem Dritten zu gehören.
756 1157 2611 1311 Richard: Hätte ich den Brief nicht geschrieben,
756 1321 1852 1468 so lebte sie noch heute. --
749 1410 2685 1620 Meine Liebe ist heute stärker als sie jemals war.
753 1565 2251 1744 Mathilde: Und mein Gefühl für dich -)
751 1719 2577 1901 Ich fühle mich der Töten zum mindesten gleich-
766 1831 1198 2000 berechtigt.
761 1992 2347 2164 Ich überlaese dich ihr nicht ohne Kampf.
756 2120 1932 2273 Es wäre eine Feigheit von mir.
744 2224 2326 2446 Du bist ein Mensch, eif junger Mensch.)
753 2405 2574 2553 Ich glaube nicht, dass wir durch das Nichtmehr-
751 2521 2538 2681 dasein, durch einen Schlaf, aus dem man nicht
749 2714 2442 2799 wieder erwacht, irgend etwas gutmachen kann.
741 2826 2446 2954 Wenn du sühnen willst ist es doch immer nur
746 2956 2531 3089 durch das Leben möglich. Es wäre jämmerlich,
741 3077 2550 3202 wenn du Helenen und deinem Vater das antätest.
741 3214 1937 3422 von wir spreche ich gar nicht.
