2808 3368
1694 163 1942 329 Ugel
1784 273 1930 404 D.
601 402 2507 611 John: IEr werdetf doch noch andere für die Kolle
589 591 1441 708 haben als die Roveda.
752 662 881 730 Nach
589 684 2453 862 Kiehard: Nie stellen Sie sich das vor) vier Inge
604 820 1309 937 vor der Première?
601 918 2497 1110 Dögelmann: (s. ist doch überhaupt keine da. (bmmt
604 1073 1915 1210 keine in Betracht von den Andern.)
599 1207 2137 1319 Rinkerd: Ich würste auch absolut keine.
616 1312 2470 1489 John: Schon sus prinzipielien Gründen nüest man
611 1441 1966 1562 in einem solchen Fall umbesetzen.?
1828 1509 2193 1623 di Rorda
604 1570 2558 1726 Karl Zern: (zu Braun) Machen ie ale gesund, Doktors
604 1723 2448 1867 Drezulein: Aber ein Therterarzt ist docl nicht
1910 1791 2249 1906 Criftelt
611 1855 2499 1991 zum Gsundmaclen da;sondern nur regen Frankheits-
611 1991 1068 2112 zeugnissen.
611 2071 2485 2232 John: Ee vär sicher manche dafand noch. dazu jün-
618 2217 2176 2361 gere als meine Exgemahlin. Die Bauer --
625 2329 1738 2509 edn aber. Aisedm
613 2497 1524 2631 John: Oder die Friesel.
608 2619 1601 2738 Fichara: (: ird aufmerksam)
613 2711 2521 2916 Pregulein: Dac nur vielleicht-die Einzige, die in
604 2857 2032 3071 Betracht käme.). Huh1 i in geruseli
1711 2994 2288 3140 et en het
