3096 3640
768 635 1121 781 9. Biid.,
796 773 1244 955 Bei Ludnig.
791 884 2816 1106 vielleichf ein Gespräch Antoinette-Helene-Mathilde.
791 1043 2743 1257 oder ein Gespräch zwischen Ludwig und Antoinette.
803 1174 2274 1335 Entoinette. leidest du nicht darunter?
788 1282 2753 1486 Hichard ist fortgereist, als wenn er der Schuldige
809 1501 1033 1589 wäre.
809 1627 2806 1869 Richard: Es wird nicht gut, ehe wir diese Sache er-
821 1856 1365 1990 ledigt haben.
831 1924 2745 2126 Eine Auseinandersetzung zwischen Richard und Lud-
824 2146 1005 2257 wäg.
824 2211 2030 2395 Richard, Ludwig und Karl Pern.
829 2312 2705 2509 Karl Bern findet, dass sich beide lächerlich ma-
816 2453 2826 2655 chen. In Wirklichkeit hat sie sich ja wegen Gr-got
846 2630 1262 2771 umgebracht.
