3128 3576
2391 261 2542 361 200
841 412 1384 563 nen so seine
1936 379 2775 512 Leuntese zu Künstiert
1174 560 1302 665 ecke
1859 547 2005 680 a
895 583 1038 685 chen
1248 668 1478 811 Berun
1867 627 2790 775 +denn so fürchterlicht
1987 824 2757 1005 nichte nehr missen
1829 1000 2795 1182 den  n an te
1212 1074 1491 1207 ven
1568 1128 2555 1309 efsescen nachen leder.
990 1171 1483 1327 dien et
1995 1284 2729 1437 Serenspielern ein
1215 1266 1744 1450 zilnecht rrec
862 1396 2795 1598 leichet sie murneln und lachen lenter ale Früher
872 1527 2887 1770 vee Fedor und Kamit epresten geht ein parr Gekunden.
867 1685 1136 1823 unter
859 1742 2816 1980 Gregor: (als Fedorl Nun, und an Ende der Felt bist
867 1939 2772 2107 du dann eine Andere? Eibt es dann keinen mehr,
877 2036 2895 2245 der sich erinnern darf. Es ist am Ende der Welt wie
875 2153 2910 2358 hier und es gibt keinen Kuss.keusch genug und keine
887 2315 2941 2486 Umarmung glühend genug, und keine liebe. ewig genug, um
887 2435 2795 2642 die alten Küsse und die alte Liebe auszulöschen.
890 2555 2862 2783 Was war, ist, das Ist der tiefe Sinn des Gesstehens,
887 2678 2870 2910 Karl Berni tzu Dregutethl Narum schreft er dennso
