3096 3672
2244 487 2407 638 228
732 678 2486 934 Recht seine Tote konnen wir nicht aufnecken.
750 783 2582 1046 eine Aukunft konnen mir nicht vorhersehen(uir
760 939 2633 1158 können auch nicht wiesen,was vor Gott das Rich-
767 1083 2589 1272 tige ist. Auch alleisäu von Abgeschmacktheit,
769 1177 2645 1391 Unwürde gesagt hart lase ich gelten. Eicher ist
767 1330 2526 1528 nur eine, dass ich Anget hab um Richard - und
783 1454 2565 1654 dunkz du auch-und dass Ich spüre-und du mich-
792 1591 2533 1792 du käunst ihn wieder gesund machen - wenn es
790 1773 1535 1957 nicht zu spät ist.
958 1892 2351 2092 Zusollettie allen Bebe!
1130 2034 1647 2239 wel fort.
843 2120 2078 2351 Oele mehlut de pris hert
715 2283 1757 2507 Montdelles hin.
