2867 3736
2210 638 2358 745 ﻿218
1270 840 1802 985 Deuntes Bild.
615 940 2042 1150 bei der Baronin,nie im aueten bild.
612 1138 1135 1260 Baronin, Leni.
612 1205 2560 1430 Baronin: Aleo morgen Früh geben Sie diese Annonce
615 1422 805 1508 auf.
615 1470 1345 1635 tent: Gotiseldank.
622 1605 2552 1798 Baronin: lechlittelt den Kopf) Das kann Ihnen doch
620 1788 1358 1915 gleichgültig sein.
995 1870 1332 1960 were dee
625 1888 2540 2088 Leni: (Aber gar nicht, Frau Baronin. Dazu ist doch
1660 1988 1945 2082 dassein
625 2008 2550 2170 die schöne Wohnung nicht da ...Und dann-)ich hab
638 2140 2588 2302 doch immer Angst gehabt, dass sich der Herr Dok--
628 2270 2518 2428 tor einmal was antut - jeden Abend allein bie.-
622 2398 2628 2580 Mitternacht - mir ist sowas noch nicht vorgekommen
642 2582 1005 2755 I4lingel1
652 2662 2432 2825 Baronin: Gehen Sie nur aufmachen. Das ist die
640 2795 2368 3005 junge Dame, die schon neulich hier war - die
632 2935 1700 3095 Schwester vom Herrn Doktor!
638 3075 2400 3222 Leni: (rasch ab und wieder herein) Zwei Damen
625 3225 1445 3430 einos. frau derontn.
