3080 3544
2441 396 2598 528 228
840 553 2598 708 einer Probe möglich wärez Sie war doch schon
840 680 1432 857 ganz studiert?
854 767 2728 984 Lobiein: Ich würde nicht raten. Ee würde auch
1789 889 2137 969 rurlicim
852 899 2673 1119 .. Dae Publikum konnte es als. Pietätlosigkeit
852 1079 1271 1226 auffäesen.
852 1166 2710 1373 Baron: Sind mir in diesem Fall (zur Pietät ver-
850 1320 1774 1500 pflichtet? Ein Sonntag!
850 1423 2586 1639 Esblein:/Man würde es gegen das Theater aus-
2434 1594 2638 1709 e pest.
850 1582 1186 1746 nutzen.)
867 1657 2738 1816 paron: Sie haben vielleicht recht,aber was mor-
852 1766 2469 1908 sgenz(Vielleicht/Raub der Sabinerinnen“.
854 1896 2554 2003 Karl Dern und Fichard kommen jetzt heraus.
877 1988 2877 2190 Helene bringt ihren Vater dazu eich mit Frau Reith
1634 2105 2033 2232 Trit Mie
887 2167 1465 2302 zu entfernen.
1667 2212 1809 2307 ver
887 2180 2815 2449 Koreda: (zu Gregorl Der Tod ist ein Rlenent, gegen
879 2399 2439 2556 das sich nichts dagen idest. (sie gehtl:
887 2519 2603 2698 Drefgulein und Fregor kommen dann irgendwie
897 2691 1285 2808 zusammen.
897 2778 2745 2960 Karl Bern(au Scheral Ioh nehme die Schald auf.
1669 2927 2232 3049 Wechen der
897 2945 1173 3087 rich.
899 3024 2304 3221 Richerd: Und nenn. Das ist Theorie.
932 3127 2658 3328 tüdn. kommt.. Sie bitch schnns setet
