3080 3672
2448 418 2609 601 228
733 599 2136 819 Richard: War'ewir um Dänk zu tunf
735 775 1552 938 Helene: Um was alsof
745 842 2458 1044 Richard; Ich habe eine so exakte Schwester.
733 988 2559 1210 Delene:Ich bin so sxäkt, dass ich keinen Herrn
747 1153 1634 1297 zum Bruder haben will.)
752 1272 1718 1445 Richard:(will erwidernl.
735 1396 2502 1609 Heiene: Ach, lases mich nur reden. Wenn du ihr
747 1532 2448 1725 gleich gefolgt wärst - ja;in-den Tod - ich
747 1646 2621 1832 glaube, der Gedanke wäre erträglich geworden mit
750 1789 2604 1978 der Zeit. Aber uneinnigshäeslich det, was du in
755 1906 2675 2114 dieger Zeit getrieben hast (und was du etwa noch
750 2059 2572 2255 tun willst. Fühlet du dich schuldigt Nun, wenn
757 2180 2633 2349 au es so fühlst ist geganz richtig und vernünf-
755 2317 2606 2490 tig, dass du etwas rühnen willstfAber eoll das
757 2443 2718 2601 Buhne sein, dass du Abend für Abend hieher kommst,
767 2599 2760 2760 wo du mit ihr wahrecheinlich sehr glücklich warst,
767 2715 2750 2856 und deinen traurigen Gedanken nachhängett Sie sei-
772 2844 1859 3027 ber par es nicht zufrieden.
772 2972 2698 3148 Rioherd, Sie wirden noch leben, wehn ich nicht so
765 3096 2346 3302 teig gewegen wäre, so etwelig,so eitel.
