3080 3656
2015 685 2470 875 eine andere
640 712 2030 912 der kann kann eich auch auf irgend
2052 865 2515 990 erwachen
648 868 2162 1055 Weise ldeen. Er kann aue diesen Tagen
655 1020 1735 1162 wie aus einem bdeen Traum.
655 1125 2508 1350 Vethilde (Undser wird schon irgend eine konmen,
655 1288 1418 1420 die ihn wach küpft.
1662 1312 1862 1442 Auch
1075 1372 1450 1462 auchtes mare
658 1375 2482 1548 Helene: Alles möglich. Und auch du wiret viel-
662 1505 2520 1710 leloht (ganz vernünftig werden, und ihn vergessen
660 1650 2565 1798 und einen Andern lieb haben und einen andern hei-
672 1778 2452 1948 raten - all das ist möglich, -wahrscheinlich
670 1932 2628 2108 sogar. Aber (in diesen Augenblink)bleibt es immer-
658 2042 2435 2200 hin zu bedenken, dass ee ganz anders aufgehen
668 2182 912 2330 kann.
1342 2205 1805 2348 Morken
672 2295 2612 2475 vethilge; Ich kain keinerwegs irgendetnes andern.
675 2430 2505 2608 ioh bin nichte für ihn, ich war nichts für ihn.
678 2532 2498 2728 Lenkermentenrankhender Weisst du nichte mehrz
682 2652 2545 2872 Redene: lohnelss alles, Per hat nie eine Andere
688 2825 1842 2988 geliebt als dich.. d 4.I.
678 2940 1480 3118 Vechilde:lacht aufl
688 3098 2700 3290 Relene: doh, dass ir so nenig Vorte gibt. Also, eush
672 3208 1735 3405 Andere hat er gellebt, gut.
