3096 3592
2498 269 2653 440 238
1981 361 2115 480 ide
823 430 2648 630 Einer von den Nartenden: Die ist sa ohnm채chtig
820 617 1258 744 geworden.
820 667 2614 847 Einige Arbeiter oder, Theaterdiener sehr eilig
881 807 1514 884 denit die Tui uns
823 818 1983 952 aus dem B체hneneingang heraus.
1780 852 2780 1010 Ihlunt t te. St. Cl. de te
823 955 2659 1139 Erentuell ein Reporter, den der Portier zueret
2403 1021 2878 1134 lie hicum cilot
815 1087 2941 1284 abweist, aber dann doch hineinl채est. 1h.1f Rich le7,
847 1250 1511 1390 Fregulein kommt.
831 1356 2619 1538 Richard: Was ist denn geschehen? hat sich das
833 1519 2076 1646 Fraule in Friesel schon erholt?.
836 1590 2798 1791 Dregulein: Ich glaube, das wird nicht so geschmind
831 1749 1978 1920 geken. 1beide mehr nach rorn.
826 1899 1854 2055 Richard:(wird dringenderl
836 1986 2471 2194 Dregulein: (0, jetzt versteh ich) Also Sie?
839 2131 2537 2318 Richard: Was ist geschehen? keine Ohnmacht.
839 2276 2677 2456 Mhichard laset sich nicht aufhalten und st체rzt
833 2442 1142 2582 hineinl
841 2537 2326 2672 Einige Schauspieler, Statisten heraus.
815 2643 2511 2825 Die Bewegung teilt sich den Martendenmit.
847 2780 2672 2980 Indwig: (kommt von links, unruhig, aber ohne Ent-
847 2957 1248 3118 schlase.!
