3080 3656
2419 462 2591 622 219
907 574 2038 758 Barontn: (schuttelt den Kopfl
912 689 2507 890 Lent: Freilich,da weise man auch nicht-
914 852 2601 1065 Baronin: Da weise ich schon. Da hab ich sa
924 1034 1601 1165 auch die Adresse.
2548 1029 2771 1182 peler.
916 1110 2715 1337 Leni: Ich konnt ihn vielleicht den Herrnshin-
921 1306 1220 1419 tragen.
919 1345 2541 1565 Daxonin: Ner weise, ob ihm das recht war!
921 1498 2756 1735 Lent: Ja, da hätt) er sich ihn schon selber ab-
926 1653 1225 1811 Scholt.
924 1730 2816 1971 Beronin: Er iet vielleicht das Bestel-(zum Oferge
926 1881 2833 2062 dann wieder zurück, öfinet eine Lade des Schreib-
935 2055 2694 2220 tisches und gibt ihn tinein) Vielleicht holt
933 2192 2103 2311 sicl ihn das Fräulein selbere
943 2290 2804 2452 Lent: lbeim ofen) Soll ich vielleicht noch nach-
947 2481 1211 2584 legen?
935 2526 2816 2704 Baronin: Hachen Sie lieber ngch das Fenster auf
943 2668 2864 2847 fur ein paar Uinuten. So ein überheiztes Zimmer-
935 2830 2704 2976 Leni: Aber Frau Baronin, den Herrschaften ist
938 2914 2665 3103 doch alles egal, wenn sie nur ihr gutes Dett
955 3082 1249 3232 heben?
945 3151 2720 3414 deröntnl Reden sie kelnen bneinn. Sie sollen
