<?xml version="1.0" encoding="UTF-8" standalone="yes"?>
<PcGts xmlns="http://schema.primaresearch.org/PAGE/gts/pagecontent/2013-07-15" xmlns:xsi="http://www.w3.org/2001/XMLSchema-instance" xsi:schemaLocation="http://schema.primaresearch.org/PAGE/gts/pagecontent/2013-07-15 http://schema.primaresearch.org/PAGE/gts/pagecontent/2013-07-15/pagecontent.xsd">
    <Metadata>
        <Creator>prov=READ-COOP:name=PyLaia@TranskribusPlatform:version=2.7.0:model_id=50870:lm=none:date=22_01_2024_16:24</Creator>
        <Created>2023-09-27T14:32:33.402+02:00</Created>
        <LastChange>2024-01-22T16:24:21.597+01:00</LastChange>
        <TranskribusMetadata docId="1589028" pageId="60122445" pageNr="155" tsid="145623626" status="IN_PROGRESS" userId="40391" imgUrl="https://files.transkribus.eu/Get?id=ASOZRHUZUYFLBUCXZTFPBHFO&amp;fileType=view" xmlUrl="https://files.transkribus.eu/Get?id=OKZHZIFIDLUYQLJVWMVJZPRO" imageId="48547523"/>
    </Metadata>
    <Page imageFilename="1589028_0155.jpg" imageWidth="3115" imageHeight="3688">
        <ReadingOrder>
            <OrderedGroup id="ro_1711795707669" caption="Regions reading order">
                <RegionRefIndexed index="0" regionRef="tr_1"/>
                <RegionRefIndexed index="1" regionRef="tr_2"/>
            </OrderedGroup>
        </ReadingOrder>
        <TextRegion orientation="0.0" id="tr_1" custom="readingOrder {index:0;}">
            <Coords points="417,959 417,1204 751,1204 751,959"/>
            <TextLine id="tr_1_tl_1" custom="readingOrder {index:0;}">
                <Coords points="414,1024 559,1004 595,1011 625,1037 694,1052 714,1044 706,897 681,889 663,902 574,877 551,895 529,887 468,910 409,900"/>
                <Baseline points="429,1002 455,1000 481,999 508,999 534,1000 560,1002 587,1004 613,1005 639,1007 666,1009 692,1011 719,1011"/>
                <TextEquiv>
                    <Unicode>Nur Vake</Unicode>
                </TextEquiv>
            </TextLine>
            <TextLine id="tr_1_tl_2" custom="readingOrder {index:1;}">
                <Coords points="424,1075 503,1080 562,1126 587,1108 618,1108 686,1141 750,1136 737,1032 668,1050 557,1004 513,1019 478,1006 463,1022 419,1029"/>
                <Baseline points="438,1071 464,1071 490,1072 516,1078 542,1083 568,1088 594,1092 620,1095 646,1097 672,1099 698,1100 724,1102 751,1104"/>
                <TextEquiv>
                    <Unicode>Meise ich</Unicode>
                </TextEquiv>
            </TextLine>
            <TextLine id="tr_1_tl_3" custom="readingOrder {index:2;}">
                <Coords points="407,1255 498,1235 539,1202 579,1194 630,1233 658,1227 658,1121 628,1121 605,1144 587,1133 569,1151 488,1083 447,1108 404,1105"/>
                <Baseline points="417,1178 444,1180 472,1180 499,1179 527,1179 554,1181 582,1181 609,1180 637,1178 665,1184"/>
                <TextEquiv>
                    <Unicode>Ayplend</Unicode>
                </TextEquiv>
            </TextLine>
            <TextEquiv>
                <Unicode></Unicode>
            </TextEquiv>
        </TextRegion>
        <TextRegion orientation="0.0" id="tr_2" custom="readingOrder {index:1;}">
            <Coords points="757,270 757,3133 2810,3133 2810,270"/>
            <TextLine id="tr_2_tl_1" custom="readingOrder {index:0;}">
                <Coords points="1698,376 1746,343 1764,351 1784,343 1840,371 1858,351 1898,368 1954,351 1949,262 1906,264 1875,241 1860,252 1845,239 1830,249 1779,206 1751,211 1710,191 1690,201"/>
                <Baseline points="1709,319 1736,321 1764,322 1791,322 1819,322 1846,322 1874,324 1901,326 1929,328 1957,331"/>
                <TextEquiv>
                    <Unicode>Mennn</Unicode>
                </TextEquiv>
            </TextLine>
            <TextLine id="tr_2_tl_2" custom="readingOrder {index:1;}">
                <Coords points="2056,386 2142,368 2219,409 2252,384 2300,404 2419,366 2562,391 2562,305 2544,302 2457,325 2376,297 2330,318 2259,280 2183,287 2140,264 2056,307"/>
                <Baseline points="2070,378 2096,372 2122,369 2148,369 2175,369 2201,367 2227,366 2253,364 2280,364 2306,364 2332,366 2358,367 2385,367 2411,367 2437,367 2463,368 2490,369 2516,369 2542,368 2569,367"/>
                <TextEquiv>
                    <Unicode>beninter</Unicode>
                </TextEquiv>
            </TextLine>
            <TextLine id="tr_2_tl_3" custom="readingOrder {index:2;}">
                <Coords points="844,455 966,478 1108,409 1194,432 1400,399 1593,409 1593,346 1352,257 1296,277 1113,257 986,320 940,290 846,295"/>
                <Baseline points="859,411 896,407 933,405 970,405 1007,405 1044,405 1081,405 1118,406 1155,408 1192,408 1229,410 1266,409 1303,407 1340,403 1377,396 1414,396 1451,396 1488,398 1525,399 1562,400 1599,402"/>
                <TextEquiv>
                    <Unicode>Jetzt Keiliker.</Unicode>
                </TextEquiv>
            </TextLine>
            <TextLine id="tr_2_tl_4" custom="readingOrder {index:3;}">
                <Coords points="2401,559 2442,559 2452,551 2465,559 2480,546 2501,546 2511,554 2567,546 2567,414 2483,422 2457,422 2445,414 2404,424"/>
                <Baseline points="2416,510 2442,510 2468,508 2494,507 2520,507 2546,507 2572,507"/>
                <TextEquiv>
                    <Unicode>188</Unicode>
                </TextEquiv>
            </TextLine>
            <TextLine id="tr_2_tl_5" custom="readingOrder {index:4;}">
                <Coords points="834,569 1111,572 1398,521 1667,549 1667,483 1382,447 1253,485 1215,463 1042,488 1004,460 953,483 897,457 836,496"/>
                <Baseline points="850,534 891,534 932,533 973,532 1014,533 1055,532 1096,534 1138,534 1179,534 1220,526 1261,523 1302,520 1343,517 1384,518 1426,520 1467,523 1508,526 1549,527 1590,525 1631,528 1673,525"/>
                <TextEquiv>
                    <Unicode>N Jerzat  Lhergshuf</Unicode>
                </TextEquiv>
            </TextLine>
            <TextLine id="tr_2_tl_6" custom="readingOrder {index:5;}">
                <Coords points="760,694 2353,686 2353,569 2127,546 1985,600 1141,551 1050,605 760,577"/>
                <Baseline points="775,656 854,656 933,653 1012,656 1092,656 1171,655 1250,652 1329,650 1409,650 1488,647 1567,649 1646,644 1726,647 1805,647 1884,644 1963,644 2043,638 2122,643 2201,641 2280,639 2360,644"/>
                <TextEquiv>
                    <Unicode>halten. (Beide über die Treppe hininterl</Unicode>
                </TextEquiv>
            </TextLine>
            <TextLine id="tr_2_tl_7" custom="readingOrder {index:6;}">
                <Coords points="770,826 2219,808 2368,849 2452,823 2455,714 2201,722 2152,686 1942,745 1187,696 1072,747 773,701"/>
                <Baseline points="784,784 867,784 951,782 1035,781 1118,781 1202,775 1286,774 1369,778 1453,775 1537,777 1621,775 1704,775 1788,772 1872,772 1955,772 2039,769 2123,772 2206,772 2290,772 2374,766 2458,772"/>
                <TextEquiv>
                    <Unicode>IHelene und Fricke treten aus der Logè zum</Unicode>
                </TextEquiv>
            </TextLine>
            <TextLine id="tr_2_tl_8" custom="readingOrder {index:7;}">
                <Coords points="1197,907 1380,882 1667,910 1746,882 1842,922 2150,889 2150,828 2043,813 1197,846"/>
                <Baseline points="1211,880 1258,880 1305,877 1352,877 1400,874 1447,873 1494,871 1542,871 1589,872 1636,871 1684,868 1731,868 1778,870 1825,871 1873,873 1920,874 1967,874 2015,871 2062,874 2109,874 2157,880"/>
                <TextEquiv>
                    <Unicode>Ich wan nicht sahe. Ih wo oblege</Unicode>
                </TextEquiv>
            </TextLine>
            <TextLine id="tr_2_tl_9" custom="readingOrder {index:8;}">
                <Coords points="785,940 818,958 841,953 856,963 867,956 887,971 907,958 922,968 938,953 961,961 981,953 971,831 943,849 925,839 851,846 823,828 816,841 778,834"/>
                <Baseline points="796,910 822,910 849,911 876,912 903,915 930,919 957,919 984,919"/>
                <TextEquiv>
                    <Unicode>Gangl</Unicode>
                </TextEquiv>
            </TextLine>
            <TextLine id="tr_2_tl_10" custom="readingOrder {index:9;}">
                <Coords points="770,1093 1893,1032 2076,1090 2366,1029 2513,1067 2516,933 2384,902 2246,966 1926,925 1736,956 1596,905 1487,968 773,953"/>
                <Baseline points="787,1026 873,1038 960,1038 1047,1038 1133,1038 1220,1035 1307,1035 1393,1035 1480,1035 1567,1032 1654,1032 1740,1031 1827,1029 1914,1031 2000,1026 2087,1023 2174,1026 2260,1026 2347,1023 2434,1023 2521,1035"/>
                <TextEquiv>
                    <Unicode>Helene: Ee hat dir doch auch gefallen, Vater.</Unicode>
                </TextEquiv>
            </TextLine>
            <TextLine id="tr_2_tl_11" custom="readingOrder {index:10;}">
                <Coords points="775,1215 1029,1227 1260,1164 1484,1199 1558,1159 1695,1194 2003,1156 2117,1207 2470,1172 2470,1090 2264,1047 2053,1111 1822,1062 1756,1103 1487,1072 1321,1121 1240,1085 775,1095"/>
                <Baseline points="790,1157 874,1166 958,1166 1042,1167 1127,1166 1211,1166 1295,1163 1380,1163 1464,1163 1548,1160 1633,1160 1717,1159 1801,1159 1885,1160 1970,1157 2054,1156 2138,1157 2223,1154 2307,1151 2391,1151 2476,1157"/>
                <TextEquiv>
                    <Unicode>Fricke: Ich hab nur dir zulieb applandiert.</Unicode>
                </TextEquiv>
            </TextLine>
            <TextLine id="tr_2_tl_12" custom="readingOrder {index:11;}">
                <Coords points="1220,1217 1253,1230 1370,1220 1431,1253 1484,1248 1502,1230 1545,1243 1555,1227 1598,1238 1649,1222 1649,1179 1616,1169 1563,1199 1517,1177 1492,1194 1461,1177 1426,1187 1405,1169 1377,1184 1347,1161 1220,1169"/>
                <Baseline points="1235,1214 1261,1212 1287,1211 1313,1213 1339,1215 1365,1217 1391,1218 1417,1220 1444,1222 1470,1223 1496,1223 1522,1223 1548,1223 1574,1221 1600,1220 1626,1220 1653,1220"/>
                <TextEquiv>
                    <Unicode>chrleit seder de</Unicode>
                </TextEquiv>
            </TextLine>
            <TextLine id="tr_2_tl_13" custom="readingOrder {index:12;}">
                <Coords points="757,1314 2124,1288 2193,1327 2597,1291 2597,1202 2404,1235 2328,1187 2213,1263 2114,1217 1840,1212 1438,1255 1235,1212 757,1238"/>
                <Baseline points="772,1297 863,1297 954,1294 1046,1294 1137,1295 1229,1294 1320,1292 1412,1291 1503,1289 1595,1290 1686,1289 1777,1289 1869,1287 1960,1284 2052,1286 2143,1286 2235,1287 2326,1283 2418,1283 2509,1277 2601,1274"/>
                <TextEquiv>
                    <Unicode>Das. Stück ist mir nicht sympathisch. Diese At-</Unicode>
                </TextEquiv>
            </TextLine>
            <TextLine id="tr_2_tl_14" custom="readingOrder {index:13;}">
                <Coords points="765,1436 910,1487 1136,1428 1751,1459 1942,1413 1942,1370 1700,1362 1601,1306 1352,1309 1281,1360 1070,1382 767,1311"/>
                <Baseline points="778,1429 836,1426 895,1426 953,1424 1012,1423 1070,1423 1129,1423 1187,1423 1246,1421 1304,1419 1363,1420 1421,1420 1480,1420 1538,1417 1597,1417 1655,1416 1714,1414 1772,1414 1831,1412 1889,1408 1948,1405"/>
                <TextEquiv>
                    <Unicode>mosphäre der Indiskretion --</Unicode>
                </TextEquiv>
            </TextLine>
            <TextLine id="tr_2_tl_15" custom="readingOrder {index:14;}">
                <Coords points="757,1611 1172,1560 1484,1591 2074,1540 2714,1560 2714,1482 2628,1474 2305,1494 2025,1441 1898,1484 1809,1443 1726,1489 1438,1504 889,1484 760,1441"/>
                <Baseline points="772,1548 869,1553 966,1554 1064,1551 1161,1548 1259,1550 1356,1549 1454,1545 1551,1545 1649,1545 1746,1544 1843,1543 1941,1540 2038,1539 2136,1539 2233,1539 2331,1538 2428,1536 2526,1538 2623,1536 2721,1536"/>
                <TextEquiv>
                    <Unicode>Helene: (Das kann man doch (nicht Indiekretion nen-</Unicode>
                </TextEquiv>
            </TextLine>
            <TextLine id="tr_2_tl_16" custom="readingOrder {index:15;}">
                <Coords points="1149,1718 1375,1680 1484,1718 1723,1637 1916,1670 2366,1637 2414,1677 2516,1639 2610,1687 2612,1578 2399,1540 2249,1598 1926,1563 1769,1606 1525,1565 1431,1593 1370,1553 1154,1601"/>
                <Baseline points="1166,1667 1238,1666 1311,1664 1383,1660 1456,1661 1528,1660 1601,1649 1673,1635 1746,1633 1818,1632 1891,1632 1963,1632 2036,1632 2108,1632 2181,1635 2253,1635 2326,1632 2398,1629 2471,1629 2543,1629 2616,1632"/>
                <TextEquiv>
                    <Unicode>Mesiset.- Ne in Schrikteine von Lochnlich</Unicode>
                </TextEquiv>
            </TextLine>
            <TextLine id="tr_2_tl_17" custom="readingOrder {index:16;}">
                <Coords points="742,1687 818,1687 859,1715 892,1700 922,1703 933,1692 943,1703 963,1703 963,1652 912,1647 884,1629 841,1639 767,1611 755,1624 740,1621"/>
                <Baseline points="757,1679 783,1681 810,1682 836,1682 863,1682 889,1682 916,1684 942,1686 969,1691"/>
                <TextEquiv>
                    <Unicode>nen.</Unicode>
                </TextEquiv>
            </TextLine>
            <TextLine id="tr_2_tl_18" custom="readingOrder {index:17;}">
                <Coords points="1751,1728 1771,1733 1835,1708 2084,1715 2084,1677 2056,1682 1990,1649 1969,1659 1952,1647 1916,1670 1881,1647 1845,1675 1751,1657"/>
                <Baseline points="1766,1715 1791,1708 1816,1706 1841,1706 1866,1706 1891,1706 1916,1706 1941,1706 1966,1705 1991,1704 2016,1704 2041,1706 2066,1705 2091,1703"/>
                <TextEquiv>
                    <Unicode>zu Eitlen</Unicode>
                </TextEquiv>
            </TextLine>
            <TextLine id="tr_2_tl_19" custom="readingOrder {index:18;}">
                <Coords points="773,1860 1034,1873 1169,1812 2732,1830 2734,1720 2643,1698 2432,1756 2137,1692 2071,1736 2025,1708 1695,1756 1466,1708 1349,1748 775,1726"/>
                <Baseline points="787,1814 884,1811 982,1810 1079,1811 1177,1808 1275,1807 1372,1805 1470,1808 1567,1805 1665,1802 1763,1802 1860,1803 1958,1802 2055,1801 2153,1796 2251,1799 2348,1798 2446,1796 2543,1796 2641,1793 2739,1799"/>
                <TextEquiv>
                    <Unicode>Gradel: (zu Helene) kües die Hand,Fräulein. Wissen</Unicode>
                </TextEquiv>
            </TextLine>
            <TextLine id="tr_2_tl_20" custom="readingOrder {index:19;}">
                <Coords points="1131,1881 1522,1888 1522,1812 1469,1825 1131,1825"/>
                <Baseline points="1145,1870 1170,1870 1195,1870 1221,1870 1246,1871 1272,1872 1297,1873 1323,1873 1348,1873 1374,1873 1399,1875 1425,1875 1450,1874 1476,1871 1501,1867 1527,1870"/>
                <TextEquiv>
                    <Unicode>der terce &amp;</Unicode>
                </TextEquiv>
            </TextLine>
            <TextLine id="tr_2_tl_21" custom="readingOrder {index:20;}">
                <Coords points="762,1969 1227,1942 1357,1980 1710,1934 2246,1962 2295,1921 2803,1954 2803,1865 2244,1850 2163,1802 2084,1868 1914,1888 765,1860"/>
                <Baseline points="778,1939 879,1939 981,1942 1082,1939 1184,1936 1286,1936 1387,1936 1489,1936 1590,1933 1692,1933 1794,1930 1895,1930 1997,1930 2098,1930 2200,1924 2302,1919 2403,1921 2505,1921 2606,1922 2708,1926 2810,1921"/>
                <TextEquiv>
                    <Unicode>Sie,wer in der Loge neben Ihnen sitzt?- die lgveda</Unicode>
                </TextEquiv>
            </TextLine>
            <TextLine id="tr_2_tl_22" custom="readingOrder {index:21;}">
                <Coords points="755,2099 2457,2056 2653,2114 2676,1995 2521,1959 2277,1990 2226,1954 2023,2008 1903,1962 1642,2030 1464,1980 757,1995"/>
                <Baseline points="772,2061 867,2065 963,2067 1058,2067 1154,2070 1249,2067 1345,2067 1440,2064 1536,2064 1631,2061 1727,2059 1822,2058 1918,2058 2013,2055 2109,2056 2204,2055 2300,2052 2395,2050 2491,2054 2586,2052 2682,2049"/>
                <TextEquiv>
                    <Unicode>Lutte: Die eigentlich die Hauptrolie hatte. epie-</Unicode>
                </TextEquiv>
            </TextLine>
            <TextLine id="tr_2_tl_23" custom="readingOrder {index:22;}">
                <Coords points="1474,2160 1637,2117 1743,2145 1774,2117 2074,2112 2147,2145 2208,2107 2328,2109 2236,2053 1474,2097"/>
                <Baseline points="1488,2133 1530,2127 1572,2124 1614,2121 1657,2116 1699,2115 1741,2113 1783,2112 1826,2114 1868,2111 1910,2111 1952,2112 1995,2111 2037,2109 2079,2108 2121,2106 2164,2106 2206,2106 2248,2106 2290,2106 2333,2109"/>
                <TextEquiv>
                    <Unicode>slant P. Ben- dus uit ube in</Unicode>
                </TextEquiv>
            </TextLine>
            <TextLine id="tr_2_tl_24" custom="readingOrder {index:23;}">
                <Coords points="770,2241 1382,2252 1581,2193 1858,2185 2714,2216 2775,2208 2778,2130 2635,2102 2399,2160 1957,2109 1898,2145 1382,2163 1144,2091 773,2142"/>
                <Baseline points="784,2205 889,2202 994,2199 1099,2199 1204,2202 1310,2189 1415,2191 1520,2181 1625,2180 1730,2173 1836,2173 1941,2181 2046,2179 2151,2181 2256,2184 2362,2184 2467,2181 2572,2181 2677,2185 2783,2181"/>
                <TextEquiv>
                    <Unicode>ien sollen.: Ih maf) -. Branbebe befilf</Unicode>
                </TextEquiv>
            </TextLine>
            <TextLine id="tr_2_tl_25" custom="readingOrder {index:24;}">
                <Coords points="765,2389 1118,2346 1212,2381 1388,2346 1476,2389 1931,2335 2539,2348 2714,2315 2717,2252 2615,2262 2549,2206 2069,2211 1906,2257 1563,2231 1494,2272 1093,2226 767,2252"/>
                <Baseline points="778,2327 875,2327 972,2330 1069,2327 1166,2331 1263,2333 1360,2328 1458,2327 1555,2327 1652,2324 1749,2324 1846,2321 1943,2320 2040,2319 2138,2321 2235,2318 2332,2318 2429,2318 2526,2313 2623,2315 2721,2309"/>
                <TextEquiv>
                    <Unicode>Helene: AIch weise)- ich hätte sie nicht er-</Unicode>
                </TextEquiv>
            </TextLine>
            <TextLine id="tr_2_tl_26" custom="readingOrder {index:25;}">
                <Coords points="775,2475 831,2478 846,2493 867,2485 892,2493 910,2480 925,2490 956,2480 971,2493 1022,2478 1042,2483 1042,2404 948,2401 933,2386 869,2374 823,2399 806,2381 773,2396"/>
                <Baseline points="790,2455 815,2457 841,2458 867,2458 892,2458 918,2458 944,2458 969,2458 995,2460 1021,2462 1047,2464"/>
                <TextEquiv>
                    <Unicode>kannt.</Unicode>
                </TextEquiv>
            </TextLine>
            <TextLine id="tr_2_tl_27" custom="readingOrder {index:26;}">
                <Coords points="767,2640 2150,2635 2150,2470 2063,2450 1855,2508 1342,2490 1266,2437 1199,2478 1072,2442 1006,2503 767,2496"/>
                <Baseline points="781,2575 849,2582 918,2586 987,2588 1056,2589 1125,2587 1193,2585 1262,2583 1331,2583 1400,2585 1469,2585 1537,2581 1606,2582 1675,2581 1744,2583 1813,2583 1881,2581 1950,2581 2019,2580 2088,2581 2157,2578"/>
                <TextEquiv>
                    <Unicode>Rntteifuat wie rasend aprlandiertf.</Unicode>
                </TextEquiv>
            </TextLine>
            <TextLine id="tr_2_tl_28" custom="readingOrder {index:27;}">
                <Coords points="785,2760 1016,2785 1299,2722 1388,2755 2803,2734 2806,2595 2661,2658 2529,2615 2351,2663 2008,2617 1911,2663 1604,2623 788,2643"/>
                <Baseline points="799,2706 899,2715 1000,2718 1100,2718 1201,2718 1301,2716 1402,2715 1502,2715 1603,2712 1703,2712 1804,2712 1905,2710 2005,2709 2106,2709 2206,2706 2307,2707 2407,2706 2508,2706 2608,2709 2709,2706 2810,2706"/>
                <TextEquiv>
                    <Unicode>Gradel: HxxxxxxxxXx Smpathle für</Unicode>
                </TextEquiv>
            </TextLine>
            <TextLine id="tr_2_tl_29" custom="readingOrder {index:28;}">
                <Coords points="780,2854 999,2892 1083,2856 2254,2872 2254,2808 2170,2765 780,2773"/>
                <Baseline points="793,2849 866,2846 939,2847 1013,2846 1086,2845 1160,2849 1233,2846 1306,2844 1380,2843 1453,2843 1527,2840 1600,2842 1673,2840 1747,2838 1820,2837 1894,2837 1967,2837 2040,2837 2114,2836 2187,2838 2261,2837"/>
                <TextEquiv>
                    <Unicode>den Futor,nicht für die Konkurrentin.</Unicode>
                </TextEquiv>
            </TextLine>
            <TextLine id="tr_2_tl_30" custom="readingOrder {index:29;}">
                <Coords points="788,3029 1258,2976 2704,2971 2668,2892 2099,2920 1964,2877 1563,2877 1502,2920 1421,2879 1288,2922 877,2856 788,2882"/>
                <Baseline points="802,2980 897,2977 992,2977 1088,2977 1183,2974 1278,2974 1374,2975 1469,2972 1564,2973 1660,2971 1755,2971 1850,2970 1946,2968 2041,2965 2136,2968 2232,2969 2327,2970 2422,2967 2518,2968 2613,2968 2709,2968"/>
                <TextEquiv>
                    <Unicode>Fricke: (ist wieder in die Loge zurück,Heiene und</Unicode>
                </TextEquiv>
            </TextLine>
            <TextLine id="tr_2_tl_31" custom="readingOrder {index:30;}">
                <Coords points="778,3174 1797,3138 1883,3202 2239,3199 2241,3024 2198,3019 2025,3057 1728,3006 1606,3011 1548,3060 1202,3011 994,3060 935,3019 780,3032"/>
                <Baseline points="793,3109 865,3109 938,3109 1011,3106 1084,3106 1157,3103 1229,3104 1302,3103 1375,3103 1448,3103 1521,3104 1593,3102 1666,3100 1739,3100 1812,3101 1885,3100 1957,3101 2030,3100 2103,3100 2176,3103 2249,3100"/>
                <TextEquiv>
                    <Unicode>aie beiden Herren promenieren weiterl</Unicode>
                </TextEquiv>
            </TextLine>
            <TextEquiv>
                <Unicode></Unicode>
            </TextEquiv>
        </TextRegion>
    </Page>
</PcGts>
