3064 3656
2414 292 2580 469 218
769 539 1305 668 Heuntes Bild.
756 575 2676 852 Des Absteiggnartler vel der Baronin Punenolt wie
774 804 1210 965 Iu 2.8120.
784 819 2696 1096 die Beronin zieht eben die Vorh채nge des Altorein
806 985 2429 1220 mu. Lent, das Stubenm채dchen bringt Bluwen.
799 1068 2732 1346 Beronin: Geben die her. lsie vertellt die Blunen
827 1220 2734 1439 in einzelne Vasen) Un dreiviertelnenn komnen die
822 1333 2727 1580 verrecharten, (6te bleiden in der R체chesich mache
2006 1459 2255 1557 setost
822 1502 2850 1729 selber auf. Der Herr, hat mich zuu darum gebeten.
824 1615 2696 1898 (ein sehr hoher Herrf Sie reigen siet ger nicht.
867 1761 2661 1976 isie oranst melter, zicht die Roufeaur der Ken-
864 1893 2681 2127 steus zu. dann zu den klesnen Schreibttrchl Mar
867 2094 1366 2238 ist denn dur
882 2127 2780 2366 lent: des ist sa noch der drief. Der Herr Doktor
2331 2283 2752 2434 Richt. I
887 2313 2059 2487 hat sich ihm nicht abgetolt-
897 2399 2797 2633 geroninilninst den Brief in die Kanal Ibtzt nacht
902 2500 2717 2762 eret Wochen wird er ihm wohl kaun mehr helen.
1290 2686 1663 2767 Uureitot
915 2654 2769 2860 Lent: ob man ihm nicht den Fraulein zur체ckschi-
1580 2807 2243 2996 weenwiht
920 2868 1449 3004 cken solltel
932 2883 2797 3175 berontni Hohlelf ich welss sa nicht ner sie ist.
937 3057 2064 3243 lent: Also dem Herrn Doktor.
