3251 3836
2218 327 2426 494 387
634 525 1863 700 John: Ict. kenne keinen Änschik.
639 636 2570 816 löblein: Fort mit diesem Idiotischen Sehnurrbart.
639 758 2659 963 eine andere Perrücke, blond (weniger Jüdisch(diekret.
2036 875 2695 1022 Irt K. inblandde
654 930 1833 1067 ir spielen hier keine Fosse.-
2134 966 2657 1110 Fal-Gint!
626 1032 2601 1176 Dögelmann: (ist jetzt ganz dareben) Leider. Zum
641 1141 2659 1356 Löblein: Rasch in die Gardefobe. Ist den überhaupt
667 1328 1098 1442 noch Zeit?
651 1389 2631 1607 Inspizient: In fünf Kinutsen ist Ihr Auftreten, lerr
1057 1541 1782 1729 Wie geht dr Sfiten
639 1574 973 1701 John..
651 1676 2644 1830 Sohn: Bis dahin kann ich mich Lundertmal aus einem
641 1792 2560 2003 üuschik in einen Tschißuk verwändeln oder in was
644 1944 1341 2094 Sie sonst wollen.
634 2096 1531 2231 VganxaxKEEEEE
644 2190 2601 2330 Lyblein: (zu Dogelmann) Das haben Sie ihm geraten?
2056 2294 2337 2368 ginete
1270 2297 1640 2391 miche mie
649 2312 2614 2464 Dögelmann: Ich kenre TheateragentenMerr Lypleine
654 2451 2662 2614 John:(nach rechts frasch abggehend, ist Karl Bern be-
915 2550 1371 2629 Karl Bern:t
654 2591 2606 2781 gegnetseiett Ihn serstaunt an, dann zu lebleinl Ner¬
636 2743 1181 2885 wer denn das?
659 2819 2695 3017 Ispleini Herr sohn. So wollte er auf die Bühne. Ich
626 2958 2555 3164 hab ihn 4 in feine Garderobe geschickt. Ex soll
644 3100 2205 3308 wenigstenr eine ondere Perrücke nehmen.
690 3326 1219 3475 mir üvernaur
720 3458 1093 3595 geredeei
