2856 3464
167 2233 575 2381 Schlufsworl.
172 2344 624 2467 Karl. Bein zu
148 2446 608 2590 Sib 4 wir
179 2558 647 2697 einsegenreter
183 2616 665 2799 tor. gewische
2050 260 2242 434 228.
1032 429 2546 594 nur an uns das Leben schwer zu machen.
677 559 2486 747 Nur an einem Lebendigen kann man gut machen,
1848 665 2416 768 u u. ih seltht gemerdt
679 705 2463 872 was man an einem Toten, ja selbst an eihem Ge-
693 893 1588 1011 tyteten gesündigt hat.
691 946 2418 1136 Was werden wird können wir nie wieden, immer
703 1139 1586 1298 nur, was wir empfinden.
707 1236 1881 1401 Graut denn dir nicht vor mirk
686 1373 2502 1554 Es ist nicht wahr, dase das Leben immer weiter
705 1533 1804 1681 geht. Nur die Zeit tut das..
730 1674 2430 1823 Das Leben rast manchmal, manchmal schrei--
749 1823 2224 1989 tet es bedächtig oder bleibt stecken.
749 1966 1707 2103 Was willst: du denn tun?
744 2057 2590 2231 Vnd einmal wird es ein Jugendabenteuer geweren
728 2240 969 2395 sein.
747 2261 2611 2474 Rlohard: An dir habe ich vielleicht das grösete
737 2509 1329 2634 Unrecht getan.
740 2592 2159 2782 Mathilde: Ich empfinde es nicht ze.
1178 2745 2289 2931 der Kancht- ineget maheen
758 2891 2527 3070 Sie gehen weiter.- Dad Thvater liegt an Ende
758 3021 1795 3209 stuun de, die Strasse leer.
