<?xml version="1.0" encoding="UTF-8" standalone="yes"?>
<PcGts xmlns="http://schema.primaresearch.org/PAGE/gts/pagecontent/2013-07-15" xmlns:xsi="http://www.w3.org/2001/XMLSchema-instance" xsi:schemaLocation="http://schema.primaresearch.org/PAGE/gts/pagecontent/2013-07-15 http://schema.primaresearch.org/PAGE/gts/pagecontent/2013-07-15/pagecontent.xsd">
    <Metadata>
        <Creator>prov=READ-COOP:name=PyLaia@TranskribusPlatform:version=2.7.0:model_id=50870:lm=none:date=22_01_2024_16:24</Creator>
        <Created>2023-09-27T14:32:41.480+02:00</Created>
        <LastChange>2024-01-22T16:24:31.778+01:00</LastChange>
        <TranskribusMetadata docId="1589028" pageId="60122763" pageNr="214" tsid="145623688" status="IN_PROGRESS" userId="40391" imgUrl="https://files.transkribus.eu/Get?id=JSAHWNLWRSDRKMVSAEOJGPJU&amp;fileType=view" xmlUrl="https://files.transkribus.eu/Get?id=NBGVYQPDJHOQDCKCSEGPOGMW" imageId="48547841"/>
    </Metadata>
    <Page imageFilename="1589028_0214.jpg" imageWidth="3096" imageHeight="3528">
        <ReadingOrder>
            <OrderedGroup id="ro_1711795792759" caption="Regions reading order">
                <RegionRefIndexed index="0" regionRef="tr_1"/>
            </OrderedGroup>
        </ReadingOrder>
        <TextRegion orientation="0.0" id="tr_1" custom="readingOrder {index:0;}">
            <Coords points="892,492 892,3219 2775,3219 2775,492"/>
            <TextLine id="tr_1_tl_1" custom="readingOrder {index:0;}">
                <Coords points="2611,604 2679,613 2688,604 2724,609 2740,597 2749,604 2767,602 2769,489 2747,493 2740,486 2695,498 2681,484 2667,482 2640,498 2613,493"/>
                <Baseline points="2626,552 2655,552 2685,552 2715,552 2745,550 2775,552"/>
                <TextEquiv>
                    <Unicode>224</Unicode>
                </TextEquiv>
            </TextLine>
            <TextLine id="tr_1_tl_2" custom="readingOrder {index:1;}">
                <Coords points="912,717 1652,699 1731,738 1805,699 2220,726 2333,690 2577,724 2656,706 2658,629 1724,645 1577,572 914,559"/>
                <Baseline points="925,695 1011,692 1098,695 1185,698 1272,695 1359,695 1446,692 1532,692 1619,692 1706,688 1793,692 1880,690 1967,689 2054,686 2140,689 2227,687 2314,686 2401,685 2488,683 2575,682 2662,671"/>
                <TextEquiv>
                    <Unicode>Die Martenden haben sich allmanlig alle zer-</Unicode>
                </TextEquiv>
            </TextLine>
            <TextLine id="tr_1_tl_3" custom="readingOrder {index:2;}">
                <Coords points="1319,817 1407,808 1459,833 1509,796 1552,808 1627,778 1774,826 1792,821 1794,715 1690,751 1559,697 1446,717 1430,701 1321,706"/>
                <Baseline points="1331,790 1356,787 1382,785 1408,782 1434,779 1460,778 1486,776 1511,776 1537,775 1563,771 1589,771 1615,773 1641,775 1666,776 1692,774 1718,773 1744,773 1770,771 1796,767"/>
                <TextEquiv>
                    <Unicode>Du Torlie. 1.</Unicode>
                </TextEquiv>
            </TextLine>
            <TextLine id="tr_1_tl_4" custom="readingOrder {index:3;}">
                <Coords points="912,842 943,855 1036,830 1122,853 1140,835 1208,839 1231,855 1260,844 1260,774 1233,769 1181,790 1127,765 1081,785 993,708 971,724 912,717"/>
                <Baseline points="925,829 951,827 977,826 1003,826 1029,827 1055,829 1081,828 1108,826 1134,826 1160,826 1186,826 1212,826 1238,826 1265,829"/>
                <TextEquiv>
                    <Unicode>streut.</Unicode>
                </TextEquiv>
            </TextLine>
            <TextLine id="tr_1_tl_5" custom="readingOrder {index:4;}">
                <Coords points="900,966 2688,964 2688,885 2588,871 1507,910 1278,821 1206,860 903,842"/>
                <Baseline points="916,955 1004,955 1093,955 1182,957 1271,957 1360,955 1448,953 1537,955 1626,953 1715,954 1804,952 1892,952 1981,949 2070,949 2159,949 2248,946 2336,943 2425,943 2514,943 2603,946 2692,946"/>
                <TextEquiv>
                    <Unicode>Roveda: Herr Baron;mein herzlichetes- Beileid,</Unicode>
                </TextEquiv>
            </TextLine>
            <TextLine id="tr_1_tl_6" custom="readingOrder {index:5;}">
                <Coords points="919,1095 1403,1086 1606,1127 2179,1091 2296,1140 2505,1075 2686,1102 2686,1009 2647,998 2292,1048 1921,1005 1609,1048 919,1016"/>
                <Baseline points="931,1083 1019,1086 1107,1087 1195,1086 1283,1086 1371,1086 1459,1081 1547,1084 1635,1085 1723,1083 1811,1083 1899,1080 1987,1080 2075,1082 2163,1079 2251,1077 2339,1074 2427,1077 2515,1074 2603,1071 2692,1065"/>
                <TextEquiv>
                    <Unicode>Baron: Es ist ein harter Schlag in jeder Hin-</Unicode>
                </TextEquiv>
            </TextLine>
            <TextLine id="tr_1_tl_7" custom="readingOrder {index:6;}">
                <Coords points="894,1233 1837,1219 1953,1285 2158,1305 2649,1262 2649,1161 2539,1134 1355,1174 1260,1127 1156,1192 894,1174"/>
                <Baseline points="907,1220 994,1220 1081,1220 1169,1218 1256,1217 1344,1217 1431,1217 1519,1216 1606,1218 1694,1214 1781,1217 1868,1215 1956,1217 2043,1215 2131,1213 2218,1211 2306,1211 2393,1208 2481,1208 2568,1208 2656,1199"/>
                <TextEquiv>
                    <Unicode>sicht. Und nie wird man wissen, ob ee ein Er-</Unicode>
                </TextEquiv>
            </TextLine>
            <TextLine id="tr_1_tl_8" custom="readingOrder {index:7;}">
                <Coords points="900,1360 1043,1385 1272,1351 1713,1371 1713,1299 1611,1274 1464,1317 1351,1283 1265,1310 1158,1290 1079,1229 900,1229"/>
                <Baseline points="913,1352 953,1352 993,1352 1033,1352 1073,1350 1113,1350 1153,1351 1194,1348 1234,1346 1274,1346 1314,1349 1354,1349 1394,1349 1434,1347 1475,1346 1515,1346 1555,1346 1595,1347 1635,1349 1675,1346 1716,1352"/>
                <TextEquiv>
                    <Unicode>folg war oder nicht.</Unicode>
                </TextEquiv>
            </TextLine>
            <TextLine id="tr_1_tl_9" custom="readingOrder {index:8;}">
                <Coords points="916,1509 2020,1475 2172,1554 2378,1552 2378,1412 2305,1378 1980,1405 1776,1351 1543,1385 1484,1353 1222,1437 996,1439 916,1398"/>
                <Baseline points="928,1474 1000,1477 1073,1477 1146,1477 1219,1477 1292,1477 1364,1476 1437,1477 1510,1476 1583,1474 1656,1474 1728,1474 1801,1471 1874,1471 1947,1470 2020,1468 2092,1471 2165,1471 2238,1469 2311,1471 2384,1471"/>
                <TextEquiv>
                    <Unicode>Toroda: Es hätte einer werden können.</Unicode>
                </TextEquiv>
            </TextLine>
            <TextLine id="tr_1_tl_10" custom="readingOrder {index:9;}">
                <Coords points="891,1686 1145,1695 1446,1615 1672,1611 1792,1665 2147,1606 2690,1710 2692,1516 2174,1559 1968,1511 1774,1575 1640,1536 1441,1575 1206,1534 1025,1559 891,1491"/>
                <Baseline points="904,1614 993,1611 1083,1614 1173,1611 1262,1608 1352,1611 1442,1608 1531,1608 1621,1608 1711,1605 1801,1605 1890,1605 1980,1599 2070,1602 2159,1599 2249,1605 2339,1602 2428,1602 2518,1602 2608,1602 2698,1599"/>
                <TextEquiv>
                    <Unicode>Jobiein: Habe gewarnt die Folle einer Anfänge</Unicode>
                </TextEquiv>
            </TextLine>
            <TextLine id="tr_1_tl_11" custom="readingOrder {index:10;}">
                <Coords points="882,1787 1077,1819 1172,1785 1303,1799 1335,1772 1400,1801 1638,1796 1638,1699 1518,1658 1434,1695 1251,1672 1097,1688 1068,1717 1000,1686 882,1701"/>
                <Baseline points="895,1746 932,1746 969,1746 1006,1746 1044,1744 1081,1743 1118,1743 1156,1743 1193,1743 1230,1743 1268,1743 1305,1742 1342,1740 1379,1740 1417,1743 1454,1743 1491,1743 1529,1742 1566,1741 1603,1743 1641,1740"/>
                <TextEquiv>
                    <Unicode>Ein anzuvertrauen.</Unicode>
                </TextEquiv>
            </TextLine>
            <TextLine id="tr_1_tl_12" custom="readingOrder {index:11;}">
                <Coords points="903,1941 1344,1937 1652,1871 2134,1910 2342,1867 2692,1980 2672,1781 903,1803"/>
                <Baseline points="916,1865 1005,1871 1094,1874 1183,1871 1272,1871 1361,1871 1450,1874 1539,1869 1628,1871 1717,1868 1807,1868 1896,1868 1985,1865 2074,1865 2163,1865 2252,1862 2341,1864 2430,1865 2519,1865 2608,1865 2698,1865"/>
                <TextEquiv>
                    <Unicode>Roreda: Nun ist es zu spät. Euten Abend, meine</Unicode>
                </TextEquiv>
            </TextLine>
            <TextLine id="tr_1_tl_13" custom="readingOrder {index:12;}">
                <Coords points="894,2048 925,2036 946,2048 968,2029 1014,2050 1045,2029 1106,2048 1131,2036 1186,2057 1186,1930 1136,1928 1097,1948 1052,1930 1023,1941 941,1923 894,1937"/>
                <Baseline points="907,1999 932,1999 958,1999 984,2001 1009,2002 1035,2002 1061,2001 1087,1999 1112,1999 1138,1999 1164,2001 1190,2002"/>
                <TextEquiv>
                    <Unicode>Herren.</Unicode>
                </TextEquiv>
            </TextLine>
            <TextLine id="tr_1_tl_14" custom="readingOrder {index:13;}">
                <Coords points="912,2172 1007,2208 2165,2190 2167,2039 2045,1998 1738,2011 1602,2068 914,2048"/>
                <Baseline points="925,2134 987,2134 1049,2134 1112,2134 1174,2132 1236,2128 1299,2130 1361,2128 1423,2128 1486,2128 1548,2128 1610,2129 1673,2131 1735,2131 1797,2129 1860,2125 1922,2125 1984,2125 2047,2125 2109,2125 2172,2119"/>
                <TextEquiv>
                    <Unicode>Eaprede und Gregor gegen rechts)</Unicode>
                </TextEquiv>
            </TextLine>
            <TextLine id="tr_1_tl_15" custom="readingOrder {index:14;}">
                <Coords points="894,2321 1437,2315 1557,2269 1729,2317 1919,2267 2104,2301 2170,2265 2602,2269 2602,2206 2482,2165 894,2217"/>
                <Baseline points="907,2265 992,2265 1077,2260 1162,2262 1247,2262 1332,2261 1417,2259 1502,2259 1587,2256 1672,2259 1757,2256 1842,2256 1927,2253 2012,2253 2097,2255 2182,2256 2267,2253 2352,2251 2437,2253 2522,2256 2608,2256"/>
                <TextEquiv>
                    <Unicode>Der Portier: Den Nagen für Fräulein Koreda.</Unicode>
                </TextEquiv>
            </TextLine>
            <TextLine id="tr_1_tl_16" custom="readingOrder {index:15;}">
                <Coords points="912,2457 1425,2394 2645,2412 2645,2290 2563,2262 912,2328"/>
                <Baseline points="925,2393 1011,2392 1097,2393 1183,2390 1270,2391 1356,2393 1442,2390 1528,2390 1615,2387 1701,2387 1787,2388 1873,2387 1960,2385 2046,2384 2132,2384 2218,2384 2305,2384 2391,2384 2477,2384 2563,2384 2650,2378"/>
                <TextEquiv>
                    <Unicode>(Ee wird angenommen, dase er rechte rückwarte</Unicode>
                </TextEquiv>
            </TextLine>
            <TextLine id="tr_1_tl_17" custom="readingOrder {index:16;}">
                <Coords points="1407,2525 1471,2554 1640,2550 1889,2505 1966,2545 2084,2539 2186,2516 2190,2423 1901,2455 1830,2428 1410,2450"/>
                <Baseline points="1420,2513 1458,2508 1497,2506 1535,2504 1574,2504 1613,2501 1651,2493 1690,2490 1729,2489 1767,2488 1806,2486 1845,2486 1883,2486 1922,2486 1961,2484 1999,2483 2038,2481 2077,2479 2115,2477 2154,2477 2193,2474"/>
                <TextEquiv>
                    <Unicode>d. M allen im ihu</Unicode>
                </TextEquiv>
            </TextLine>
            <TextLine id="tr_1_tl_18" custom="readingOrder {index:17;}">
                <Coords points="894,2572 948,2559 982,2577 1079,2577 1104,2597 1129,2582 1152,2586 1154,2457 1115,2468 1093,2446 1059,2437 1016,2450 975,2446 950,2466 896,2462"/>
                <Baseline points="907,2534 932,2531 957,2529 982,2528 1007,2528 1032,2527 1057,2526 1082,2526 1107,2528 1132,2528 1158,2528"/>
                <TextEquiv>
                    <Unicode>stehtl</Unicode>
                </TextEquiv>
            </TextLine>
            <TextLine id="tr_1_tl_19" custom="readingOrder {index:18;}">
                <Coords points="891,2708 2690,2663 2690,2545 2453,2520 2364,2559 2220,2523 1959,2572 1550,2541 1106,2597 894,2572"/>
                <Baseline points="907,2647 996,2653 1085,2656 1175,2659 1264,2653 1354,2653 1443,2650 1532,2653 1622,2653 1711,2653 1801,2653 1890,2653 1979,2650 2069,2650 2158,2653 2248,2650 2337,2650 2426,2650 2516,2647 2605,2644 2695,2641"/>
                <TextEquiv>
                    <Unicode>Lorletn: (zum Baron) Ich bin überzeugt, die Ro-</Unicode>
                </TextEquiv>
            </TextLine>
            <TextLine id="tr_1_tl_20" custom="readingOrder {index:19;}">
                <Coords points="903,2830 2253,2792 2401,2867 2643,2876 2645,2720 2577,2706 2446,2776 2324,2724 2077,2747 2007,2697 1885,2729 1575,2699 1423,2747 1226,2692 905,2717"/>
                <Baseline points="916,2796 1002,2795 1089,2793 1175,2793 1262,2793 1348,2793 1435,2790 1521,2793 1608,2793 1694,2793 1781,2793 1868,2791 1954,2790 2041,2790 2127,2789 2214,2790 2300,2792 2387,2793 2473,2793 2560,2790 2647,2790"/>
                <TextEquiv>
                    <Unicode>veda übernimmt die Kolle sofort wieder. Mit</Unicode>
                </TextEquiv>
            </TextLine>
            <TextLine id="tr_1_tl_21" custom="readingOrder {index:20;}">
                <Coords points="880,2932 1091,2966 1206,2923 1674,2905 1980,2944 2093,2912 2095,2810 1672,2799 1468,2855 1310,2812 1195,2848 880,2833"/>
                <Baseline points="892,2916 952,2916 1012,2916 1072,2916 1133,2916 1193,2914 1253,2916 1314,2912 1374,2910 1434,2910 1495,2910 1555,2907 1615,2907 1675,2905 1736,2904 1796,2904 1856,2904 1917,2901 1977,2904 2037,2904 2098,2904"/>
                <TextEquiv>
                    <Unicode>drei Proben wäre es zu machen.</Unicode>
                </TextEquiv>
            </TextLine>
            <TextLine id="tr_1_tl_22" custom="readingOrder {index:21;}">
                <Coords points="898,3079 1163,3104 1507,3043 1955,3075 2140,3036 2713,3041 2677,2966 2457,2950 2401,2982 1966,2948 1819,2991 1704,2955 1541,2998 1434,2957 1389,2989 1147,2944 900,2966"/>
                <Baseline points="910,3050 1000,3048 1090,3047 1181,3047 1271,3044 1362,3042 1452,3042 1543,3041 1633,3038 1724,3036 1814,3035 1904,3035 1995,3035 2085,3032 2176,3032 2266,3032 2357,3032 2447,3029 2538,3029 2628,3026 2719,3023"/>
                <TextEquiv>
                    <Unicode>Baron: Aber die nacheten drei Abende? Und mor-</Unicode>
                </TextEquiv>
            </TextLine>
            <TextLine id="tr_1_tl_23" custom="readingOrder {index:22;}">
                <Coords points="887,3233 1145,3190 1507,3222 1627,3179 1851,3272 2054,3233 2482,3272 2688,3222 2690,3122 2011,3125 1925,3052 889,3106"/>
                <Baseline points="901,3190 990,3187 1080,3181 1170,3181 1259,3181 1349,3181 1439,3181 1528,3178 1618,3178 1708,3178 1798,3178 1887,3172 1977,3178 2067,3175 2156,3178 2246,3175 2336,3175 2425,3178 2515,3178 2605,3178 2695,3178"/>
                <TextEquiv>
                    <Unicode>son ist Sonntag. Glauben ie nicht, dass es in</Unicode>
                </TextEquiv>
            </TextLine>
            <TextEquiv>
                <Unicode></Unicode>
            </TextEquiv>
        </TextRegion>
    </Page>
</PcGts>
