3096 3640
980 560 2675 721 Vorgehen Helenens gerechtfertigt erschiene.
947 714 2183 837 Mathilde: Ich nehm's auf mich./
952 886 2825 1052 Karl Bern: Die einzige unwidersprrechliche Tat-
956 1040 2116 1204 sache: Das Leben geht weitser.
954 1162 2731 1309 Ich hätte nichts dagegen gehabt - in höherem:
942 1274 2657 1441 Sinn, wenn es mir auch persönlich leid täte,
945 1420 2804 1567 dass Sie ihr in den Tod gefolgt wären,aber kei-
933 1516 2731 1691 ne Sentimentalitäten um Gotteswillen oder gar
931 1665 1341 1791 Homantik.
921 1775 2559 1938 Man muss den kürzesten Weg zu sich zurück-
921 1957 2675 2113 gehen, auf jedem andern kann man sich unrett-
924 2069 1472 2176 bar verirren.
907 2155 2388 2337 Sich verirren heisst schuldig werden.
898 2330 2706 2491 Man wird nicht grösser dadurch, dass man etwas
917 2465 2060 2622 gegen seine eigene Natur tut.
914 2580 2701 2720 Dich opfeh wollen ist oft auch nichts anderes
896 2729 1754 2839 als Uebrrheblichkeit.
893 2850 2540 3000 Edel sein -welcher Hochmut! Wer darf das?
