6552 4088
453 604 2795 973 ich nehme meine Wesenheit als alle
476 815 2848 1188 Erkennend Ende, pfte f sizufamrs.
493 1084 2942 1443 and alle Giellen des Notars, glück¬
406 1392 2687 1661 for now alls [illegible] win a
339 1634 3020 2094 Gust und saure Frucht im ergiebigen Herbst
359 1946 2858 2389 Grabschüttelt ins una Gefäßt des
409 2278 3107 2634 würdest meinen Seel wohl thun, unsäglich
332 2540 2862 2865 wohl. Da ich brauche tiefe, sich in ihm
299 2808 2915 3184 Gute. - aber leb' wohl - betracht, die
319 3077 2902 3496 ich würde deine Seele nicht wohl
436 3301 1443 3690 him. -
4778 678 5982 1037 Übers den 6. Mai 1841
3613 1057 5814 1409 had wtit in the hof
3580 1345 5871 1624 da es ist als leer wird rechnen.
3566 1563 5811 1963 Mozu ich leben? Ists mir nicht oft
3519 1869 5982 2167 als was es wirklich und dreiet
3526 2114 5878 2362 mayon. Und ds immer mit Wienen
3482 2325 6009 2650 edelhesigen Worte über jene Leib¬
3493 2557 5935 2852 über Deine Freunde, die doch wirklich
3536 2775 5928 3080 märz wäre. – mich zu vergessen - aber
3560 3006 5908 3352 niß von mir wegessen
3536 3295 6109 3573 zu werden, das uns es mit dem
