6472 4088
455 712 2753 1095 Meinen nahe, so stand der Elend
439 984 2815 1296 des Lebens vor meinen Augen. - und
452 1256 2633 1624 auch das Tage wo kaum zu
464 1572 2886 1909 verbeißer, von wegen der unendlichen
498 1791 2670 2169 Thorheit. Aber ich liebe dich.
467 2067 2961 2503 das bleibt wahr und kauchs nicht
436 2274 2787 2608 sagen. Sie ist dein Freundin
396 2534 2856 2958 Ich den Freund, ds littest mit uns
421 2806 2574 3174 freutest dich mit einl. F
1287 3109 1748 3255 geht noch
492 3115 2945 3518 glaubst nach mir, als liebt ich her
3524 452 5730 817 Mädte noch immer: Und sagt ich
3524 752 5544 1064 Dir nun. Ich liebe dich. - die
3474 971 5835 1318 wirdest lachen, und noch ich leute,
3440 1225 5782 1590 schaftliche, glühende: Ich liebe dich
3499 1531 5696 1887 Dr wnodest sich was rechts wunden.
3487 1767 5581 2163 über die verrückte Einfälle des
3480 2008 5662 2370 sonderbaren Menschen - und mit den
3431 2277 5544 2664 stillen, freundschaftlichen Blickant
3412 2580 5430 2945 mich gerichtet, sagen, das sind
3450 2818 5448 3165 weit ganz so? Ich bin nie
3440 3112 5668 3514 ganz ist, meine allerwehrtest
