<?xml version="1.0" encoding="UTF-8" standalone="yes"?>
<PcGts xmlns="http://schema.primaresearch.org/PAGE/gts/pagecontent/2013-07-15" xmlns:xsi="http://www.w3.org/2001/XMLSchema-instance" xsi:schemaLocation="http://schema.primaresearch.org/PAGE/gts/pagecontent/2013-07-15 http://schema.primaresearch.org/PAGE/gts/pagecontent/2013-07-15/pagecontent.xsd">
    <Metadata>
        <Creator>prov=READ-COOP:name=TrHtr:version=2.1.0:model_id=51170:date=15_08_2023_02:28</Creator>
        <Created>2023-05-10T15:08:16.142+02:00</Created>
        <LastChange>2023-08-15T02:28:49.029+02:00</LastChange>
        <TranskribusMetadata docId="1428806" pageId="55430525" pageNr="5" tsid="132837471" status="IN_PROGRESS" userId="64420" imgUrl="https://files.transkribus.eu/Get?id=OHHNHSVROXBDYDTWEYOWUMXX&amp;fileType=view" xmlUrl="https://files.transkribus.eu/Get?id=JZRAHPWAHTDHDWOECQBRHLGR" imageId="44704596"/>
    </Metadata>
    <Page imageFilename="1428806_0005.jpg" imageWidth="4376" imageHeight="5284">
        <ReadingOrder>
            <OrderedGroup id="ro_1711804876600" caption="Regions reading order">
                <RegionRefIndexed index="0" regionRef="TextRegion_1690187024762_201"/>
            </OrderedGroup>
        </ReadingOrder>
        <TextRegion id="TextRegion_1690187024762_201" custom="readingOrder {index:0;}">
            <Coords points="949,182 3821,182 4179,1574 4179,3299 4167,4935 686,4935 674,3299 674,1574"/>
            <TextLine id="tr_2_tl_2" custom="readingOrder {index:0;}">
                <Coords points="2232,384 2498,358 2782,414 3021,362 3331,410 3606,323 3697,371 3811,349 3815,161 3383,209 3301,148 2808,262 2237,183"/>
                <Baseline points="2256,334 2298,340 2388,334 2477,334 2567,328 2656,322 2746,322 2836,316 2925,310 3015,304 3104,298 3194,298 3283,298 3373,298 3462,298 3552,292 3642,298 3731,304 3821,304"/>
                <TextEquiv>
                    <Unicode>Bisher unveröffentlicht</Unicode>
                </TextEquiv>
            </TextLine>
            <TextLine id="tr_2_tl_4" custom="readingOrder {index:1;}">
                <Coords points="1552,528 2812,536 2812,410 2651,445 2494,358 2328,423 1552,392"/>
                <Baseline points="1576,495 1653,501 1743,501 1832,501 1922,495 2012,501 2101,501 2191,501 2280,495 2370,495 2459,495 2549,495 2639,495 2728,489 2818,483"/>
                <TextEquiv>
                    <Unicode>Briefe an eine Unbekannte</Unicode>
                </TextEquiv>
            </TextLine>
            <TextLine id="tr_2_tl_5" custom="readingOrder {index:2;}">
                <Coords points="1958,685 2006,698 2032,689 2058,702 2115,654 2136,667 2158,663 2154,536 2119,536 2093,523 2054,541 2006,541 1979,562 1949,567"/>
                <Baseline points="1976,597 2065,609 2155,609 2167,609"/>
                <TextEquiv>
                    <Unicode>von</Unicode>
                </TextEquiv>
            </TextLine>
            <TextLine id="tr_2_tl_6" custom="readingOrder {index:3;}">
                <Coords points="1469,828 1766,776 1979,828 2328,785 2455,846 3056,820 3056,667 2917,650 2708,715 2442,632 2263,702 2115,658 2040,698 1905,628 1683,698 1557,623 1469,641"/>
                <Baseline points="1492,782 1540,782 1629,776 1719,776 1809,776 1898,770 1988,770 2077,770 2167,770 2256,770 2346,770 2436,770 2525,770 2615,770 2704,764 2794,764 2883,764 2973,758 3062,758"/>
                <TextEquiv>
                    <Unicode>Arthur Schnitzler</Unicode>
                </TextEquiv>
            </TextLine>
            <TextLine id="tr_2_tl_7" custom="readingOrder {index:4;}">
                <Coords points="1652,968 1792,968 1814,950 1888,968 1936,946 1984,972 2054,933 2193,972 2193,785 2132,780 2093,815 1979,828 1927,807 1757,828 1705,785 1652,798"/>
                <Baseline points="1677,895 1767,895 1856,889 1946,889 2035,889 2125,895 2203,895"/>
                <TextEquiv>
                    <Unicode>( 1881/83)</Unicode>
                </TextEquiv>
            </TextLine>
            <TextLine id="tr_2_tl_8" custom="readingOrder {index:5;}">
                <Coords points="924,1116 942,1116 977,1151 1291,1147 1291,1051 1046,1055 1007,1033 972,1068 924,1064"/>
                <Baseline points="949,1122 1032,1128 1122,1128 1212,1128 1301,1116"/>
                <TextEquiv>
                    <Unicode>Kankts</Unicode>
                </TextEquiv>
            </TextLine>
            <TextLine id="tr_2_tl_9" custom="readingOrder {index:6;}">
                <Coords points="2202,1260 3771,1282 3815,1086 3641,1138 3078,1103 2206,1160"/>
                <Baseline points="2227,1235 2298,1229 2388,1229 2477,1229 2567,1229 2656,1229 2746,1223 2836,1223 2925,1218 3015,1218 3104,1218 3194,1218 3283,1223 3373,1218 3462,1212 3552,1212 3642,1212 3731,1206 3821,1200"/>
                <TextEquiv>
                    <Unicode>nachts, vom 22.zum 23.April 1881</Unicode>
                </TextEquiv>
            </TextLine>
            <TextLine id="tr_2_tl_10" custom="readingOrder {index:7;}">
                <Coords points="1509,1500 1626,1548 1753,1487 2184,1522 2237,1487 2385,1539 2420,1530 2420,1286 2250,1360 2097,1347 1993,1291 1713,1400 1509,1391"/>
                <Baseline points="1534,1462 1624,1468 1713,1468 1803,1468 1892,1468 1982,1468 2071,1468 2161,1468 2250,1462 2340,1462 2430,1468 2436,1462"/>
                <TextEquiv>
                    <Unicode>An.................</Unicode>
                </TextEquiv>
            </TextLine>
            <TextLine id="tr_3_tl_1" custom="readingOrder {index:8;}">
                <Coords points="994,1666 1984,1735 3811,1670 3811,1578 2415,1522 994,1609"/>
                <Baseline points="1020,1653 1044,1659 1134,1659 1223,1659 1313,1659 1403,1647 1492,1653 1582,1653 1671,1653 1761,1653 1850,1653 1940,1653 2030,1653 2119,1653 2209,1647 2298,1647 2388,1641 2477,1647 2567,1647 2656,1647 2746,1641 2836,1641 2925,1641 3015,1635 3104,1629 3194,1635 3283,1635 3373,1635 3462,1629 3552,1629 3642,1629 3731,1635 3821,1624"/>
                <TextEquiv>
                    <Unicode>Seltsamer Brief, von dem der Schreiber im Voraus weiss, er</Unicode>
                </TextEquiv>
            </TextLine>
            <TextLine id="tr_3_tl_2" custom="readingOrder {index:9;}">
                <Coords points="650,1775 3379,1809 3924,1779 3924,1648 650,1731"/>
                <Baseline points="674,1767 710,1773 800,1773 889,1773 979,1779 1068,1779 1158,1773 1247,1773 1337,1773 1426,1773 1516,1773 1606,1773 1695,1773 1785,1767 1874,1767 1964,1767 2053,1767 2143,1773 2233,1767 2322,1767 2412,1767 2501,1767 2591,1767 2680,1767 2770,1761 2859,1761 2949,1755 3039,1755 3128,1755 3218,1749 3307,1755 3397,1749 3486,1749 3576,1749 3665,1749 3755,1749 3845,1743 3934,1743"/>
                <TextEquiv>
                    <Unicode>werde nie an seine Adresse gelangen. Ich liebe dich - nun weiss ich</Unicode>
                </TextEquiv>
            </TextLine>
            <TextLine id="tr_3_tl_3" custom="readingOrder {index:10;}">
                <Coords points="663,1897 2956,1971 4037,1931 4103,1792 663,1844"/>
                <Baseline points="686,1880 710,1892 800,1892 889,1892 979,1892 1068,1886 1158,1886 1247,1880 1337,1886 1426,1880 1516,1880 1606,1886 1695,1886 1785,1886 1874,1886 1964,1886 2053,1886 2143,1886 2233,1886 2322,1892 2412,1892 2501,1886 2591,1886 2680,1880 2770,1880 2859,1874 2949,1868 3039,1874 3128,1874 3218,1868 3307,1874 3397,1868 3486,1868 3576,1868 3665,1868 3755,1862 3845,1862 3934,1856 4024,1856 4113,1856"/>
                <TextEquiv>
                    <Unicode>es ganz bestimmt, ich liebe dich......da lässt sich nun einmal nichts</Unicode>
                </TextEquiv>
            </TextLine>
            <TextLine id="tr_3_tl_4" custom="readingOrder {index:11;}">
                <Coords points="667,2023 702,2036 937,2032 994,2045 1064,2027 1064,1962 994,1975 981,1962 881,1958 868,1945 846,1958 824,1936 789,1958 750,1958 728,1936 667,1958"/>
                <Baseline points="692,2006 782,2012 871,2006 961,2012 1050,2006 1074,2006"/>
                <TextEquiv>
                    <Unicode>ändern.-</Unicode>
                </TextEquiv>
            </TextLine>
            <TextLine id="tr_3_tl_5" custom="readingOrder {index:12;}">
                <Coords points="994,2128 4064,2132 4090,2006 994,2040"/>
                <Baseline points="1020,2125 1056,2119 1146,2119 1235,2119 1325,2119 1415,2119 1504,2119 1594,2119 1683,2119 1773,2119 1862,2113 1952,2113 2041,2113 2131,2113 2221,2113 2310,2113 2400,2113 2489,2113 2579,2113 2668,2107 2758,2107 2847,2107 2937,2107 3027,2107 3116,2107 3206,2101 3295,2101 3385,2101 3474,2101 3564,2101 3654,2101 3743,2095 3833,2095 3922,2095 4012,2095 4101,2089"/>
                <TextEquiv>
                    <Unicode>Ich wandelte durch die Stadt an der Seite eines liebenswürdigen</Unicode>
                </TextEquiv>
            </TextLine>
            <TextLine id="tr_3_tl_6" custom="readingOrder {index:13;}">
                <Coords points="658,2267 3750,2272 4094,2149 663,2215"/>
                <Baseline points="686,2250 704,2250 794,2244 883,2238 973,2238 1062,2238 1152,2238 1241,2233 1331,2233 1421,2233 1510,2238 1600,2238 1689,2233 1779,2233 1868,2233 1958,2233 2047,2233 2137,2233 2227,2233 2316,2233 2406,2227 2495,2227 2585,2221 2674,2227 2764,2227 2853,2227 2943,2227 3033,2227 3122,2221 3212,2221 3301,2215 3391,2221 3480,2221 3570,2221 3659,2215 3749,2215 3839,2215 3928,2215 4018,2209 4107,2209"/>
                <TextEquiv>
                    <Unicode>geistreichen Freundes in tiefer einsamer Nacht und wir schimpften beide</Unicode>
                </TextEquiv>
            </TextLine>
            <TextLine id="tr_3_tl_7" custom="readingOrder {index:14;}">
                <Coords points="676,2376 4029,2385 4168,2276 676,2293"/>
                <Baseline points="698,2352 776,2358 865,2358 955,2358 1044,2358 1134,2358 1223,2352 1313,2346 1403,2352 1492,2352 1582,2352 1671,2352 1761,2352 1850,2352 1940,2352 2030,2346 2119,2346 2209,2346 2298,2346 2388,2346 2477,2346 2567,2346 2656,2346 2746,2346 2836,2340 2925,2346 3015,2340 3104,2340 3194,2334 3283,2334 3373,2334 3462,2334 3552,2334 3642,2334 3731,2334 3821,2328 3910,2328 4000,2322 4089,2322 4179,2310"/>
                <TextEquiv>
                    <Unicode>weidlich über Welt und Menschen und daheim - ja mir war das Weinen nahe -</Unicode>
                </TextEquiv>
            </TextLine>
            <TextLine id="tr_3_tl_8" custom="readingOrder {index:15;}">
                <Coords points="663,2490 3959,2490 4020,2381 663,2437"/>
                <Baseline points="686,2471 710,2471 800,2471 889,2477 979,2477 1068,2477 1158,2477 1247,2471 1337,2471 1426,2471 1516,2471 1606,2471 1695,2471 1785,2465 1874,2465 1964,2465 2053,2465 2143,2465 2233,2465 2322,2465 2412,2459 2501,2465 2591,2459 2680,2465 2770,2459 2859,2459 2949,2459 3039,2453 3128,2453 3218,2453 3307,2453 3397,2453 3486,2453 3576,2453 3665,2447 3755,2447 3845,2441 3934,2441 4024,2436"/>
                <TextEquiv>
                    <Unicode>so stand das Elend des Lebens vor meinen Augen - und auch das Lachen</Unicode>
                </TextEquiv>
            </TextLine>
            <TextLine id="tr_3_tl_9" custom="readingOrder {index:16;}">
                <Coords points="663,2638 3723,2612 3915,2599 3915,2463 667,2538"/>
                <Baseline points="686,2591 704,2591 794,2585 883,2591 973,2591 1062,2585 1152,2585 1241,2591 1331,2579 1421,2585 1510,2585 1600,2579 1689,2579 1779,2579 1868,2579 1958,2579 2047,2579 2137,2579 2227,2585 2316,2579 2406,2579 2495,2579 2585,2579 2674,2579 2764,2579 2853,2579 2943,2573 3033,2573 3122,2573 3212,2573 3301,2573 3391,2573 3480,2567 3570,2567 3659,2567 3749,2561 3839,2561 3928,2555"/>
                <TextEquiv>
                    <Unicode>markaum zu verbeissen von wegen der unendlichen Torheit. - Aber ich</Unicode>
                </TextEquiv>
            </TextLine>
            <TextLine id="tr_3_tl_10" custom="readingOrder {index:17;}">
                <Coords points="663,2725 3645,2747 3893,2703 3898,2599 667,2638"/>
                <Baseline points="686,2710 770,2710 859,2710 949,2710 1038,2710 1128,2704 1218,2698 1307,2704 1397,2704 1486,2704 1576,2704 1665,2704 1755,2698 1844,2698 1934,2698 2024,2698 2113,2692 2203,2698 2292,2698 2382,2698 2471,2698 2561,2698 2650,2692 2740,2692 2830,2692 2919,2692 3009,2692 3098,2692 3188,2686 3277,2686 3367,2686 3456,2686 3546,2686 3636,2680 3725,2680 3815,2680 3904,2680"/>
                <TextEquiv>
                    <Unicode>liebe dich - das bleibt wahr - und kann dir's nicht sagen! Sie ist</Unicode>
                </TextEquiv>
            </TextLine>
            <TextLine id="tr_3_tl_11" custom="readingOrder {index:18;}">
                <Coords points="667,2830 3366,2873 3976,2817 3976,2725 667,2782"/>
                <Baseline points="692,2818 758,2830 847,2824 937,2818 1026,2818 1116,2818 1206,2818 1295,2818 1385,2818 1474,2812 1564,2818 1653,2818 1743,2818 1832,2818 1922,2812 2012,2812 2101,2812 2191,2818 2280,2818 2370,2818 2459,2812 2549,2812 2639,2806 2728,2806 2818,2812 2907,2812 2997,2806 3086,2806 3176,2806 3265,2800 3355,2800 3445,2800 3534,2800 3624,2800 3713,2800 3803,2794 3892,2794 3982,2794"/>
                <TextEquiv>
                    <Unicode>deine Freundin - ich dein Freund, du liebtest mit uns, freutest dich</Unicode>
                </TextEquiv>
            </TextLine>
            <TextLine id="tr_3_tl_12" custom="readingOrder {index:19;}">
                <Coords points="663,2947 3767,2982 3985,2974 3985,2834 663,2904"/>
                <Baseline points="686,2937 770,2937 859,2937 949,2937 1038,2937 1128,2937 1218,2937 1307,2943 1397,2937 1486,2937 1576,2937 1665,2931 1755,2931 1844,2931 1934,2931 2024,2931 2113,2931 2203,2931 2292,2931 2382,2931 2471,2925 2561,2931 2650,2925 2740,2925 2830,2919 2919,2919 3009,2925 3098,2919 3188,2919 3277,2919 3367,2913 3456,2913 3546,2913 3636,2913 3725,2913 3815,2913 3904,2913 3994,2913"/>
                <TextEquiv>
                    <Unicode>mit uns und du glaubst jetzt noch, als liebt' ich jenes Mädchen noch</Unicode>
                </TextEquiv>
            </TextLine>
            <TextLine id="tr_3_tl_13" custom="readingOrder {index:20;}">
                <Coords points="663,3061 3841,3074 4081,3043 4081,2921 663,3013"/>
                <Baseline points="686,3050 776,3056 865,3050 955,3050 1044,3050 1134,3056 1223,3050 1313,3056 1403,3056 1492,3050 1582,3045 1671,3050 1761,3050 1850,3050 1940,3050 2030,3050 2119,3050 2209,3045 2298,3050 2388,3050 2477,3045 2567,3045 2656,3045 2746,3045 2836,3039 2925,3033 3015,3039 3104,3039 3194,3039 3283,3033 3373,3033 3462,3027 3552,3033 3642,3033 3731,3027 3821,3027 3910,3027 4000,3027 4089,3021"/>
                <TextEquiv>
                    <Unicode>immer.- Und sagt' ich dir nun: ich liebe dich - du würdest lachen, und</Unicode>
                </TextEquiv>
            </TextLine>
            <TextLine id="tr_3_tl_14" custom="readingOrder {index:21;}">
                <Coords points="663,3178 4138,3178 4168,2991 3335,3117 663,3130"/>
                <Baseline points="686,3164 770,3170 859,3170 949,3164 1038,3170 1128,3170 1218,3164 1307,3164 1397,3164 1486,3164 1576,3170 1665,3164 1755,3170 1844,3164 1934,3164 2024,3164 2113,3164 2203,3164 2292,3158 2382,3158 2471,3152 2561,3152 2650,3158 2740,3152 2830,3158 2919,3158 3009,3152 3098,3152 3188,3152 3277,3152 3367,3140 3456,3146 3546,3146 3636,3146 3725,3146 3815,3146 3904,3146 3994,3146 4083,3140 4173,3140"/>
                <TextEquiv>
                    <Unicode>rief' ich leidenschaftlicher glühender: ich liebe dich - du würdest dich</Unicode>
                </TextEquiv>
            </TextLine>
            <TextLine id="tr_3_tl_15" custom="readingOrder {index:22;}">
                <Coords points="663,3287 3645,3327 4116,3292 4120,3170 663,3248"/>
                <Baseline points="686,3283 722,3283 812,3283 901,3283 991,3289 1080,3289 1170,3283 1259,3283 1349,3283 1438,3283 1528,3277 1618,3277 1707,3283 1797,3277 1886,3277 1976,3283 2065,3283 2155,3277 2244,3277 2334,3277 2424,3271 2513,3271 2603,3271 2692,3271 2782,3271 2871,3271 2961,3271 3050,3271 3140,3265 3230,3265 3319,3259 3409,3265 3498,3259 3588,3265 3677,3265 3767,3259 3857,3259 3946,3259 4036,3259 4125,3253"/>
                <TextEquiv>
                    <Unicode>was recht's wundern über die verrückten Einfälle der sonderbaren</Unicode>
                </TextEquiv>
            </TextLine>
            <TextLine id="tr_1_tl_1" custom="readingOrder {index:23;}">
                <Coords points="667,3427 4050,3418 4081,3283 667,3348"/>
                <Baseline points="692,3403 776,3409 865,3403 955,3409 1044,3403 1134,3403 1223,3403 1313,3403 1403,3403 1492,3403 1582,3397 1671,3397 1761,3403 1850,3397 1940,3397 2030,3397 2119,3397 2209,3391 2298,3391 2388,3391 2477,3391 2567,3385 2656,3385 2746,3385 2836,3385 2925,3385 3015,3385 3104,3385 3194,3385 3283,3385 3373,3385 3462,3385 3552,3379 3642,3379 3731,3379 3821,3373 3910,3379 4000,3373 4089,3373"/>
                <TextEquiv>
                    <Unicode>Menschen und, den stillen freundschaftlichen Blick auf mich</Unicode>
                </TextEquiv>
            </TextLine>
            <TextLine id="tr_1_tl_2" custom="readingOrder {index:24;}">
                <Coords points="667,3549 3789,3549 3911,3532 3911,3396 667,3479"/>
                <Baseline points="692,3534 698,3522 788,3516 877,3522 967,3522 1056,3522 1146,3516 1235,3516 1325,3516 1415,3510 1504,3516 1594,3516 1683,3516 1773,3516 1862,3516 1952,3516 2041,3516 2131,3516 2221,3510 2310,3510 2400,3510 2489,3510 2579,3504 2668,3504 2758,3504 2847,3498 2937,3504 3027,3504 3116,3498 3206,3498 3295,3498 3385,3498 3474,3492 3564,3492 3654,3492 3743,3492 3833,3492 3922,3498"/>
                <TextEquiv>
                    <Unicode>gerichtet, sagen: das sind wieder ganz Sie! - Ich bin nie ganz Ich,</Unicode>
                </TextEquiv>
            </TextLine>
            <TextLine id="tr_1_tl_3" custom="readingOrder {index:25;}">
                <Coords points="663,3667 3763,3658 3928,3641 3928,3527 663,3593"/>
                <Baseline points="686,3624 716,3636 806,3636 895,3636 985,3636 1074,3636 1164,3636 1253,3636 1343,3636 1432,3636 1522,3630 1612,3636 1701,3630 1791,3630 1880,3630 1970,3630 2059,3630 2149,3624 2238,3624 2328,3624 2418,3624 2507,3624 2597,3624 2686,3624 2776,3618 2865,3618 2955,3624 3045,3618 3134,3618 3224,3618 3313,3618 3403,3612 3492,3612 3582,3612 3671,3612 3761,3612 3851,3612 3940,3612"/>
                <TextEquiv>
                    <Unicode>meine Allverehrteste, ich nehme meine Wesenheit aus allen Ecken und</Unicode>
                </TextEquiv>
            </TextLine>
            <TextLine id="tr_1_tl_4" custom="readingOrder {index:26;}">
                <Coords points="663,3767 4016,3776 4016,3662 3479,3623 663,3671"/>
                <Baseline points="686,3749 710,3749 800,3755 889,3755 979,3755 1068,3755 1158,3749 1247,3749 1337,3749 1426,3743 1516,3749 1606,3749 1695,3749 1785,3749 1874,3743 1964,3743 2053,3743 2143,3743 2233,3743 2322,3743 2412,3743 2501,3743 2591,3743 2680,3737 2770,3737 2859,3737 2949,3731 3039,3731 3128,3731 3218,3731 3307,3731 3397,3725 3486,3725 3576,3731 3665,3725 3755,3725 3845,3725 3934,3725 4024,3725"/>
                <TextEquiv>
                    <Unicode>Enden, schlürfe sie zusammen aus allen Quellen der Natur, pflücke sie</Unicode>
                </TextEquiv>
            </TextLine>
            <TextLine id="tr_1_tl_5" custom="readingOrder {index:27;}">
                <Coords points="667,3911 3898,3924 3902,3767 667,3819"/>
                <Baseline points="692,3868 776,3868 865,3868 955,3868 1044,3868 1134,3862 1223,3868 1313,3862 1403,3868 1492,3862 1582,3868 1671,3862 1761,3862 1850,3862 1940,3857 2030,3857 2119,3857 2209,3857 2298,3857 2388,3857 2477,3857 2567,3857 2656,3857 2746,3857 2836,3851 2925,3851 3015,3851 3104,3851 3194,3851 3283,3851 3373,3851 3462,3851 3552,3851 3642,3845 3731,3851 3821,3839 3910,3845"/>
                <TextEquiv>
                    <Unicode>von allen Bäumen, wie man süsse und säure Früchte im ergiebigen (?)</Unicode>
                </TextEquiv>
            </TextLine>
            <TextLine id="tr_1_tl_6" custom="readingOrder {index:28;}">
                <Coords points="680,4011 3327,4024 3846,3998 3846,3907 680,3920"/>
                <Baseline points="704,3988 722,3982 812,3988 901,3988 991,3988 1080,3988 1170,3982 1259,3982 1349,3982 1438,3982 1528,3982 1618,3982 1707,3982 1797,3982 1886,3976 1976,3976 2065,3976 2155,3976 2244,3976 2334,3976 2424,3976 2513,3970 2603,3970 2692,3970 2782,3970 2871,3970 2961,3970 3050,3964 3140,3964 3230,3964 3319,3964 3409,3964 3498,3958 3588,3964 3677,3964 3767,3964 3857,3964"/>
                <TextEquiv>
                    <Unicode>Herbst herabschüttelt ins irdene Gefäss.- Du würdest meiner Seele</Unicode>
                </TextEquiv>
            </TextLine>
            <TextLine id="tr_1_tl_7" custom="readingOrder {index:29;}">
                <Coords points="663,4094 3950,4129 3950,3989 663,4059"/>
                <Baseline points="686,4095 734,4101 823,4107 913,4107 1003,4101 1092,4101 1182,4101 1271,4101 1361,4101 1450,4101 1540,4095 1629,4095 1719,4095 1809,4095 1898,4089 1988,4095 2077,4095 2167,4095 2256,4095 2346,4089 2436,4089 2525,4089 2615,4089 2704,4089 2794,4083 2883,4089 2973,4083 3062,4083 3152,4083 3242,4083 3331,4077 3421,4083 3510,4083 3600,4077 3689,4083 3779,4077 3868,4071 3958,4065"/>
                <TextEquiv>
                    <Unicode>wohltun, unsäglich wohl - denn ich brauche tiefe süsse innige Güte -</Unicode>
                </TextEquiv>
            </TextLine>
            <TextLine id="tr_1_tl_8" custom="readingOrder {index:30;}">
                <Coords points="667,4290 2385,4220 3798,4329 4055,4268 4055,4085 667,4181"/>
                <Baseline points="692,4215 752,4221 841,4221 931,4221 1020,4221 1110,4215 1200,4221 1289,4221 1379,4215 1468,4221 1558,4215 1647,4215 1737,4215 1827,4209 1916,4215 2006,4209 2095,4209 2185,4209 2274,4209 2364,4209 2453,4203 2543,4209 2633,4203 2722,4203 2812,4203 2901,4203 2991,4203 3080,4203 3170,4203 3259,4203 3349,4203 3439,4203 3528,4197 3618,4203 3707,4203 3797,4197 3886,4197 3976,4191 4065,4185"/>
                <TextEquiv>
                    <Unicode>aber leb wohl —. leb Wohl: denn ich würde deiner Seele nicht wohltun.- -</Unicode>
                </TextEquiv>
            </TextLine>
            <TextLine id="tr_1_tl_9" custom="readingOrder {index:31;}">
                <Coords points="3174,4465 3353,4456 3457,4508 3562,4478 3606,4513 3697,4482 3771,4521 3915,4521 3915,4321 3846,4295 3606,4404 3475,4373 3353,4417 3244,4351 3174,4347"/>
                <Baseline points="3200,4448 3212,4448 3301,4448 3391,4448 3480,4442 3570,4442 3659,4442 3749,4442 3839,4442 3928,4436"/>
                <TextEquiv>
                    <Unicode>..............</Unicode>
                </TextEquiv>
            </TextLine>
            <TextLine id="tr_1_tl_10" custom="readingOrder {index:32;}">
                <Coords points="2585,4678 2838,4731 2882,4691 3078,4722 3253,4683 3344,4718 3693,4700 3693,4539 3662,4530 3405,4530 3357,4495 3274,4547 2585,4521"/>
                <Baseline points="2609,4669 2698,4669 2788,4669 2877,4669 2967,4669 3056,4669 3146,4669 3236,4669 3325,4669 3415,4669 3504,4663 3594,4669 3683,4663 3701,4669"/>
                <TextEquiv>
                    <Unicode>Abends, den 6.Mai 1881.</Unicode>
                </TextEquiv>
            </TextLine>
            <TextLine id="tr_1_tl_11" custom="readingOrder {index:33;}">
                <Coords points="985,4822 4155,4813 3846,4635 3562,4731 1997,4744 1709,4600 985,4726"/>
                <Baseline points="1009,4800 1032,4800 1122,4800 1212,4806 1301,4800 1391,4800 1480,4794 1570,4794 1659,4800 1749,4794 1838,4794 1928,4794 2018,4794 2107,4794 2197,4788 2286,4788 2376,4788 2465,4788 2555,4788 2644,4788 2734,4788 2824,4788 2913,4788 3003,4782 3092,4782 3182,4782 3271,4782 3361,4782 3451,4782 3540,4782 3630,4782 3719,4782 3809,4782 3898,4776 3988,4776 4077,4776 4167,4764"/>
                <TextEquiv>
                    <Unicode>Und wieder eil' ich in deine Nähe, da es stets leerer wird rings-</Unicode>
                </TextEquiv>
            </TextLine>
            <TextLine id="tr_1_tl_12" custom="readingOrder {index:34;}">
                <Coords points="658,4979 4098,5023 4146,4818 663,4883"/>
                <Baseline points="686,4919 752,4925 841,4925 931,4925 1020,4925 1110,4925 1200,4925 1289,4925 1379,4919 1468,4919 1558,4913 1647,4913 1737,4919 1827,4913 1916,4919 2006,4919 2095,4913 2185,4913 2274,4913 2364,4913 2453,4907 2543,4907 2633,4907 2722,4907 2812,4907 2901,4901 2991,4901 3080,4901 3170,4901 3259,4901 3349,4907 3439,4907 3528,4907 3618,4901 3707,4901 3797,4901 3886,4895 3976,4895 4065,4895 4155,4883"/>
                <TextEquiv>
                    <Unicode>um.- Wozu ich lebe? Ist's mir nicht oft als wär' es wirklich nur deinet-</Unicode>
                </TextEquiv>
            </TextLine>
            <TextEquiv>
                <Unicode>

































</Unicode>
            </TextEquiv>
        </TextRegion>
    </Page>
</PcGts>
