6392 4088
409 723 2873 1058 lieben, guten Kerde über meine Liebe
348 1021 2016 1273 — zu eines andern...
425 1155 2769 1514 Ich wie ich mich ammergez - " Wenn man
449 1403 3134 1768 seine Existenz doch condensio konnte.
465 1627 2773 1926 lieger an dem Born des Freude,
405 1869 2776 2354 des Tribes, der Seligkeit —
412 2183 2006 2619 Wie die Tage hingehen.
348 2458 2682 2836 Aber waren schreib ich dein Regen
378 2746 2709 3004 kaufsdu, oder Brief doch nicht.
372 2960 2800 3282 und bor tbork will ich daft
368 3295 2522 3690 alber Geschichte nicht
3530 636 5609 1055 Tifevill mich mndlich in art
3496 894 5854 1340 vielmehr xxx bezahlen;
3831 1319 4872 1634 F. L. Schlafen.
3530 1470 5700 1889 Gute Nacht, das dorte am Enge
3506 1721 4544 2173 sein körnteß.
