3384 4072
937 106 2928 470 briefs a eene Unbekante
1370 373 3059 627 Nachts in vom 22ten April
191 430 340 561 is
2658 597 2962 828 1881
352 891 2570 1131 Seltsamer Brief, von den der Schreibes mit
400 1088 2574 1379 Waren weiß, er werde nie an seine Adresse
382 1355 2474 1594 gewesen. Ich liebe Dich. nun recht ich es
376 1582 2443 1861 ganz bestimmt, ich habe dich.... der lezte
346 1825 2470 2073 sich nun einmal nichts ander, -
367 2040 2428 2298 Ich wandelt, durch der Stadt auch
315 2273 2531 2540 Sache eines liebenswürdige geistrei¬
309 2498 2695 2807 für Freundes in tiefer emperear
352 2746 2537 3156 Nacht, wir schimpften beide
297 3046 2668 3368 weidlich über Welt und Morschlag
327 3328 2592 3619 und dafern - ja nur was das
