4392 5380
1566 357 1974 606 - 3 -
637 675 3923 946 wenn auch nicht dass ich dich liebte - glaub' ich dieses doch selbst
632 736 4065 1024 nicht - zu mindesten ahntest du, dass ich dich lieben könnte - dass Ich
645 959 3673 1136 dich lieben könnte - wie ein Verrückter - wir ein Narr - wenn -
1123 1024 4039 1239 Ja wenn...-wie die Poeten bin ich auch ein Mensch von Gnaden
658 1084 4112 1372 des Augenblieks -. Der Augenblicke - oder besser das Augerblickliche re-
658 1230 3850 1501 giert mich - macht mich selig und unselig. Ist's nicht lächerlich!
675 1376 3867 1617 Monatelang kenn ich dich und monatelang weiss ich: ich könnte dich
667 1557 2129 1720 lieben. Und liebe dich nicht -
1140 1596 3863 1819 Also lache, Mädchen, lache - es steht dir ja so reizend,
688 1841 1454 1966 wenn du lachst.-
1157 1850 3901 2056 Nie fühl ich mich gehobener, als wenn ich von dir komme -
693 1948 3863 2189 und nie unfertiger (?) mit mir selbst - Nie fühl ich besser
697 2086 4022 2293 was ich bedeute, nie weiss ich weniger, was ich bin.Leg' ich all dies
693 2189 4082 2426 geheimnisvolle mit Berechtigung in dein Gemüt - oder quillt es aus dem
693 2301 3768 2525 meinen - oder ist es eben nur ausser uns - zwischen uns beiden?
1183 2387 4125 2637 ...Also lache - lache über diese Worte, die du niemals lesen
697 2533 3660 2835 sollst, wenn ich mir vornehme...... aber was sind Vorsätze?...
