6520 4072
278 252 3102 500 meiner blauang zu Subster, divies Freundt. An
271 481 3136 703 ich schwärmte von ihrem blad Haar, wo ihr
244 598 3076 891 super Lippin von i tren Engelshyzen - im
188 756 3136 1060 du làcheltest un freu test leidop
233 929 3158 1230 ich Sie liebte... und dls wenn Empfind ist
165 1169 3110 1406 allgemach verloren wißtest du mod me
173 1252 3079 1557 in herzlicher; in schöne Worten von ihrer Liebe zu
218 1481 3136 1741 evzählen sind klagtest wber auch beklagtee
214 1613 3241 1940 Und gensso - ick sich as in aher f  - ahntest du-
222 1771 3155 2079 meam auch nicht, dass ich dict Gibh glaub ist
196 1944 3166 2331 dieses loch selbst nicht. Von mindesten Ahntt.
177 2053 3147 2452 du class ich dich C. wes könte - dass
267 2252 3083 2628 ich dich lieb konde - wie ein verrückter -
244 2444 1857 2673 wie ein Naug-weg-
278 2628 3143 2903 La weine wi die Soeten bin ick and
184 2767 3117 3106 in herst in Gnade des Aig inblickes,
196 2944 3079 3350 Der Agentliek - oder besse des Augenbliches
177 3173 3113 3474 regiert mich - wacht werck sely am u nsel
226 3282 3094 3583 It's wich lächerlich! The by Bennick Clerk
173 3470 3076 3824 in hand to weiss i Ich konnte deeb lieb
3354 226 4723 462 Und liebe das nicht-
3301 421 6234 643 Also lache, linditer, lache - so stet Cles
3339 590 5482 775 ja so reigend, wenn du lachil.
3346 778 6223 959 Nie fühl' ob mich getotener, als wenn es so
3271 944 6272 1151 die komme - und nie unfahr mit mis selbst¬
3298 1132 6272 1308 Nie fühl ich besser was ich bedeut, nu weiss
3313 1245 6189 1466 ich weniger, was ich bin. - Ley ich all dies
3346 1395 6238 1628 geheimsvolle mit Berechtig in dem Gemit¬
3346 1549 6204 1752 ode quellt es aus den meine - oder ister
3343 1748 6306 1951 eben mir auße im - gewiselen ging beiden
3666 1861 6091 2083 Also caché - lache inher diese
3358 2019 6253 2248 Worte, die du noemals lese sollat, wie
3346 2218 6204 2459 ich mir fornetme. Als was sind
3399 2346 4482 2621 Veriatge?
