3416 4120
2251 166 2994 469 Wm. 12 Tüd'ss
558 251 1382 403 Dritte Buch,
1892 274 2114 473 An
259 532 2916 780 Londahous bradten! Seltsames liadchen
292 784 3171 931 Verblossen die Farlerdienes Seele niemals? Nacht
240 891 3131 1127 dem Reiz liess eijschimliche hefe Reis immer.
248 1101 3127 1301 Vielleicht eher deshalb - weil ich dich nie voren
251 1223 3190 1427 libté. Abey vielleicht hatt ich dich liebes kon
233 1423 3194 1641 so waren alle irgend men und ich hatte vielleicht
222 1615 3142 1807 meenganges - ich weiss es doch - so volles Gebühl
248 1745 3049 1963 or die Dnsebergworfen wie hell kegenile
222 1878 3109 2166 lungen von Gold etzt es huisgeber in Klageld
233 2074 1268 2295 an die nd jure
255 2214 3090 2436 ehe Ihn schmeht der Unrecht die gute, die
237 2369 3164 2624 unendlich gute regessene. Oh ist habe dich
277 2562 3197 2772 geliebt gewiss, mehrplicht zum mindesten heraus.
214 2728 3120 2968 Clamendes, als 9bre, an welche deeze Zisten, ohne je
211 2883 2207 3112 ihres Weg zu finden, sich richten.
251 3024 3160 3282 Es it the alte Cächerliche Geschichte von Chy
251 3175 3208 3401 Tremde de Geliebte. Altsames has he -
225 3360 3201 3563 da capest til neber mis mit dem grosse
255 3515 3186 3770 brane freundliche Augen und wir sprachen von
