<?xml version="1.0" encoding="UTF-8" standalone="yes"?>
<PcGts xmlns="http://schema.primaresearch.org/PAGE/gts/pagecontent/2013-07-15" xmlns:xsi="http://www.w3.org/2001/XMLSchema-instance" xsi:schemaLocation="http://schema.primaresearch.org/PAGE/gts/pagecontent/2013-07-15 http://schema.primaresearch.org/PAGE/gts/pagecontent/2013-07-15/pagecontent.xsd">
    <Metadata>
        <Creator>prov=READ-COOP:name=TrHtr:version=2.1.0:model_id=51170:date=15_08_2023_02:28</Creator>
        <Created>2023-05-10T15:08:16.283+02:00</Created>
        <LastChange>2023-08-15T02:28:49.336+02:00</LastChange>
        <TranskribusMetadata docId="1428806" pageId="55430529" pageNr="6" tsid="132837472" status="IN_PROGRESS" userId="64420" imgUrl="https://files.transkribus.eu/Get?id=SRRZRJQGQGTOKDFHEKQJBDPR&amp;fileType=view" xmlUrl="https://files.transkribus.eu/Get?id=YZEMSAWSZLMZKNBINKMKCGGG" imageId="44704601"/>
    </Metadata>
    <Page imageFilename="1428806_0006.jpg" imageWidth="4408" imageHeight="5300">
        <ReadingOrder>
            <OrderedGroup id="ro_1711804878540" caption="Regions reading order">
                <RegionRefIndexed index="0" regionRef="TextRegion_1690187063114_253"/>
            </OrderedGroup>
        </ReadingOrder>
        <TextRegion id="TextRegion_1690187063114_253" custom="readingOrder {index:0;}">
            <Coords points="668,499 4207,499 4207,2075 4177,5130 644,5130 644,2498"/>
            <TextLine id="tr_2_tl_1" custom="readingOrder {index:0;}">
                <Coords points="1642,572 1717,564 1770,590 1809,559 1915,608 1942,638 1964,621 2012,634 2016,436 1942,427 1911,392 1853,436 1818,431 1708,484 1673,458 1647,462"/>
                <Baseline points="1665,555 1838,555 1927,549 2017,549"/>
                <TextEquiv>
                    <Unicode>- 2 -</Unicode>
                </TextEquiv>
            </TextLine>
            <TextLine id="tr_2_tl_2" custom="readingOrder {index:1;}">
                <Coords points="652,801 3623,823 4064,797 4068,608 3720,709 652,740"/>
                <Baseline points="674,787 763,787 853,787 943,793 1032,787 1122,787 1211,781 1301,781 1390,781 1480,781 1569,781 1659,781 1748,781 1838,775 1927,775 2017,775 2106,775 2196,775 2285,775 2375,769 2464,775 2554,769 2644,769 2733,769 2823,769 2912,769 3002,763 3091,763 3181,763 3270,763 3360,763 3449,763 3539,763 3628,763 3718,763 3807,757 3897,752 3986,752 4076,746"/>
                <TextEquiv>
                    <Unicode>wegen.... und Du immer mit deinen edelherzigen Worten über jene Liebe-</Unicode>
                </TextEquiv>
            </TextLine>
            <TextLine id="tr_2_tl_3" custom="readingOrder {index:2;}">
                <Coords points="652,916 3394,938 3980,903 4112,779 652,841"/>
                <Baseline points="674,901 722,901 811,901 901,901 990,901 1080,901 1169,895 1259,895 1348,895 1438,895 1527,895 1617,895 1706,895 1796,895 1886,895 1975,889 2065,889 2154,889 2244,889 2333,889 2423,889 2512,889 2602,883 2691,883 2781,889 2870,883 2960,877 3049,883 3139,871 3228,877 3318,877 3407,877 3497,877 3587,877 3676,877 3766,871 3855,871 3945,865 4034,859 4124,859"/>
                <TextEquiv>
                    <Unicode>über deine Freundin die doch wirklich würdig wäre,- mich zu vergessen -</Unicode>
                </TextEquiv>
            </TextLine>
            <TextLine id="tr_2_tl_4" custom="readingOrder {index:3;}">
                <Coords points="652,1030 3993,1092 3993,920 3861,898 652,964"/>
                <Baseline points="674,1020 686,1014 775,1014 865,1014 954,1014 1044,1014 1134,1014 1223,1014 1313,1008 1402,1014 1492,1014 1581,1008 1671,1008 1760,1008 1850,1008 1939,1008 2029,1008 2118,1008 2208,1008 2297,1002 2387,1002 2476,1002 2566,1002 2655,1002 2745,1002 2835,1002 2924,996 3014,996 3103,996 3193,996 3282,996 3372,996 3461,990 3551,996 3640,996 3730,996 3819,984 3909,984 3998,990"/>
                <TextEquiv>
                    <Unicode>aber niemals von mir vergessen zu werden, du immer mit deinen lieben,</Unicode>
                </TextEquiv>
            </TextLine>
            <TextLine id="tr_2_tl_5" custom="readingOrder {index:4;}">
                <Coords points="643,1153 2967,1131 2967,1048 2853,1026 647,1087"/>
                <Baseline points="668,1145 740,1139 829,1134 919,1134 1008,1134 1098,1134 1187,1128 1277,1128 1366,1128 1456,1128 1545,1128 1635,1128 1724,1128 1814,1128 1903,1128 1993,1128 2082,1122 2172,1128 2262,1122 2351,1122 2441,1122 2530,1116 2620,1122 2709,1116 2799,1116 2888,1110 2978,1116"/>
                <TextEquiv>
                    <Unicode>guten Reden über meine Liebe - zu einer andern¬</Unicode>
                </TextEquiv>
            </TextLine>
            <TextLine id="tr_2_tl_6" custom="readingOrder {index:5;}">
                <Coords points="1074,1281 3341,1290 4156,1237 4196,1153 1074,1189"/>
                <Baseline points="1098,1253 1163,1247 1253,1247 1342,1247 1432,1247 1521,1247 1611,1247 1701,1241 1790,1241 1880,1241 1969,1241 2059,1241 2148,1241 2238,1241 2327,1235 2417,1235 2506,1235 2596,1235 2685,1235 2775,1235 2864,1235 2954,1235 3043,1235 3133,1235 3222,1229 3312,1229 3402,1229 3491,1229 3581,1229 3670,1229 3760,1229 3849,1229 3939,1229 4028,1223 4118,1223 4207,1229"/>
                <TextEquiv>
                    <Unicode>O wie ich mich ennuyiere -! Wenn man seine Existenz doch......</Unicode>
                </TextEquiv>
            </TextLine>
            <TextLine id="tr_2_tl_7" custom="readingOrder {index:6;}">
                <Coords points="643,1378 3601,1396 3927,1378 3927,1281 643,1308"/>
                <Baseline points="668,1366 716,1366 805,1366 895,1360 984,1354 1074,1360 1163,1360 1253,1360 1342,1360 1432,1360 1521,1354 1611,1360 1701,1354 1790,1360 1880,1354 1969,1354 2059,1354 2148,1354 2238,1348 2327,1348 2417,1354 2506,1354 2596,1348 2685,1348 2775,1348 2864,1348 2954,1348 3043,1348 3133,1348 3222,1348 3312,1342 3402,1348 3491,1348 3581,1348 3670,1342 3760,1342 3849,1342 3939,1348"/>
                <TextEquiv>
                    <Unicode>könnte - länger an den Born der Freude - des Jubels, der Seligkeit.-</Unicode>
                </TextEquiv>
            </TextLine>
            <TextLine id="tr_2_tl_8" custom="readingOrder {index:7;}">
                <Coords points="1079,1488 1233,1506 1272,1475 1391,1523 1462,1479 1603,1519 1717,1484 1853,1532 2021,1488 2245,1506 2245,1422 2148,1400 1510,1396 1466,1440 1338,1396 1286,1440 1079,1404"/>
                <Baseline points="1104,1480 1110,1480 1199,1480 1289,1474 1378,1480 1468,1474 1557,1474 1647,1474 1736,1474 1826,1474 1915,1474 2005,1474 2094,1474 2255,1480"/>
                <TextEquiv>
                    <Unicode>Wie die Tage hingehen -</Unicode>
                </TextEquiv>
            </TextLine>
            <TextLine id="tr_2_tl_9" custom="readingOrder {index:8;}">
                <Coords points="1074,1607 3650,1625 3997,1580 3997,1466 1074,1554"/>
                <Baseline points="1098,1593 1145,1593 1235,1593 1325,1587 1414,1587 1504,1587 1593,1593 1683,1587 1772,1587 1862,1587 1951,1587 2041,1587 2130,1587 2220,1587 2309,1587 2399,1587 2488,1581 2578,1581 2667,1581 2757,1581 2846,1581 2936,1581 3026,1575 3115,1575 3205,1575 3294,1575 3384,1575 3473,1575 3563,1575 3652,1575 3742,1569 3831,1569 3921,1563 4010,1569"/>
                <TextEquiv>
                    <Unicode>Aber warum schreib'ich denn,- Kriegen kannst du ja den Brief</Unicode>
                </TextEquiv>
            </TextLine>
            <TextLine id="tr_2_tl_10" custom="readingOrder {index:9;}">
                <Coords points="643,1713 3967,1748 4081,1603 643,1677"/>
                <Baseline points="668,1712 692,1706 781,1712 871,1712 960,1712 1050,1712 1139,1712 1229,1712 1319,1706 1408,1706 1498,1706 1587,1706 1677,1706 1766,1706 1856,1706 1945,1706 2035,1706 2124,1706 2214,1706 2303,1706 2393,1701 2482,1701 2572,1701 2661,1701 2751,1701 2840,1701 2930,1695 3020,1695 3109,1695 3199,1695 3288,1695 3378,1695 3467,1695 3557,1695 3646,1689 3736,1689 3825,1689 3915,1689 4004,1683 4094,1683"/>
                <TextEquiv>
                    <Unicode>doch nicht und breittreten will ich n diese alberne Geschichte nicht. Ich</Unicode>
                </TextEquiv>
            </TextLine>
            <TextLine id="tr_2_tl_11" custom="readingOrder {index:10;}">
                <Coords points="643,1827 3416,1875 3953,1823 3953,1726 643,1774"/>
                <Baseline points="668,1826 740,1826 829,1826 919,1826 1008,1826 1098,1826 1187,1826 1277,1826 1366,1826 1456,1820 1545,1820 1635,1820 1724,1820 1814,1820 1903,1820 1993,1826 2082,1820 2172,1820 2262,1820 2351,1820 2441,1820 2530,1820 2620,1814 2709,1814 2799,1814 2888,1814 2978,1814 3067,1814 3157,1814 3246,1814 3336,1814 3425,1814 3515,1814 3604,1814 3694,1814 3784,1808 3873,1808 3963,1814"/>
                <TextEquiv>
                    <Unicode>will mich mündlich oder vielmehr stumm weiter langweilen...... z.B.</Unicode>
                </TextEquiv>
            </TextLine>
            <TextLine id="tr_2_tl_12" custom="readingOrder {index:11;}">
                <Coords points="656,1959 964,1955 1105,1972 1101,1911 1057,1889 1004,1889 986,1871 933,1871 903,1889 867,1858 854,1871 770,1871 753,1889 652,1889"/>
                <Baseline points="674,1945 763,1945 853,1945 943,1945 1032,1945 1110,1951"/>
                <TextEquiv>
                    <Unicode>schlafen.</Unicode>
                </TextEquiv>
            </TextLine>
            <TextLine id="tr_2_tl_13" custom="readingOrder {index:12;}">
                <Coords points="1092,2074 3253,2087 3355,2069 3355,1919 1092,1990"/>
                <Baseline points="1116,2065 1128,2059 1217,2059 1307,2059 1396,2059 1486,2059 1575,2059 1665,2059 1754,2059 1844,2059 1933,2053 2023,2053 2112,2053 2202,2053 2291,2053 2381,2053 2470,2047 2560,2053 2650,2053 2739,2047 2829,2047 2918,2047 3008,2041 3097,2041 3187,2041 3276,2041 3366,2047"/>
                <TextEquiv>
                    <Unicode>Gute Nacht, du, die du ein Engel sein könntest.</Unicode>
                </TextEquiv>
            </TextLine>
            <TextLine id="tr_1_tl_1" custom="readingOrder {index:13;}">
                <Coords points="2549,2571 2712,2593 2769,2567 2840,2597 2998,2567 3077,2597 3170,2558 3337,2615 3337,2395 3126,2443 2998,2404 2901,2470 2624,2483 2549,2452"/>
                <Baseline points="2572,2548 2661,2548 2751,2548 2840,2548 2930,2548 3020,2548 3109,2548 3199,2548 3288,2548 3342,2548"/>
                <TextEquiv>
                    <Unicode>Wien 17.Juli 83</Unicode>
                </TextEquiv>
            </TextLine>
            <TextLine id="tr_1_tl_2" custom="readingOrder {index:14;}">
                <Coords points="1074,2765 1347,2765 1374,2787 1488,2760 1818,2769 1818,2677 1074,2681"/>
                <Baseline points="1098,2751 1187,2751 1277,2751 1366,2751 1456,2751 1545,2751 1635,2751 1724,2751 1814,2751 1826,2751"/>
                <TextEquiv>
                    <Unicode>An</Unicode>
                </TextEquiv>
            </TextLine>
            <TextLine id="tr_1_tl_3" custom="readingOrder {index:15;}">
                <Coords points="1074,2870 3654,2914 4108,2866 4108,2752 1074,2787"/>
                <Baseline points="1098,2864 1157,2864 1247,2864 1336,2858 1426,2858 1515,2858 1605,2858 1695,2864 1784,2858 1874,2858 1963,2858 2053,2858 2142,2858 2232,2858 2321,2858 2411,2858 2500,2858 2590,2858 2679,2858 2769,2858 2858,2858 2948,2858 3037,2858 3127,2852 3217,2852 3306,2852 3396,2846 3485,2852 3575,2846 3664,2846 3754,2846 3843,2846 3933,2846 4022,2846 4112,2846"/>
                <TextEquiv>
                    <Unicode>Sonderbares Mädchen! Seltsames Mäàdchen...verblassen die Farben</Unicode>
                </TextEquiv>
            </TextLine>
            <TextLine id="tr_1_tl_4" custom="readingOrder {index:16;}">
                <Coords points="643,2989 3967,3016 4081,2866 643,2928"/>
                <Baseline points="668,2984 692,2984 781,2984 871,2984 960,2978 1050,2978 1139,2984 1229,2978 1319,2978 1408,2978 1498,2978 1587,2978 1677,2978 1766,2978 1856,2978 1945,2978 2035,2978 2124,2972 2214,2972 2303,2978 2393,2978 2482,2978 2572,2978 2661,2978 2751,2978 2840,2978 2930,2972 3020,2972 3109,2972 3199,2972 3288,2966 3378,2966 3467,2966 3557,2966 3646,2966 3736,2966 3825,2966 3915,2966 4004,2966 4094,2966"/>
                <TextEquiv>
                    <Unicode>deiner Seele niemals? Vergeht dein Reiz...... dieser eigentümliche tiefe</Unicode>
                </TextEquiv>
            </TextLine>
            <TextLine id="tr_1_tl_5" custom="readingOrder {index:17;}">
                <Coords points="643,3117 3694,3135 3909,3117 3909,3003 643,3047"/>
                <Baseline points="668,3103 698,3103 787,3103 877,3097 966,3097 1056,3097 1145,3097 1235,3097 1325,3097 1414,3097 1504,3097 1593,3097 1683,3097 1772,3091 1862,3097 1951,3097 2041,3091 2130,3091 2220,3091 2309,3091 2399,3097 2488,3091 2578,3091 2667,3091 2757,3091 2846,3091 2936,3085 3026,3085 3115,3085 3205,3085 3294,3085 3384,3085 3473,3085 3563,3079 3652,3079 3742,3079 3831,3079 3921,3079"/>
                <TextEquiv>
                    <Unicode>Reiz nimmer..vielleicht ebendeshalb, weil ich dich nie rasend</Unicode>
                </TextEquiv>
            </TextLine>
            <TextLine id="tr_1_tl_6" custom="readingOrder {index:18;}">
                <Coords points="638,3227 3857,3245 3857,3121 3570,3091 638,3135"/>
                <Baseline points="662,3217 734,3217 823,3217 913,3211 1002,3217 1092,3217 1181,3217 1271,3217 1360,3217 1450,3217 1539,3211 1629,3211 1718,3211 1808,3211 1897,3211 1987,3211 2077,3205 2166,3211 2256,3205 2345,3205 2435,3205 2524,3205 2614,3205 2703,3205 2793,3205 2882,3205 2972,3205 3061,3205 3151,3199 3240,3199 3330,3199 3419,3199 3509,3199 3598,3199 3688,3199 3778,3199 3867,3199"/>
                <TextEquiv>
                    <Unicode>liebte?... aber vielleicht hätt' ich dich lieben können - sorasend</Unicode>
                </TextEquiv>
            </TextLine>
            <TextLine id="tr_1_tl_7" custom="readingOrder {index:19;}">
                <Coords points="643,3337 3896,3359 3896,3236 643,3275"/>
                <Baseline points="668,3336 686,3330 775,3336 865,3336 954,3330 1044,3330 1134,3330 1223,3330 1313,3336 1402,3336 1492,3330 1581,3330 1671,3330 1760,3330 1850,3330 1939,3324 2029,3324 2118,3324 2208,3324 2297,3324 2387,3324 2476,3324 2566,3324 2655,3318 2745,3318 2835,3318 2924,3318 3014,3318 3103,3318 3193,3318 3282,3312 3372,3318 3461,3312 3551,3312 3640,3318 3730,3312 3819,3318 3909,3318"/>
                <TextEquiv>
                    <Unicode>als irgendwen....und ich hätte mein Ganzes - ich weiss es doch - so</Unicode>
                </TextEquiv>
            </TextLine>
            <TextLine id="tr_1_tl_8" custom="readingOrder {index:20;}">
                <Coords points="643,3447 4028,3491 3945,3319 643,3386"/>
                <Baseline points="668,3443 728,3449 817,3449 907,3449 996,3449 1086,3449 1175,3449 1265,3449 1354,3443 1444,3443 1533,3443 1623,3443 1712,3443 1802,3443 1892,3443 1981,3443 2071,3443 2160,3443 2250,3443 2339,3437 2429,3437 2518,3437 2608,3437 2697,3437 2787,3437 2876,3437 2966,3437 3055,3437 3145,3437 3234,3437 3324,3431 3413,3431 3503,3431 3593,3431 3682,3431 3772,3431 3861,3431 3951,3431 4040,3431"/>
                <TextEquiv>
                    <Unicode>volles Gefühl vor die Knie dir geworfen wie hell klingende Münzen</Unicode>
                </TextEquiv>
            </TextLine>
            <TextLine id="tr_1_tl_9" custom="readingOrder {index:21;}">
                <Coords points="652,3575 3443,3592 3491,3474 652,3504"/>
                <Baseline points="674,3557 763,3563 853,3563 943,3563 1032,3569 1122,3563 1211,3563 1301,3563 1390,3557 1480,3563 1569,3563 1659,3563 1748,3563 1838,3557 1927,3563 2017,3557 2106,3563 2196,3557 2285,3563 2375,3557 2464,3557 2554,3557 2644,3557 2733,3551 2823,3551 2912,3551 3002,3551 3091,3551 3181,3551 3270,3551 3360,3545 3449,3551 3503,3557"/>
                <TextEquiv>
                    <Unicode>von Gold, statt es hinzugeben in Kleingeld an die und jene,</Unicode>
                </TextEquiv>
            </TextLine>
            <TextLine id="tr_1_tl_10" custom="readingOrder {index:22;}">
                <Coords points="1123,3729 3936,3694 3936,3566 1123,3628"/>
                <Baseline points="1145,3682 1169,3682 1259,3682 1348,3676 1438,3682 1527,3682 1617,3682 1706,3682 1796,3676 1886,3676 1975,3676 2065,3676 2154,3676 2244,3676 2333,3676 2423,3676 2512,3676 2602,3676 2691,3670 2781,3670 2870,3670 2960,3670 3049,3670 3139,3670 3228,3670 3318,3664 3407,3664 3497,3670 3587,3670 3676,3670 3766,3664 3855,3670 3945,3676"/>
                <TextEquiv>
                    <Unicode>Aber tu ich nicht dir unrecht, du Gute, du unendlich Gute,,</Unicode>
                </TextEquiv>
            </TextLine>
            <TextLine id="tr_1_tl_11" custom="readingOrder {index:23;}">
                <Coords points="643,3791 3980,3843 4037,3667 643,3729"/>
                <Baseline points="668,3789 734,3795 823,3795 913,3795 1002,3795 1092,3795 1181,3801 1271,3801 1360,3801 1450,3795 1539,3795 1629,3795 1718,3795 1808,3789 1897,3795 1987,3789 2077,3789 2166,3789 2256,3789 2345,3789 2435,3789 2524,3789 2614,3789 2703,3784 2793,3784 2882,3789 2972,3784 3061,3784 3151,3784 3240,3778 3330,3784 3419,3784 3509,3784 3598,3784 3688,3784 3778,3784 3867,3778 3957,3778 4046,3772"/>
                <TextEquiv>
                    <Unicode>Vergessene....0 ich habe dich geliebt, gewiss, mehr gelieht, zum min-</Unicode>
                </TextEquiv>
            </TextLine>
            <TextLine id="tr_1_tl_12" custom="readingOrder {index:24;}">
                <Coords points="621,3923 3262,3975 3962,3945 4037,3830 621,3874"/>
                <Baseline points="644,3909 734,3915 823,3915 913,3909 1002,3915 1092,3909 1181,3909 1271,3909 1360,3909 1450,3909 1539,3909 1629,3915 1718,3915 1808,3909 1897,3909 1987,3909 2077,3909 2166,3909 2256,3909 2345,3909 2435,3909 2524,3903 2614,3909 2703,3903 2793,3909 2882,3909 2972,3903 3061,3903 3151,3903 3240,3903 3330,3903 3419,3903 3509,3903 3598,3903 3688,3903 3778,3903 3867,3903 3957,3903 4046,3909"/>
                <TextEquiv>
                    <Unicode>desten hei ser, flammender, als die....an welche diese Zeilen,</Unicode>
                </TextEquiv>
            </TextLine>
            <TextLine id="tr_1_tl_13" custom="readingOrder {index:25;}">
                <Coords points="652,4041 2584,4077 2686,4046 2686,3945 652,3967"/>
                <Baseline points="674,4034 728,4028 817,4028 907,4028 996,4028 1086,4028 1175,4028 1265,4028 1354,4028 1444,4028 1533,4028 1623,4028 1712,4028 1802,4028 1892,4022 1981,4022 2071,4022 2160,4022 2250,4022 2339,4022 2429,4022 2518,4016 2608,4016 2697,4028"/>
                <TextEquiv>
                    <Unicode>ohne je ihren Weg zu finden, sich richten!</Unicode>
                </TextEquiv>
            </TextLine>
            <TextLine id="tr_1_tl_14" custom="readingOrder {index:26;}">
                <Coords points="1158,4147 3997,4196 3997,4046 3513,4081 3364,3997 2474,4103 1158,4081"/>
                <Baseline points="1181,4142 1235,4142 1325,4142 1414,4142 1504,4142 1593,4142 1683,4142 1772,4142 1862,4142 1951,4142 2041,4142 2130,4142 2220,4142 2309,4136 2399,4136 2488,4136 2578,4136 2667,4136 2757,4136 2846,4136 2936,4136 3026,4130 3115,4130 3205,4130 3294,4136 3384,4130 3473,4136 3563,4136 3652,4136 3742,4136 3831,4130 3921,4130 4010,4136"/>
                <TextEquiv>
                    <Unicode>Esist die alte lächerliche Geschichte von der Freundin der</Unicode>
                </TextEquiv>
            </TextLine>
            <TextLine id="tr_1_tl_15" custom="readingOrder {index:27;}">
                <Coords points="643,4270 3553,4314 3874,4292 3879,4178 647,4200"/>
                <Baseline points="668,4255 752,4261 841,4261 931,4261 1020,4261 1110,4261 1199,4261 1289,4261 1378,4261 1468,4261 1557,4255 1647,4255 1736,4255 1826,4255 1915,4255 2005,4255 2094,4255 2184,4249 2273,4255 2363,4255 2453,4255 2542,4249 2632,4249 2721,4249 2811,4249 2900,4249 2990,4249 3079,4249 3169,4249 3258,4249 3348,4249 3437,4249 3527,4249 3616,4249 3706,4249 3795,4249 3885,4249"/>
                <TextEquiv>
                    <Unicode>Geliebten....Seltsames Mädchen -da sassest du neben mir mit deinen</Unicode>
                </TextEquiv>
            </TextLine>
            <TextLine id="tr_1_tl_16" custom="readingOrder {index:28;}">
                <Coords points="638,4402 3716,4407 3940,4314 638,4332"/>
                <Baseline points="662,4386 728,4380 817,4374 907,4374 996,4374 1086,4374 1175,4374 1265,4374 1354,4374 1444,4374 1533,4374 1623,4374 1712,4374 1802,4374 1892,4374 1981,4374 2071,4374 2160,4374 2250,4374 2339,4374 2429,4368 2518,4368 2608,4368 2697,4368 2787,4368 2876,4368 2966,4368 3055,4362 3145,4362 3234,4362 3324,4362 3413,4368 3503,4362 3593,4362 3682,4362 3772,4362 3861,4362 3951,4362"/>
                <TextEquiv>
                    <Unicode>grossen braunen freundlichen Augen und wir sprachen von meiner blau-</Unicode>
                </TextEquiv>
            </TextLine>
            <TextLine id="tr_1_tl_17" custom="readingOrder {index:29;}">
                <Coords points="652,4513 3975,4517 4068,4394 652,4420"/>
                <Baseline points="674,4494 763,4494 853,4494 943,4494 1032,4494 1122,4494 1211,4488 1301,4488 1390,4488 1480,4488 1569,4488 1659,4488 1748,4488 1838,4488 1927,4488 2017,4488 2106,4488 2196,4488 2285,4488 2375,4488 2464,4482 2554,4482 2644,4482 2733,4482 2823,4482 2912,4482 3002,4482 3091,4482 3181,4482 3270,4482 3360,4482 3449,4482 3539,4482 3628,4482 3718,4482 3807,4482 3897,4476 3986,4476 4076,4482"/>
                <TextEquiv>
                    <Unicode>äugigen Liebsten, deiner Freundin. Und ich schwärmte von ihrem blinden</Unicode>
                </TextEquiv>
            </TextLine>
            <TextLine id="tr_1_tl_18" custom="readingOrder {index:30;}">
                <Coords points="634,4649 4138,4653 4165,4495 634,4552"/>
                <Baseline points="656,4607 686,4607 775,4607 865,4613 954,4607 1044,4607 1134,4607 1223,4607 1313,4607 1402,4607 1492,4607 1581,4607 1671,4607 1760,4607 1850,4607 1939,4601 2029,4601 2118,4601 2208,4601 2297,4601 2387,4601 2476,4601 2566,4601 2655,4601 2745,4601 2835,4601 2924,4601 3014,4595 3103,4601 3193,4601 3282,4601 3372,4601 3461,4595 3551,4601 3640,4601 3730,4601 3819,4601 3909,4595 3998,4595 4088,4589 4177,4595"/>
                <TextEquiv>
                    <Unicode>Haar, von Ihren süssen Lippen, von ihrem Engelsherzen - und du lächeltest</Unicode>
                </TextEquiv>
            </TextLine>
            <TextLine id="tr_1_tl_19" custom="readingOrder {index:31;}">
                <Coords points="634,4733 4046,4759 3958,4614 634,4675"/>
                <Baseline points="656,4727 746,4727 835,4727 925,4727 1014,4721 1104,4721 1193,4721 1283,4721 1372,4721 1462,4721 1551,4721 1641,4721 1730,4721 1820,4721 1909,4721 1999,4721 2088,4721 2178,4721 2268,4721 2357,4721 2447,4721 2536,4721 2626,4721 2715,4721 2805,4721 2894,4715 2984,4715 3073,4715 3163,4715 3252,4715 3342,4721 3431,4715 3521,4715 3610,4715 3700,4715 3789,4715 3879,4715 3969,4709 4058,4709"/>
                <TextEquiv>
                    <Unicode>und freutest dich, dass ich sie liebte...und als meine Empfindung sich</Unicode>
                </TextEquiv>
            </TextLine>
            <TextLine id="tr_1_tl_20" custom="readingOrder {index:32;}">
                <Coords points="652,4896 3967,4887 4024,4741 652,4755"/>
                <Baseline points="674,4858 722,4846 811,4846 901,4846 990,4846 1080,4846 1169,4840 1259,4840 1348,4840 1438,4840 1527,4840 1617,4840 1706,4840 1796,4840 1886,4840 1975,4840 2065,4840 2154,4840 2244,4840 2333,4840 2423,4840 2512,4840 2602,4834 2691,4834 2781,4840 2870,4834 2960,4834 3049,4834 3139,4834 3228,4834 3318,4834 3407,4834 3497,4840 3587,4834 3676,4840 3766,4834 3855,4828 3945,4828 4034,4840"/>
                <TextEquiv>
                    <Unicode>(?) allgemach verloren, wusstest du noch immer in herzlichen,</Unicode>
                </TextEquiv>
            </TextLine>
            <TextLine id="tr_1_tl_21" custom="readingOrder {index:33;}">
                <Coords points="621,4997 3711,5028 3940,5001 3940,4852 621,4900"/>
                <Baseline points="644,4965 728,4965 817,4965 907,4959 996,4959 1086,4959 1175,4959 1265,4959 1354,4959 1444,4959 1533,4959 1623,4959 1712,4959 1802,4959 1892,4959 1981,4959 2071,4959 2160,4959 2250,4959 2339,4959 2429,4959 2518,4959 2608,4953 2697,4959 2787,4959 2876,4953 2966,4953 3055,4959 3145,4959 3234,4959 3324,4953 3413,4953 3503,4953 3593,4953 3682,4953 3772,4953 3861,4953 3951,4953"/>
                <TextEquiv>
                    <Unicode>in schönen Worten von ihrer Liebe zu erzählen und klagtest übermich,</Unicode>
                </TextEquiv>
            </TextLine>
            <TextLine id="tr_1_tl_22" custom="readingOrder {index:34;}">
                <Coords points="634,5120 2377,5208 4041,5041 634,5054"/>
                <Baseline points="656,5109 698,5109 787,5109 877,5114 966,5114 1056,5109 1145,5109 1235,5109 1325,5109 1414,5114 1504,5114 1593,5120 1683,5114 1772,5114 1862,5109 1951,5109 2041,5109 2130,5109 2220,5109 2309,5103 2399,5103 2488,5103 2578,5103 2667,5103 2757,5103 2846,5103 2936,5103 3026,5103 3115,5109 3205,5114 3294,5109 3384,5109 3473,5103 3563,5103 3652,5097 3742,5091 3831,5097 3921,5091 4051,5085"/>
                <TextEquiv>
                    <Unicode>beklagtest sie. Und gewiss - ich sah es in deinen Zügen - ahntest du -</Unicode>
                </TextEquiv>
            </TextLine>
            <TextEquiv>
                <Unicode>

































</Unicode>
            </TextEquiv>
        </TextRegion>
    </Page>
</PcGts>
