4552 5672
1134 288 1477 664 1
1205 707 2915 1023 (Stoff zu einer politischen Komödie
1813 932 2007 1063 von
1572 940 3152 1248 Arthur Schnitzler
1766 1122 2654 1351 aus dem Nachlass
2884 1576 3310 1789 ( 1902 )
1185 1825 4041 2105 Sie wünschen einen Parlamentsskandal? Bitte! Ich werde eine
960 1979 4041 2279 Interpellation stellen und Sie werden sich sehr gut unterhalten.
1197 2165 4084 2445 Am Nachmittag interpelliert er wegen irgend einer Sache, die
984 2307 3966 2615 ihm total gleichgiltig ist. Es kommt zu einem grossen Skandal;
988 2457 4167 2773 das Ministerium stürzt darüber. Es kommt zu Duellen, der Bräutigam
995 2639 4013 2923 seiner Tochter fällt,- alles wegen des Vetters aus der Provinz,
999 2828 2951 3053 dem er ein Amüsement verschaffen wollte.
1244 2982 2753 3263 Zu einem politischen Lustspiel?
