3528 4184
2961 226 3101 410 8.
485 444 3156 704 eine Schenke verliessen. Der Poet hatte anfangs mit einem
475 680 3162 858 bschen Mädchen viel gelacht und gescherzt - dann war er
499 814 3152 1032 plötzlich ganz trübsinnig geworden und sprach nicht mehr.
496 978 3162 1173 Ich selbst lag in irgend einer Ecke.- Es war eine gewisse
503 1162 3176 1347 gleichgiltigkeit über mich gekommen, ein Hindämmern, eine
506 1330 3091 1497 stumme Resignation. Ich hätte noch stundenlang daliegen
506 1477 3097 1651 können, es hätte mich nichts berührt, ich dachte zwar an
516 1624 3220 1819 alles mögliche, aber meine Gedanken waren so matt und farb-
520 1767 3070 1938 los,- sie gingen wie verschwommene Geistergestalten an
516 1938 1600 2123 meinem Inneren voriiber.
520 2068 3183 2253 Da verliessen wir nun die Schänke. Es mochte bald Mitter-
526 2188 3248 2397 nacht sein. Müssig schlenderte der Poet durch die Strassen
568 2376 3121 2581 bald dahin, bald dorthin,- es war überall gleich einsam
544 2537 3169 2742 und menschenleer - und uns zwei umfing überall dieselbe
544 2711 1812 2868 erhabene Verdriesslichkeit.
554 2790 3220 3022 Und plötzlich, als wir um eine Ecke bogen – sieh da, da er-
547 3015 3279 3179 blickte ich mit einem Mal ein reizendes Wesen, das mich wie
557 3152 3303 3333 aus meinem Schlafe erweckte und alle meine Sinne bezauberte
557 3340 906 3552 29./11.
574 3467 3217 3641 Oh, wenn ich jenes Augenblicks gedenke, in dem ich sie zum
