3528 4264
2876 301 3015 464 9.
420 518 3076 853 ersten Mal sah - wie plötzlich alle Lebenskräfte von neu-
413 775 3028 1005 em in mir aufwachten,wie es Licht wardin der Dunkelheit,
416 914 2984 1120 und ich mich mit einem Mal glücklicher fühlte denn je!
416 1083 3049 1296 All das hatte ein reizendes Federhütchen bewirkt,das be-
430 1235 3093 1418 scheiden und keck, einfach und zierlich zugleich, rasch vor
426 1364 3120 1594 mir hineilte. Ja, stets vor mir. Und ich weiss nicht wie's
443 1499 3160 1726 kam, plötzlich war ich an ihrer Seite, wir blickten uns in's
450 1685 3028 1888 Auge und ich flüsterte ihr zu, dass die heutige Nacht so
457 1844 2375 2044 eigentümlich warm, so unendlich schön sei.
464 2061 768 2240 H./22.
460 2098 3076 2355 Ich weiss nicht, was sie darauf erwiderte. Ich weiss  nur,
484 2254 3066 2518 dass ich an ihrer Seite blieb, und als wir schieden - da
480 2460 3140 2666 horchten wir beide in tiefster Erregung, was die Leute un-
487 2565 3120 2836 ter uns sprachen, und wir hörten folgende Worte: “Ich darf
487 2751 2257 2991 Sie also wiedersehen?" fragte der Poet
552 2849 3171 3133 Ich werde morgen kurz vor Mitternacht wieder dort vorü-
511 3089 1719 3299 berkommen. Leben Sie wol!"
508 3211 1834 3438 Sie reichten sich die Hände.
599 3299 3062 3570 Um Mitternacht! Leben Sie wol! rief der Scheidende
531 3536 3157 3759 dann - und ich schaute unverwandt auf das verschwindende
535 3678 3123 3932 Federhütehen. Morgen wieder! sagt ich vor mich hin und
