3544 4248
2921 331 3095 532 12.
433 526 3047 792 ganz seltsam schnell in eino stille,enge Gasse gekommen.
433 710 2983 959 Und ich sprach mit ihr. Sie schien etwas schüchtern zu
437 853 3129 1092 sein; ich war kühner, und fast hatte ich den Mut zärtlich zu
447 993 3075 1235 sein. Doch ich nicht allein war an diesem Gefühl Schuld
457 1174 3204 1426 auch die wunderbare Nacht.. Es war eine von den Nächten,
468 1297 3112 1532 in welchen man, wenn man nicht liebt,nur weinen, und wenn
468 1481 3160 1699 man liebt, unzälige Küsse auf die Lippen der Geliebten hau¬
491 1631 3064 1856 chen möchte. Ich schwärmte; ich war gar nicht recht bei
485 1751 3163 2037 Sinnen. I eh glaube, dass ich in Bildern und Allegorien zu
491 1901 3136 2198 sprechen begann. Das Federhütchen war still und sah mich
502 2058 3177 2317 nur ab und zu mit einem seelenvollen Blicke an. Ich weiss
505 2249 3167 2481 nicht wie die Zeit hinschwand. Ich hätte kaum die Morgen-
519 2396 3259 2614 lüftchen gefühlt, die leise und kühl zu wehen begannen, wenn
529 2573 3122 2781 nicht zu gleicher Zeit auch ein graurötlicher Streif am
529 2679 3256 2918 Himmel den Anbruch des Morgens verkündet hätte. Und plötz-
539 2846 2965 3085 lich fühlt' ich, wie ich mich immer mehr und mehrzum
549 3030 3259 3262 beugte - und einen Augenblick später, da hatt' ich sie ge-
566 3150 3143 3395 küsst.- Und verschwunden war mein Federhütchen. Das war
566 3307 3242 3563 dann ein tolles Hinundher in den Strassen,- der Poet sang
570 3481 3249 3692 und sprach mit sich selbst, ich tänzelte lustig auf seinen
570 3703 1406 3880 Locken hinundher.
