3512 4184
2987 195 3089 393 7.
500 414 3247 592 allen, die er kannte, recht warm und treuherzig - und dennoch
503 527 3213 708 ich, der ihn kannte,- ich wusst' es - offen, rückhaltlos, ist
510 695 3237 872 er gegen niemand gewesen. Wenn er an sonnig stillen Sommer-
500 825 3219 1020 nachmittagen einsam im Wald unter einen Baum gestreckt da-
496 996 3141 1177 lag,- da hört' ich ihn oft ganz laut klagen: O, fänd' ick
517 1143 3195 1338 doch ein Herz, das ich lieben könnt'! Und aus allen seinen
517 1338 3219 1516 Liedern klang sie heraus: Diese Liebessehnuncht,dieses un-
517 1468 3168 1629 gestillte Verlangen, dieses Unbefriedigte, Drängen und Win-
527 1670 825 1789 schen.
527 1820 876 1957 26./11.
664 1899 3189 2118 Mir selbst ging’s nicht anders. Es war mir ganz senti¬
523 2094 3230 2234 mental zu Mute. Ich seufzte wie er, dichtete im Stillen und
530 2244 3202 2395 sehnte mich darnach zu lieben. Aber wir waren beide allzu
537 2409 3192 2569 unruhige Geister.- und wie wir auch die weite Weld durch-
544 2528 3264 2723 wanderten und fanden nichts als neue Sehnsucht, neue Unruhe.
541 2723 3185 2860 So waren wir einmal in eine schöne,grosse Stadt gekommen
544 2857 3168 3007 Frisches Treiben wogte durch die Strassen, alles warBewe-
541 3004 3219 3171 gung und Leben. Unsere Stimmund wechselte nie so sehr,wie
547 3134 3216 3302 damals. Tollheit und Wehmut, Lebensfrische und innere Zer-
558 3332 3240 3490 rissenheit - all'diese Gefühle flogen durch unser Gemüt,
551 3507 1560 3668 und keines verweilte.
547 3644 3233 3804 Es war einstmals spät abends geworden, als wir beide eine
