<?xml version="1.0" encoding="UTF-8" standalone="yes"?>
<PcGts xmlns="http://schema.primaresearch.org/PAGE/gts/pagecontent/2013-07-15" xmlns:xsi="http://www.w3.org/2001/XMLSchema-instance" xsi:schemaLocation="http://schema.primaresearch.org/PAGE/gts/pagecontent/2013-07-15 http://schema.primaresearch.org/PAGE/gts/pagecontent/2013-07-15/pagecontent.xsd">
    <Metadata>
        <Creator>prov=READ-COOP:name=TrHtr:version=2.1.0:model_id=51170:date=14_08_2023_19:37</Creator>
        <Created>2023-05-10T14:45:36.418+02:00</Created>
        <LastChange>2023-08-14T19:37:09.847+02:00</LastChange>
        <TranskribusMetadata docId="1428665" pageId="55424609" pageNr="2" tsid="132823131" status="IN_PROGRESS" userId="64420" imgUrl="https://files.transkribus.eu/Get?id=SMAMPTKMTIRMNFZGKWCHQULO&amp;fileType=view" xmlUrl="https://files.transkribus.eu/Get?id=ZKBAXDRIYEPLLFQDKGPROALW" imageId="44698686"/>
    </Metadata>
    <Page imageFilename="1428665_0002.jpg" imageWidth="3544" imageHeight="4200">
        <ReadingOrder>
            <OrderedGroup id="ro_1711814151689" caption="Regions reading order">
                <RegionRefIndexed index="0" regionRef="tr_1"/>
                <RegionRefIndexed index="1" regionRef="tr_2"/>
            </OrderedGroup>
        </ReadingOrder>
        <TextRegion id="tr_1" custom="readingOrder {index:0;}">
            <Coords points="495,254 3140,254 3140,1556 495,1556"/>
            <TextLine id="tr_1_tl_1" custom="readingOrder {index:0;}">
                <Coords points="2971,351 3026,348 3036,338 3046,348 3056,348 3070,338 3087,338 3094,181 3063,184 3043,171 3022,174 2995,150 2978,150"/>
                <Baseline points="2991,307 3002,307 3047,307 3092,304"/>
                <TextEquiv>
                    <Unicode>2.</Unicode>
                </TextEquiv>
            </TextLine>
            <TextLine id="tr_1_tl_2" custom="readingOrder {index:1;}">
                <Coords points="474,628 2644,641 3019,590 3026,392 2787,478 1337,532 1027,406 481,409"/>
                <Baseline points="495,614 525,614 570,614 614,614 659,611 704,611 749,608 794,608 838,605 883,605 928,605 973,605 1017,605 1062,602 1107,600 1152,597 1197,597 1241,594 1286,594 1331,594 1376,591 1420,588 1465,588 1510,591 1555,588 1600,588 1644,588 1689,585 1734,582 1779,582 1823,582 1868,582 1913,579 1958,576 2002,573 2047,573 2092,570 2137,567 2182,564 2226,564 2271,564 2316,561 2361,561 2405,561 2450,558 2495,558 2540,555 2585,552 2629,549 2674,549 2719,549 2764,546 2808,546 2853,543 2898,543 2943,543 2988,540 3032,540"/>
                <TextEquiv>
                    <Unicode>Hut fort,- "Ich bin ein Geist, und war zur Zeit als ich</Unicode>
                </TextEquiv>
            </TextLine>
            <TextLine id="tr_1_tl_3" custom="readingOrder {index:2;}">
                <Coords points="478,812 2306,754 2309,634 481,692"/>
                <Baseline points="495,782 525,779 570,773 614,770 659,770 704,770 749,767 794,770 838,767 883,764 928,761 973,761 1017,758 1062,758 1107,755 1152,755 1197,755 1241,752 1286,752 1331,749 1376,749 1420,746 1465,746 1510,743 1555,743 1600,740 1644,740 1689,737 1734,737 1779,734 1823,734 1868,731 1913,731 1958,728 2002,725 2047,725 2092,722 2137,722 2182,719 2226,716 2271,716 2316,719"/>
                <TextEquiv>
                    <Unicode>noch auf Erden wallte ein Künstlerhut".</Unicode>
                </TextEquiv>
            </TextLine>
            <TextLine id="tr_1_tl_4" custom="readingOrder {index:3;}">
                <Coords points="501,965 3029,911 3036,747 508,802"/>
                <Baseline points="522,928 534,928 579,925 623,925 668,925 713,925 758,922 802,922 847,922 892,922 937,919 982,919 1026,916 1071,910 1116,913 1161,913 1205,910 1250,910 1295,907 1340,904 1385,904 1429,901 1474,901 1519,898 1564,898 1608,895 1653,892 1698,889 1743,889 1788,889 1832,886 1877,883 1922,883 1967,880 2011,877 2056,877 2101,874 2146,874 2191,874 2235,871 2280,871 2325,868 2370,868 2414,865 2459,865 2504,862 2549,862 2594,859 2638,862 2683,862 2728,865 2773,862 2817,853 2862,847 2907,847 2952,844 2997,844 3041,844"/>
                <TextEquiv>
                    <Unicode>"Ah...“ sagte ich, als der Geist innehielt,-  “ also</Unicode>
                </TextEquiv>
            </TextLine>
            <TextLine id="tr_1_tl_5" custom="readingOrder {index:4;}">
                <Coords points="478,1122 3009,1054 3132,1013 3135,897 1378,1003 484,955"/>
                <Baseline points="501,1086 543,1086 588,1083 632,1080 677,1080 722,1077 767,1074 811,1071 856,1071 901,1068 946,1068 991,1065 1035,1062 1080,1062 1125,1059 1170,1059 1214,1056 1259,1056 1304,1053 1349,1050 1394,1047 1438,1047 1483,1047 1528,1047 1573,1047 1617,1044 1662,1038 1707,1035 1752,1035 1797,1032 1841,1032 1886,1032 1931,1029 1976,1029 2020,1029 2065,1026 2110,1023 2155,1020 2200,1020 2244,1020 2289,1017 2334,1017 2379,1014 2423,1017 2468,1008 2513,1008 2558,1008 2602,1008 2647,1011 2692,1005 2737,1002 2782,1000 2826,1000 2871,1000 2916,997 2961,997 3005,994 3050,994 3095,991 3140,994"/>
                <TextEquiv>
                    <Unicode>hab' ich mit einem Gespenst die Ehre —".“ Ja " flüsterte</Unicode>
                </TextEquiv>
            </TextLine>
            <TextLine id="tr_1_tl_6" custom="readingOrder {index:5;}">
                <Coords points="491,1286 3016,1211 3043,1071 495,1139"/>
                <Baseline points="510,1232 543,1229 588,1229 632,1229 677,1226 722,1226 767,1223 811,1223 856,1220 901,1220 946,1217 991,1217 1035,1214 1080,1211 1125,1211 1170,1208 1214,1205 1259,1205 1304,1202 1349,1202 1394,1202 1438,1202 1483,1200 1528,1197 1573,1194 1617,1194 1662,1191 1707,1191 1752,1188 1797,1188 1841,1188 1886,1185 1931,1185 1976,1182 2020,1182 2065,1179 2110,1176 2155,1176 2200,1176 2244,1173 2289,1173 2334,1173 2379,1170 2423,1167 2468,1167 2513,1167 2558,1167 2602,1164 2647,1164 2692,1161 2737,1161 2782,1158 2826,1155 2871,1155 2916,1152 2961,1149 3005,1149 3050,1143"/>
                <TextEquiv>
                    <Unicode>dieses zur Antwort.“ Und zwar mit einem Gespenst, das -</Unicode>
                </TextEquiv>
            </TextLine>
            <TextLine id="tr_1_tl_7" custom="readingOrder {index:6;}">
                <Coords points="488,1467 1549,1358 2852,1368 3050,1317 3053,1208 495,1286"/>
                <Baseline points="510,1388 549,1388 594,1385 638,1385 683,1385 728,1385 773,1382 817,1376 862,1376 907,1373 952,1370 997,1370 1041,1367 1086,1367 1131,1367 1176,1367 1220,1364 1265,1361 1310,1361 1355,1358 1400,1355 1444,1355 1489,1352 1534,1352 1579,1352 1623,1352 1668,1349 1713,1349 1758,1346 1802,1346 1847,1343 1892,1340 1937,1340 1982,1337 2026,1334 2071,1334 2116,1331 2161,1331 2205,1328 2250,1328 2295,1325 2340,1325 2385,1325 2429,1322 2474,1322 2519,1319 2564,1319 2608,1316 2653,1316 2698,1310 2743,1310 2788,1310 2832,1307 2877,1304 2922,1304 2967,1301 3011,1301 3056,1304"/>
                <TextEquiv>
                    <Unicode>Mehr hörte ich nicht. Ich konnte nur sehen, wie sich die</Unicode>
                </TextEquiv>
            </TextLine>
            <TextLine id="tr_1_tl_8" custom="readingOrder {index:7;}">
                <Coords points="491,1538 3056,1532 3060,1392 495,1467"/>
                <Baseline points="510,1540 513,1543 558,1543 602,1546 647,1543 692,1543 737,1540 782,1537 826,1534 871,1531 916,1528 961,1525 1005,1522 1050,1522 1095,1522 1140,1522 1185,1519 1229,1516 1274,1516 1319,1513 1364,1513 1408,1510 1453,1510 1498,1507 1543,1507 1588,1504 1632,1501 1677,1498 1722,1498 1767,1495 1811,1495 1856,1492 1901,1492 1946,1489 1991,1489 2035,1489 2080,1489 2125,1486 2170,1486 2214,1483 2259,1483 2304,1480 2349,1477 2394,1477 2438,1477 2483,1474 2528,1471 2573,1471 2617,1471 2662,1471 2707,1468 2752,1465 2797,1462 2841,1462 2886,1459 2931,1459 2976,1456 3020,1456 3065,1456"/>
                <TextEquiv>
                    <Unicode>Lippen des Schattenmännleins bewegten,wie es plötzlich</Unicode>
                </TextEquiv>
            </TextLine>
        </TextRegion>
        <TextRegion id="tr_2" custom="readingOrder {index:1;}">
            <Coords points="525,1550 3322,1550 3322,3714 525,3714"/>
            <TextLine id="tr_2_tl_1" custom="readingOrder {index:0;}">
                <Coords points="519,1733 2951,1668 3234,1617 3237,1528 522,1624"/>
                <Baseline points="540,1701 552,1701 597,1698 641,1698 686,1695 731,1695 776,1692 820,1692 865,1689 910,1686 955,1680 1000,1680 1044,1677 1089,1677 1134,1677 1179,1674 1223,1674 1268,1671 1313,1671 1358,1668 1402,1668 1447,1668 1492,1665 1537,1662 1582,1662 1626,1662 1671,1659 1716,1656 1761,1653 1805,1653 1850,1650 1895,1647 1940,1647 1985,1647 2029,1644 2074,1644 2119,1641 2164,1638 2208,1638 2253,1638 2298,1635 2343,1635 2388,1632 2432,1632 2477,1629 2522,1626 2567,1623 2611,1623 2656,1620 2701,1617 2746,1617 2791,1614 2835,1611 2880,1608 2925,1608 2970,1608 3014,1608 3059,1608 3104,1608 3149,1605 3194,1602 3238,1600"/>
                <TextEquiv>
                    <Unicode>einen zerbrochenen Regenschirm aus irgend einer verborge-</Unicode>
                </TextEquiv>
            </TextLine>
            <TextLine id="tr_2_tl_2" custom="readingOrder {index:1;}">
                <Coords points="505,1883 3155,1822 3200,1675 508,1781"/>
                <Baseline points="525,1859 564,1859 608,1856 653,1853 698,1853 743,1853 788,1850 832,1847 877,1844 922,1844 967,1844 1011,1841 1056,1838 1101,1835 1146,1832 1191,1832 1235,1832 1280,1829 1325,1829 1370,1829 1414,1826 1459,1829 1504,1826 1549,1826 1594,1823 1638,1820 1683,1817 1728,1811 1773,1811 1817,1811 1862,1808 1907,1805 1952,1802 1997,1800 2041,1800 2086,1800 2131,1800 2176,1797 2220,1791 2265,1791 2310,1791 2355,1791 2400,1788 2444,1785 2489,1782 2534,1782 2579,1779 2623,1779 2668,1776 2713,1776 2758,1773 2802,1770 2847,1770 2892,1767 2937,1767 2982,1767 3026,1767 3071,1767 3116,1764 3161,1758 3205,1761"/>
                <TextEquiv>
                    <Unicode>nen Tasche herauszog,- und auf den Tisch fallen liess, und</Unicode>
                </TextEquiv>
            </TextLine>
            <TextLine id="tr_2_tl_3" custom="readingOrder {index:2;}">
                <Coords points="529,2033 2504,1941 2811,2006 3183,1951 3190,1852 1682,1921 1399,1845 532,1944"/>
                <Baseline points="549,2014 552,2017 597,2014 641,2011 686,2011 731,2008 776,2005 820,2002 865,2002 910,2000 955,2000 1000,1997 1044,1994 1089,1994 1134,1991 1179,1988 1223,1985 1268,1982 1313,1979 1358,1979 1402,1979 1447,1976 1492,1976 1537,1976 1582,1973 1626,1970 1671,1967 1716,1967 1761,1967 1805,1964 1850,1961 1895,1958 1940,1958 1985,1955 2029,1955 2074,1952 2119,1949 2164,1949 2208,1946 2253,1943 2298,1943 2343,1943 2388,1940 2432,1940 2477,1937 2522,1937 2567,1934 2611,1931 2656,1931 2701,1928 2746,1928 2791,1925 2835,1925 2880,1922 2925,1922 2970,1922 3014,1919 3059,1919 3104,1919 3149,1913 3194,1910"/>
                <TextEquiv>
                    <Unicode>wie's dann mit dem Hut aus dem Fenster in die Höhe flog.-</Unicode>
                </TextEquiv>
            </TextLine>
            <TextLine id="tr_2_tl_4" custom="readingOrder {index:3;}">
                <Coords points="529,2183 3265,2115 3268,1965 532,2081"/>
                <Baseline points="549,2173 588,2167 632,2164 677,2161 722,2158 767,2158 811,2155 856,2155 901,2152 946,2152 991,2149 1035,2146 1080,2143 1125,2143 1170,2140 1214,2137 1259,2134 1304,2131 1349,2131 1394,2131 1438,2128 1483,2128 1528,2125 1573,2122 1617,2122 1662,2122 1707,2122 1752,2119 1797,2119 1841,2116 1886,2113 1931,2113 1976,2110 2020,2107 2065,2104 2110,2104 2155,2101 2200,2098 2244,2098 2289,2095 2334,2095 2379,2095 2423,2095 2468,2089 2513,2089 2558,2086 2602,2086 2647,2083 2692,2083 2737,2083 2782,2080 2826,2077 2871,2074 2916,2074 2961,2074 3005,2071 3050,2071 3095,2068 3140,2065 3185,2062 3229,2059 3274,2053"/>
                <TextEquiv>
                    <Unicode>Und siehe da, vom Dach den gegenüberliegenden Hauses schweb-</Unicode>
                </TextEquiv>
            </TextLine>
            <TextLine id="tr_2_tl_5" custom="readingOrder {index:4;}">
                <Coords points="539,2337 2804,2292 3176,2238 3179,2159 542,2231"/>
                <Baseline points="558,2322 588,2322 632,2319 677,2319 722,2316 767,2313 811,2310 856,2307 901,2307 946,2301 991,2304 1035,2301 1080,2301 1125,2298 1170,2298 1214,2295 1259,2295 1304,2292 1349,2289 1394,2289 1438,2286 1483,2286 1528,2283 1573,2280 1617,2277 1662,2277 1707,2274 1752,2274 1797,2271 1841,2271 1886,2268 1931,2265 1976,2262 2020,2262 2065,2259 2110,2256 2155,2256 2200,2256 2244,2253 2289,2253 2334,2250 2379,2250 2423,2247 2468,2247 2513,2244 2558,2241 2602,2241 2647,2241 2692,2241 2737,2238 2782,2238 2826,2238 2871,2235 2916,2232 2961,2229 3005,2229 3050,2226 3095,2223 3140,2220 3185,2220"/>
                <TextEquiv>
                    <Unicode>te ihm ein leichtes, zierliches Federhütchen entgegen und</Unicode>
                </TextEquiv>
            </TextLine>
            <TextLine id="tr_2_tl_6" custom="readingOrder {index:5;}">
                <Coords points="546,2511 3108,2453 3114,2282 549,2412"/>
                <Baseline points="564,2480 567,2480 611,2477 656,2474 701,2471 746,2471 791,2468 835,2465 880,2462 925,2462 970,2459 1014,2456 1059,2456 1104,2453 1149,2453 1194,2450 1238,2450 1283,2447 1328,2447 1373,2444 1417,2444 1462,2441 1507,2441 1552,2435 1597,2432 1641,2429 1686,2426 1731,2426 1776,2423 1820,2423 1865,2420 1910,2420 1955,2417 2000,2417 2044,2417 2089,2414 2134,2411 2179,2411 2223,2408 2268,2408 2313,2408 2358,2405 2402,2405 2447,2402 2492,2400 2537,2400 2582,2397 2626,2394 2671,2391 2716,2391 2761,2388 2805,2385 2850,2385 2895,2385 2940,2382 2985,2379 3029,2379 3074,2376 3119,2373"/>
                <TextEquiv>
                    <Unicode>beide verschwanden jenseits des mondbeglänzten Dach's.-</Unicode>
                </TextEquiv>
            </TextLine>
            <TextLine id="tr_2_tl_7" custom="readingOrder {index:6;}">
                <Coords points="536,2668 662,2644 706,2664 747,2633 778,2654 798,2637 849,2647 897,2637 901,2535 822,2524 791,2555 768,2541 716,2569 648,2545 611,2572 583,2552 542,2562"/>
                <Baseline points="558,2632 591,2632 635,2632 680,2632 725,2629 770,2629 814,2623 859,2623 904,2620"/>
                <TextEquiv>
                    <Unicode>18./11.</Unicode>
                </TextEquiv>
            </TextLine>
            <TextLine id="tr_2_tl_8" custom="readingOrder {index:7;}">
                <Coords points="546,2807 2964,2743 3166,2695 3169,2586 549,2698"/>
                <Baseline points="564,2767 576,2767 620,2770 665,2779 710,2779 755,2776 800,2776 844,2776 889,2776 934,2773 979,2770 1023,2767 1068,2767 1113,2770 1158,2764 1202,2761 1247,2758 1292,2758 1337,2755 1382,2755 1426,2752 1471,2749 1516,2749 1561,2746 1605,2746 1650,2743 1695,2740 1740,2737 1785,2734 1829,2734 1874,2734 1919,2734 1964,2731 2008,2731 2053,2728 2098,2728 2143,2728 2188,2722 2232,2719 2277,2716 2322,2716 2367,2713 2411,2710 2456,2707 2501,2707 2546,2704 2591,2704 2635,2704 2680,2701 2725,2701 2770,2701 2814,2698 2859,2695 2904,2692 2949,2689 2994,2689 3038,2686 3083,2683 3128,2680 3173,2677"/>
                <TextEquiv>
                    <Unicode>" Ei Wetter" dacht ich bei mir, als ich des Morgens auf-</Unicode>
                </TextEquiv>
            </TextLine>
            <TextLine id="tr_2_tl_9" custom="readingOrder {index:8;}">
                <Coords points="542,2961 3067,2883 3135,2756 1143,2872 549,2818"/>
                <Baseline points="561,2940 588,2940 632,2937 677,2937 722,2937 767,2934 811,2934 856,2931 901,2931 946,2934 991,2925 1035,2922 1080,2922 1125,2919 1170,2916 1214,2916 1259,2913 1304,2913 1349,2910 1394,2907 1438,2907 1483,2904 1528,2901 1573,2901 1617,2898 1662,2898 1707,2895 1752,2892 1797,2892 1841,2889 1886,2886 1931,2883 1976,2883 2020,2883 2065,2883 2110,2880 2155,2877 2200,2874 2244,2874 2289,2871 2334,2871 2379,2868 2423,2865 2468,2862 2513,2859 2558,2859 2602,2856 2647,2856 2692,2853 2737,2853 2782,2853 2826,2850 2871,2850 2916,2847 2961,2841 3005,2841 3050,2838 3095,2838 3140,2841"/>
                <TextEquiv>
                    <Unicode>wachte," wie sonderbar hab' ich nur geträumt. Ist's mir</Unicode>
                </TextEquiv>
            </TextLine>
            <TextLine id="tr_2_tl_10" custom="readingOrder {index:9;}">
                <Coords points="549,3111 3176,3060 3241,2903 556,3009"/>
                <Baseline points="573,3098 605,3098 650,3095 695,3092 740,3092 785,3089 829,3089 874,3086 919,3086 964,3083 1008,3080 1053,3077 1098,3074 1143,3071 1188,3068 1232,3068 1277,3065 1322,3062 1367,3062 1411,3062 1456,3059 1501,3056 1546,3053 1591,3053 1635,3050 1680,3050 1725,3044 1770,3044 1814,3041 1859,3041 1904,3038 1949,3038 1994,3038 2038,3035 2083,3032 2128,3029 2173,3029 2217,3029 2262,3026 2307,3023 2352,3020 2397,3017 2441,3017 2486,3014 2531,3014 2576,3011 2620,3011 2665,3011 2710,3008 2755,3005 2800,3005 2844,3002 2889,3002 2934,3000 2979,3000 3023,2997 3068,2994 3113,2994 3158,2991 3202,2991 3247,2988"/>
                <TextEquiv>
                    <Unicode>nicht, als hätt' ich heut Nacht mit einem - haha,'s ist zu</Unicode>
                </TextEquiv>
            </TextLine>
            <TextLine id="tr_2_tl_11" custom="readingOrder {index:10;}">
                <Coords points="553,3275 2951,3200 3210,3172 3213,3070 556,3159"/>
                <Baseline points="573,3250 576,3247 620,3247 665,3244 710,3241 755,3241 800,3241 844,3238 889,3238 934,3235 979,3232 1023,3229 1068,3229 1113,3223 1158,3223 1202,3220 1247,3217 1292,3214 1337,3214 1382,3214 1426,3211 1471,3211 1516,3208 1561,3208 1605,3205 1650,3205 1695,3202 1740,3202 1785,3200 1829,3197 1874,3194 1919,3194 1964,3188 2008,3188 2053,3188 2098,3185 2143,3185 2188,3182 2232,3179 2277,3176 2322,3173 2367,3173 2411,3170 2456,3170 2501,3167 2546,3164 2591,3164 2635,3161 2680,3161 2725,3161 2770,3161 2814,3158 2859,3158 2904,3155 2949,3152 2994,3149 3038,3146 3083,3146 3128,3143 3173,3140 3217,3146"/>
                <TextEquiv>
                    <Unicode>komisch - mit einem Hut gesprochen! Was liess er mir nur</Unicode>
                </TextEquiv>
            </TextLine>
            <TextLine id="tr_2_tl_12" custom="readingOrder {index:11;}">
                <Coords points="566,3432 2593,3394 3288,3326 3295,3203 573,3285"/>
                <Baseline points="588,3405 614,3405 659,3400 704,3400 749,3400 794,3397 838,3397 883,3394 928,3391 973,3388 1017,3385 1062,3382 1107,3382 1152,3379 1197,3376 1241,3376 1286,3373 1331,3370 1376,3367 1420,3364 1465,3364 1510,3361 1555,3361 1600,3361 1644,3358 1689,3355 1734,3355 1779,3352 1823,3352 1868,3349 1913,3346 1958,3343 2002,3343 2047,3337 2092,3334 2137,3334 2182,3334 2226,3331 2271,3328 2316,3328 2361,3325 2405,3325 2450,3325 2495,3322 2540,3319 2585,3316 2629,3316 2674,3313 2719,3313 2764,3310 2808,3310 2853,3310 2898,3307 2943,3304 2988,3301 3032,3301 3077,3301 3122,3298 3167,3295 3211,3292 3256,3292 3301,3295"/>
                <TextEquiv>
                    <Unicode>als Andenken da? War’s nicht“ - und da stockten meine Ge-</Unicode>
                </TextEquiv>
            </TextLine>
            <TextLine id="tr_2_tl_13" custom="readingOrder {index:12;}">
                <Coords points="577,3558 2961,3507 3162,3473 3166,3350 580,3439"/>
                <Baseline points="594,3552 617,3555 662,3552 707,3552 752,3549 797,3549 841,3546 886,3543 931,3540 976,3540 1020,3537 1065,3534 1110,3534 1155,3531 1200,3531 1244,3525 1289,3522 1334,3522 1379,3519 1423,3516 1468,3516 1513,3513 1558,3513 1602,3510 1647,3507 1692,3507 1737,3504 1782,3504 1826,3504 1871,3501 1916,3498 1961,3498 2005,3495 2050,3492 2095,3489 2140,3486 2185,3483 2229,3483 2274,3483 2319,3480 2364,3480 2408,3480 2453,3480 2498,3477 2543,3474 2588,3471 2632,3471 2677,3468 2722,3465 2767,3462 2811,3462 2856,3459 2901,3459 2946,3456 2991,3453 3035,3456 3080,3453 3125,3453 3170,3456"/>
                <TextEquiv>
                    <Unicode>danken. Ein zerbrochener Regenschirm lag auf dem Tisch.</Unicode>
                </TextEquiv>
            </TextLine>
            <TextLine id="tr_2_tl_14" custom="readingOrder {index:13;}">
                <Coords points="577,3735 2279,3640 2760,3705 3312,3633 3316,3534 580,3643"/>
                <Baseline points="594,3704 635,3701 680,3701 725,3701 770,3701 814,3701 859,3698 904,3698 949,3692 994,3689 1038,3689 1083,3689 1128,3686 1173,3683 1217,3680 1262,3677 1307,3671 1352,3671 1397,3671 1441,3668 1486,3668 1531,3665 1576,3662 1620,3662 1665,3662 1710,3662 1755,3659 1800,3659 1844,3653 1889,3653 1934,3650 1979,3650 2023,3647 2068,3644 2113,3644 2158,3641 2202,3641 2247,3638 2292,3635 2337,3635 2382,3632 2426,3629 2471,3629 2516,3629 2561,3626 2605,3626 2650,3623 2695,3623 2740,3620 2785,3617 2829,3617 2874,3614 2919,3614 2964,3611 3008,3611 3053,3608 3098,3608 3143,3608 3188,3605 3232,3605 3277,3602 3322,3600"/>
                <TextEquiv>
                    <Unicode>Ich sprang aus dem Bette und nahm mit einer gewissen Scheu</Unicode>
                </TextEquiv>
            </TextLine>
        </TextRegion>
    </Page>
</PcGts>
