3384 4200
2757 163 2866 310 1.
2604 357 2863 497 1878.
813 568 1923 807 Geschichte eines Hutes.
320 769 555 912 1878.
317 834 705 1028 14./11.
453 919 3023 1150 Es war eine seltsame Nacht.Der Mond schien in’s Zimmer,
320 1031 3050 1266 als ich aufwachte, und es war so eigentümlich still ringsum
337 1212 2914 1430 Ich stand auf und trat zum Fenster. Kein Mensch war auf
340 1372 3057 1562 der Strasse, kalt und starr lag das Mondlich über der Stadt
351 1501 2893 1739 und ein blauer Schein fiel auf die Dächer.Da war’s mir
354 1668 3070 1916 plötzlich, als säh' ich etwas über das Haus huschen, das mir
361 1855 3046 2076 gegenüber lag - es schien, als flöge ein breiter Hut durch
371 1995 3091 2192 die Luft über den Weg - und siehe da, vor meinem Fenster im
371 2138 3006 2338 Freien schwebend, hielt der seltsame Wanderer an.Doch wie
378 2311 2965 2515 ich nun näher und nä her hinsah, da tratimmer klarer eine
381 2423 2971 2658 Gestalt vor meine Augen, die unter dem Hute schwebte und
385 2563 3009 2822 unhörbar mit den dünnen Fingern an mein Fenster klopfte.
402 2750 3104 2968 Ich könnte die Gestalt nicht schildern; so schattenhaft war
412 2914 3040 3114 sie,und so nebelhaft das ganze Bild. Im Anfang war's mir
408 3063 3080 3298 recht ban't um’s Herz - dann entschloss ich mich zu öffnen
415 3210 2999 3428 und der Hut flog in mein Zimmer. Und eigentümlich,unbe-
408 3373 3040 3639 schreiblich flüsterte die kleine Gestalt :“Hör’ mich an,
415 3496 3091 3771 hör' mich an". Und ohne mich antworten zu lassen fuhr der
