3400 4168
2815 165 2940 381 4.
402 429 3105 672 Man sagt“, fuhr Professor Rosenstock kalt dazwischen. “Per
334 580 2940 813 söhlich - was man so persönlich nennt - persöhnlich kenn'
338 796 1488 982 ich sie eigentlich nicht
351 898 2636 1110 "Eigentlich nicht - " wiederholte ich enttäuscht.
371 1040 2930 1272 Nein, eigentlich nicht" fuhr er fort, indem er sich die
351 1181 3058 1397 Brille wischte;“ aber man hat sie mir von allen Seiten em-
368 1421 793 1586 pfohlen".
375 1492 3092 1735 " Das ist ja recht romantisch" warf ich ganz niedergeschla¬
375 1738 915 1900 gen d’rein.
385 1826 3014 1984 " Sie ist meine erste Liebe, wie ich hier gleich bemerken
388 2022 2703 2180 will, mein Freund - und Sie können sich denken
392 2143 3031 2315 " Erste Liebe“ fragte ich höchlich verwundert. Sie kennen
398 2339 1245 2538 sie ja gar nicht?"
392 2508 756 2690 19./11.
402 2589 2967 2794 " Doch was hilft mir jetzt alles Sinen und Nachgrübeln"
408 2720 3081 2950 sagt“ ich mir zuletzt - „Eins seh' ich klar : es war mehr
418 2889 3085 3105 als ein Traum - und ob ich jemals mehr erfahren werde, das
422 3078 1303 3254 wissen die Götter.
422 3220 3102 3395 Ich nahm den geheimnissvollen Regenschirm in die Hand, als
432 3345 3014 3547 ich vom Hause wegging, wie von einer Ahnung erfüllt, dass
435 3530 2066 3726 sich mir bald alles lösen sollte.-
429 3648 3125 3928 Der Tag verging. Wolken waren am Himmel heraufgezogen und
