3416 4168
2942 320 3044 422 5.
405 391 3109 622 ein scharfer Wind hatte sich erhoben. Es war dunkel gewor-
391 571 2993 823 den, als ich entlang des Donaustroms einsam meines Weges
398 738 3000 939 ging. Es begannen Tropfen zu fallen und ich öffnete den
398 905 2986 1116 Schirm. Da fiel plötzlich etwas zu Boden. Ich hob es auf
398 1031 3122 1231 und hielt ein Heftchen in der wand, mit dem ich nun schnell
398 1231 3068 1384 zur nächsten Laterne eilte. Ich lehnte mich an den Pfahl,
415 1357 3136 1551 spannte den Schirm über mich, liess unbekümmert den Wind um
415 1524 3051 1701 mich sausen, und während das Licht in der Laterne unsuhig
415 1680 2357 1854 hin und herflackerte, las ich die rührende
636 1864 2388 2031 Liebesgeschichte eines Kinstlerhutes.
415 2000 765 2187 23. /11.
425 2133 3146 2316 Auch ich habe geliebt.Jetzt freilich ist alles vorüber, und
425 2309 3010 2527 es ist mir nichts zurückgeblieben als eine sentimentale
415 2445 3024 2636 Erinnerung an jene hingeschwundene Zeit - aber wahrlich
432 2595 2979 2779 jene Tage waren schön und ich möchte noch jetzt Tränen
435 2718 3054 2928 vergiessen, wenn ich zwischen dem Einst und der Gegenwart
435 2918 980 3119 vergleiche.
442 3020 3078 3235 Wir Hite nehmen insgemein unseren Charakter erst auf dem
435 3197 3122 3398 Kopfe an,auf dem wir sitzen,und wechseln unser Innres mit
439 3330 3170 3575 unsern verschiedenen Wohnungen. So kannt' ich einmal einen
449 3548 3184 3745 Cylinder, einen recht steifen, gravitätischen Kerl, der sich
