3416 4200
2886 329 3006 435 3.
342 469 1424 657 den Schirm in die Hand.
339 520 2968 856 " Hätt' ich das fragwürdige Ding nur verstanden, das heut
329 770 2852 1007 Nachts über das Dach da drüben zu meinem Fenster flog.
342 873 3064 1144 Aber das war so'n leises, flüsterndes Murmeln, dass man kein
342 1106 1506 1294 Wort recht hören konnte.
346 1233 3071 1428 In diesem Momente klopfte es an meine Türe und mein lieber
353 1380 3030 1602 Nachbar Theobald Rosenstock, Professor der Philologie, trat
356 1510 3071 1705 in’s Zimmer.“ Lieber Freund“ sprach er,verzeih'n Sie, dass
363 1705 1815 1914 ich Sie schon so frühe störe".
370 1808 3027 2034 " Oh - Sie sind mir immer willkommen,- das wissen Sie ja!
370 1996 3044 2167 Aber warum eine solch feierliche Miene? Was ist Ihnen zu-
370 2136 2999 2349 gestossen? Gewiss, ein besonderer Grund führt Sie zu mir
390 2304 2965 2462 " Nicht übel geraten..Wenn Sie erlauben rück' ich mir
390 2441 2931 2626 einen Stuhl zu Ihrem Tich - so - und nun, hören Sie die
390 2595 2972 2814 Nachricht die ich Ihnen mitteilen will - ich verheirate
387 2797 685 2996 mich“.
411 2883 3020 3092 " Ei der Tausend" rief ich aus. "Und wie geheim Sie das
394 3033 3136 3225 bis jetzt hielten! Aber erzälen Sie! Wer ist sie? Ist sie
401 3211 3047 3417 schön? Doch das versteht sich von selbst!- Reizend wie
414 3342 3164 3592 eine Grazie - eine Gestalt wie Juno, einen Geist wie Minen-
418 3588 640 3728 va -
