<?xml version="1.0" encoding="UTF-8" standalone="yes"?>
<PcGts xmlns="http://schema.primaresearch.org/PAGE/gts/pagecontent/2013-07-15" xmlns:xsi="http://www.w3.org/2001/XMLSchema-instance" xsi:schemaLocation="http://schema.primaresearch.org/PAGE/gts/pagecontent/2013-07-15 http://schema.primaresearch.org/PAGE/gts/pagecontent/2013-07-15/pagecontent.xsd">
    <Metadata>
        <Creator>prov=READ-COOP:name=TrHtr:version=2.1.0:model_id=51170:date=14_08_2023_19:37</Creator>
        <Created>2023-05-10T14:45:36.970+02:00</Created>
        <LastChange>2023-08-14T19:37:11.099+02:00</LastChange>
        <TranskribusMetadata docId="1428665" pageId="55424633" pageNr="6" tsid="132823135" status="IN_PROGRESS" userId="64420" imgUrl="https://files.transkribus.eu/Get?id=LDLRCZYSFRZFYJPCDVNURQYP&amp;fileType=view" xmlUrl="https://files.transkribus.eu/Get?id=RCVBRXEJBAGRMAVZPCSQJBEB" imageId="44698710"/>
    </Metadata>
    <Page imageFilename="1428665_0006.jpg" imageWidth="3528" imageHeight="4184">
        <ReadingOrder>
            <OrderedGroup id="ro_1711814164609" caption="Regions reading order">
                <RegionRefIndexed index="0" regionRef="tr_3"/>
                <RegionRefIndexed index="1" regionRef="tr_1"/>
                <RegionRefIndexed index="2" regionRef="tr_2"/>
            </OrderedGroup>
        </ReadingOrder>
        <TextRegion id="tr_3" custom="readingOrder {index:0;}">
            <Coords points="2993,248 3097,248 3097,320 2993,320"/>
            <TextLine id="tr_3_tl_1" custom="readingOrder {index:0;}">
                <Coords points="2980,355 2997,352 3004,359 3021,345 3028,349 3055,331 3093,321 3076,208 3048,212 3031,226 3004,208 2987,215 2977,205 2960,208"/>
                <Baseline points="2993,298 3038,304 3082,310 3097,310"/>
                <TextEquiv>
                    <Unicode>5.</Unicode>
                </TextEquiv>
            </TextLine>
        </TextRegion>
        <TextRegion id="tr_1" custom="readingOrder {index:1;}">
            <Coords points="495,484 3252,484 3252,2472 495,2472"/>
            <TextLine id="tr_1_tl_1" custom="readingOrder {index:0;}">
                <Coords points="475,619 2806,612 3137,567 3141,417 475,506"/>
                <Baseline points="495,599 504,599 549,599 593,596 638,596 683,593 728,593 772,593 817,590 862,590 907,590 951,590 996,587 1041,587 1086,587 1131,587 1175,587 1220,584 1265,581 1310,581 1354,581 1399,581 1444,578 1489,578 1533,578 1578,575 1623,575 1668,575 1712,575 1757,572 1802,572 1847,570 1892,570 1936,567 1981,564 2026,564 2071,564 2115,564 2160,561 2205,558 2250,558 2294,558 2339,555 2384,555 2429,552 2473,552 2518,552 2563,552 2608,552 2653,549 2697,546 2742,546 2787,543 2832,543 2876,543 2921,540 2966,537 3011,537 3055,537 3100,534 3145,537"/>
                <TextEquiv>
                    <Unicode>stets auf dem Haupt eines Kanzleisekretärs sehen liess. Es</Unicode>
                </TextEquiv>
            </TextLine>
            <TextLine id="tr_1_tl_2" custom="readingOrder {index:1;}">
                <Coords points="478,776 2939,735 3062,707 3062,598 1606,581 1422,680 478,694"/>
                <Baseline points="498,758 519,760 564,758 608,755 653,755 698,752 743,752 787,749 832,749 877,749 922,749 966,749 1011,746 1056,743 1101,743 1145,743 1190,740 1235,740 1280,737 1325,737 1369,737 1414,734 1459,731 1504,731 1548,731 1593,731 1638,731 1683,728 1727,728 1772,728 1817,722 1862,722 1906,722 1951,719 1996,719 2041,716 2086,716 2130,716 2175,713 2220,713 2265,710 2309,710 2354,710 2399,707 2444,707 2488,704 2533,701 2578,701 2623,701 2667,698 2712,698 2757,695 2802,695 2847,692 2891,692 2936,689 2981,689 3026,686 3070,686"/>
                <TextEquiv>
                    <Unicode>war damals mit ihm nicht zu sprechen. Was half aber dem</Unicode>
                </TextEquiv>
            </TextLine>
            <TextLine id="tr_1_tl_3" custom="readingOrder {index:2;}">
                <Coords points="482,957 2635,909 3069,851 3072,725 485,834"/>
                <Baseline points="501,922 528,922 572,916 617,916 662,910 707,910 752,910 796,907 841,904 886,904 931,901 975,901 1020,898 1065,895 1110,895 1154,895 1199,892 1244,892 1289,889 1333,889 1378,889 1423,886 1468,883 1513,883 1557,880 1602,880 1647,877 1692,877 1736,877 1781,874 1826,874 1871,874 1915,871 1960,871 2005,868 2050,868 2094,865 2139,865 2184,862 2229,859 2274,859 2318,859 2363,856 2408,853 2453,853 2497,856 2542,856 2587,853 2632,850 2676,850 2721,847 2766,847 2811,847 2855,844 2900,844 2945,844 2990,844 3035,841 3079,838"/>
                <TextEquiv>
                    <Unicode>guten Mann seine Gravität? Er fiel bei seinem Herrn in</Unicode>
                </TextEquiv>
            </TextLine>
            <TextLine id="tr_1_tl_4" custom="readingOrder {index:3;}">
                <Coords points="478,1083 3130,1053 3165,858 482,998"/>
                <Baseline points="498,1062 528,1065 572,1065 617,1068 662,1065 707,1062 752,1059 796,1056 841,1056 886,1053 931,1053 975,1050 1020,1047 1065,1047 1110,1047 1154,1047 1199,1044 1244,1044 1289,1041 1333,1038 1378,1038 1423,1035 1468,1035 1513,1035 1557,1035 1602,1032 1647,1029 1692,1029 1736,1026 1781,1026 1826,1026 1871,1026 1915,1023 1960,1023 2005,1020 2050,1017 2094,1017 2139,1017 2184,1014 2229,1014 2274,1011 2318,1011 2363,1011 2408,1011 2453,1008 2497,1008 2542,1005 2587,1005 2632,1002 2676,1002 2721,999 2766,999 2811,999 2855,999 2900,996 2945,996 2990,993 3035,993 3079,993 3124,993 3169,993"/>
                <TextEquiv>
                    <Unicode>Ungnade und dieser schenkte ihn seinem Diener. Von diesem</Unicode>
                </TextEquiv>
            </TextLine>
            <TextLine id="tr_1_tl_5" custom="readingOrder {index:4;}">
                <Coords points="478,1241 2772,1200 3195,1155 3199,1073 2669,1001 1804,1135 482,1152"/>
                <Baseline points="498,1217 513,1217 558,1217 602,1217 647,1214 692,1214 737,1211 781,1208 826,1205 871,1205 916,1202 960,1202 1005,1202 1050,1202 1095,1199 1140,1199 1184,1196 1229,1196 1274,1193 1319,1190 1363,1193 1408,1187 1453,1190 1498,1187 1542,1190 1587,1184 1632,1187 1677,1184 1721,1181 1766,1181 1811,1178 1856,1178 1901,1175 1945,1175 1990,1172 2035,1172 2080,1172 2124,1169 2169,1166 2214,1166 2259,1166 2303,1166 2348,1163 2393,1163 2438,1163 2482,1163 2527,1160 2572,1160 2617,1157 2662,1157 2706,1154 2751,1157 2796,1154 2841,1154 2885,1148 2930,1148 2975,1145 3020,1142 3064,1142 3109,1142 3154,1142 3199,1142"/>
                <TextEquiv>
                    <Unicode>Augenblicke an,war der Cylinder wie ausgewechselt. Er wur-</Unicode>
                </TextEquiv>
            </TextLine>
            <TextLine id="tr_1_tl_6" custom="readingOrder {index:5;}">
                <Coords points="492,1381 3093,1353 3199,1323 3206,1193 492,1285"/>
                <Baseline points="510,1372 525,1372 570,1372 614,1372 659,1369 704,1366 749,1366 793,1366 838,1363 883,1363 928,1360 972,1357 1017,1354 1062,1357 1107,1354 1151,1354 1196,1354 1241,1351 1286,1348 1331,1345 1375,1345 1420,1348 1465,1342 1510,1345 1554,1342 1599,1339 1644,1336 1689,1336 1733,1333 1778,1333 1823,1333 1868,1331 1912,1328 1957,1331 2002,1328 2047,1328 2092,1325 2136,1325 2181,1325 2226,1322 2271,1322 2315,1322 2360,1322 2405,1319 2450,1319 2494,1316 2539,1316 2584,1313 2629,1313 2673,1310 2718,1310 2763,1307 2808,1307 2852,1307 2897,1304 2942,1304 2987,1301 3032,1301 3076,1298 3121,1298 3166,1298 3211,1295"/>
                <TextEquiv>
                    <Unicode>de fesch, besuchte die liederlichsten Lokale und unterhielt</Unicode>
                </TextEquiv>
            </TextLine>
            <TextLine id="tr_1_tl_7" custom="readingOrder {index:6;}">
                <Coords points="496,1541 2905,1511 3240,1480 3243,1336 496,1476"/>
                <Baseline points="516,1527 519,1530 564,1527 608,1524 653,1524 698,1524 743,1521 787,1521 832,1513 877,1513 922,1513 966,1513 1011,1510 1056,1510 1101,1510 1145,1507 1190,1504 1235,1501 1280,1501 1325,1501 1369,1501 1414,1498 1459,1498 1504,1495 1548,1492 1593,1492 1638,1489 1683,1489 1727,1486 1772,1489 1817,1486 1862,1486 1906,1486 1951,1483 1996,1480 2041,1480 2086,1477 2130,1477 2175,1477 2220,1474 2265,1474 2309,1474 2354,1471 2399,1468 2444,1468 2488,1468 2533,1465 2578,1465 2623,1465 2667,1462 2712,1462 2757,1459 2802,1459 2847,1459 2891,1456 2936,1456 2981,1456 3026,1453 3070,1453 3115,1450 3160,1447 3205,1447 3249,1447"/>
                <TextEquiv>
                    <Unicode>sogar mit einer etwas leichten und charakterlosen Pelzmütze</Unicode>
                </TextEquiv>
            </TextLine>
            <TextLine id="tr_1_tl_8" custom="readingOrder {index:7;}">
                <Coords points="502,1702 3158,1692 3240,1476 506,1637"/>
                <Baseline points="522,1683 558,1683 602,1683 647,1680 692,1680 737,1677 781,1674 826,1671 871,1671 916,1668 960,1665 1005,1665 1050,1665 1095,1662 1140,1662 1184,1662 1229,1662 1274,1656 1319,1656 1363,1656 1408,1656 1453,1653 1498,1653 1542,1647 1587,1647 1632,1644 1677,1644 1721,1641 1766,1641 1811,1638 1856,1638 1901,1638 1945,1638 1990,1638 2035,1635 2080,1632 2124,1632 2169,1632 2214,1629 2259,1629 2303,1626 2348,1626 2393,1623 2438,1623 2482,1623 2527,1620 2572,1617 2617,1617 2662,1617 2706,1614 2751,1614 2796,1614 2841,1614 2885,1611 2930,1611 2975,1608 3020,1608 3064,1605 3109,1602 3154,1602 3199,1599 3243,1596"/>
                <TextEquiv>
                    <Unicode>ein intimes Verhältnis, über das ich hier nicht mehr schrei-</Unicode>
                </TextEquiv>
            </TextLine>
            <TextLine id="tr_1_tl_9" custom="readingOrder {index:8;}">
                <Coords points="509,1852 704,1849 762,1893 865,1845 943,1859 947,1784 827,1733 680,1791 598,1767 513,1777"/>
                <Baseline points="528,1838 549,1838 593,1835 638,1835 683,1835 728,1832 772,1829 817,1829 862,1826 907,1823 951,1826"/>
                <TextEquiv>
                    <Unicode>ben will.</Unicode>
                </TextEquiv>
            </TextLine>
            <TextLine id="tr_1_tl_10" custom="readingOrder {index:9;}">
                <Coords points="509,2013 2659,1982 3168,1917 3171,1845 2221,1791 2050,1890 513,1931"/>
                <Baseline points="528,1993 537,1990 581,1990 626,1990 671,1987 716,1984 760,1984 805,1984 850,1984 895,1981 940,1978 984,1975 1029,1975 1074,1975 1119,1972 1163,1972 1208,1969 1253,1969 1298,1969 1342,1966 1387,1963 1432,1966 1477,1960 1521,1960 1566,1960 1611,1957 1656,1954 1701,1954 1745,1954 1790,1954 1835,1951 1880,1948 1924,1945 1969,1945 2014,1942 2059,1942 2103,1939 2148,1936 2193,1933 2238,1933 2282,1933 2327,1933 2372,1933 2417,1933 2462,1933 2506,1930 2551,1927 2596,1927 2641,1924 2685,1924 2730,1921 2775,1921 2820,1918 2864,1918 2909,1915 2954,1915 2999,1909 3043,1909 3088,1906 3133,1906 3178,1909"/>
                <TextEquiv>
                    <Unicode>Ach, Gott, ich denke jetzt an meine Liebschaft! und wehmüti-</Unicode>
                </TextEquiv>
            </TextLine>
            <TextLine id="tr_1_tl_11" custom="readingOrder {index:10;}">
                <Coords points="513,2228 919,2139 3127,2122 3130,2027 2956,1941 2269,2061 516,2061"/>
                <Baseline points="531,2163 540,2160 584,2151 629,2151 674,2145 719,2142 763,2145 808,2142 853,2142 898,2139 943,2139 987,2136 1032,2133 1077,2133 1122,2127 1166,2127 1211,2124 1256,2121 1301,2124 1345,2121 1390,2121 1435,2121 1480,2118 1524,2118 1569,2115 1614,2112 1659,2109 1704,2109 1748,2106 1793,2106 1838,2106 1883,2106 1927,2103 1972,2100 2017,2097 2062,2097 2106,2094 2151,2094 2196,2094 2241,2092 2285,2092 2330,2089 2375,2089 2420,2089 2465,2086 2509,2086 2554,2083 2599,2083 2644,2080 2688,2080 2733,2077 2778,2077 2823,2074 2867,2077 2912,2074 2957,2071 3002,2071 3046,2071 3091,2071 3136,2071"/>
                <TextEquiv>
                    <Unicode>ger denn je wird mir um's Herz.- Doch ich will beginnen.</Unicode>
                </TextEquiv>
            </TextLine>
            <TextLine id="tr_1_tl_12" custom="readingOrder {index:11;}">
                <Coords points="519,2320 2983,2276 3018,2163 523,2232"/>
                <Baseline points="540,2303 561,2306 605,2303 650,2300 695,2300 740,2297 784,2294 829,2294 874,2291 919,2291 963,2288 1008,2288 1053,2285 1098,2285 1142,2282 1187,2280 1232,2280 1277,2280 1322,2280 1366,2280 1411,2280 1456,2277 1501,2274 1545,2271 1590,2268 1635,2265 1680,2265 1724,2265 1769,2262 1814,2259 1859,2259 1903,2259 1948,2256 1993,2256 2038,2253 2083,2250 2127,2250 2172,2247 2217,2247 2262,2244 2306,2244 2351,2241 2396,2238 2441,2238 2485,2238 2530,2238 2575,2235 2620,2232 2664,2232 2709,2232 2754,2232 2799,2229 2844,2229 2888,2226 2933,2226 2978,2223 3023,2223"/>
                <TextEquiv>
                    <Unicode>Ich verbrachte den grössten Teil meiner Jahre auf dem</Unicode>
                </TextEquiv>
            </TextLine>
            <TextLine id="tr_1_tl_13" custom="readingOrder {index:12;}">
                <Coords points="516,2539 1083,2440 3240,2440 3247,2221 2543,2344 523,2389"/>
                <Baseline points="537,2459 567,2462 611,2459 656,2459 701,2456 746,2453 790,2450 835,2450 880,2447 925,2447 969,2444 1014,2441 1059,2441 1104,2438 1148,2438 1193,2435 1238,2435 1283,2432 1328,2432 1372,2432 1417,2429 1462,2429 1507,2426 1551,2423 1596,2420 1641,2420 1686,2420 1730,2417 1775,2417 1820,2414 1865,2411 1909,2411 1954,2408 1999,2408 2044,2408 2089,2408 2133,2405 2178,2402 2223,2399 2268,2399 2312,2396 2357,2396 2402,2396 2447,2396 2491,2393 2536,2390 2581,2387 2626,2384 2670,2384 2715,2384 2760,2384 2805,2381 2850,2378 2894,2378 2939,2378 2984,2375 3029,2375 3073,2372 3118,2369 3163,2369 3208,2369 3252,2372"/>
                <TextEquiv>
                    <Unicode>Haupt eines schlanken, braunlockigen Poeten. Der führte ein</Unicode>
                </TextEquiv>
            </TextLine>
        </TextRegion>
        <TextRegion id="tr_2" custom="readingOrder {index:2;}">
            <Coords points="546,2471 3288,2471 3288,3692 546,3692"/>
            <TextLine id="tr_2_tl_1" custom="readingOrder {index:0;}">
                <Coords points="526,2652 2785,2590 3192,2553 3199,2426 530,2532"/>
                <Baseline points="546,2620 564,2620 608,2614 653,2611 698,2608 743,2605 787,2602 832,2599 877,2599 922,2599 966,2596 1011,2596 1056,2596 1101,2596 1145,2596 1190,2593 1235,2590 1280,2590 1325,2587 1369,2584 1414,2581 1459,2581 1504,2578 1548,2575 1593,2575 1638,2572 1683,2569 1727,2569 1772,2566 1817,2566 1862,2566 1906,2563 1951,2563 1996,2560 2041,2560 2086,2557 2130,2557 2175,2554 2220,2551 2265,2548 2309,2551 2354,2551 2399,2551 2444,2548 2488,2548 2533,2545 2578,2542 2623,2539 2667,2539 2712,2539 2757,2539 2802,2536 2847,2533 2891,2530 2936,2527 2981,2527 3026,2527 3070,2527 3115,2524 3160,2521 3205,2521"/>
                <TextEquiv>
                    <Unicode>gar freies,ungebundenes Leben. Ich vermag nicht zu schil-</Unicode>
                </TextEquiv>
            </TextLine>
            <TextLine id="tr_2_tl_2" custom="readingOrder {index:1;}">
                <Coords points="533,2768 3007,2731 3158,2710 3161,2580 533,2713"/>
                <Baseline points="552,2763 570,2763 614,2766 659,2763 704,2763 749,2760 793,2757 838,2754 883,2754 928,2751 972,2748 1017,2748 1062,2748 1107,2745 1151,2745 1196,2742 1241,2742 1286,2739 1331,2736 1375,2736 1420,2733 1465,2730 1510,2730 1554,2724 1599,2724 1644,2724 1689,2721 1733,2721 1778,2718 1823,2715 1868,2718 1912,2715 1957,2715 2002,2712 2047,2712 2092,2709 2136,2706 2181,2706 2226,2703 2271,2703 2315,2703 2360,2703 2405,2703 2450,2700 2494,2700 2539,2694 2584,2694 2629,2691 2673,2691 2718,2688 2763,2688 2808,2688 2852,2685 2897,2682 2942,2682 2987,2682 3032,2676 3076,2676 3121,2676 3166,2676"/>
                <TextEquiv>
                    <Unicode>dern, wie er seine Zeit verbrachte - dennda müsst ich die</Unicode>
                </TextEquiv>
            </TextLine>
            <TextLine id="tr_2_tl_3" custom="readingOrder {index:2;}">
                <Coords points="543,2922 3148,2878 3171,2703 547,2857"/>
                <Baseline points="561,2918 581,2918 626,2915 671,2915 716,2912 760,2912 805,2912 850,2909 895,2906 940,2906 984,2903 1029,2903 1074,2900 1119,2897 1163,2897 1208,2897 1253,2894 1298,2894 1342,2894 1387,2894 1432,2888 1477,2888 1521,2885 1566,2885 1611,2882 1656,2882 1701,2879 1745,2876 1790,2876 1835,2873 1880,2873 1924,2873 1969,2870 2014,2867 2059,2867 2103,2864 2148,2861 2193,2861 2238,2861 2282,2861 2327,2858 2372,2858 2417,2855 2462,2855 2506,2852 2551,2852 2596,2850 2641,2847 2685,2844 2730,2844 2775,2844 2820,2841 2864,2838 2909,2838 2954,2838 2999,2838 3043,2838 3088,2838 3133,2841 3178,2844"/>
                <TextEquiv>
                    <Unicode>Geschichte seines ganzen Lebens erzälen. Nie war ein Tag</Unicode>
                </TextEquiv>
            </TextLine>
            <TextLine id="tr_2_tl_4" custom="readingOrder {index:3;}">
                <Coords points="547,3083 3141,3028 3206,2898 2013,2878 1863,2977 550,3004"/>
                <Baseline points="567,3070 570,3070 614,3070 659,3070 704,3070 749,3067 793,3067 838,3064 883,3064 928,3061 972,3061 1017,3058 1062,3058 1107,3055 1151,3052 1196,3052 1241,3049 1286,3049 1331,3046 1375,3046 1420,3046 1465,3043 1510,3041 1554,3041 1599,3038 1644,3038 1689,3035 1733,3032 1778,3032 1823,3029 1868,3026 1912,3026 1957,3023 2002,3023 2047,3020 2092,3020 2136,3017 2181,3017 2226,3014 2271,3017 2315,3014 2360,3011 2405,3011 2450,3008 2494,3008 2539,3005 2584,3005 2629,3002 2673,3002 2718,2999 2763,2999 2808,2996 2852,2993 2897,2993 2942,2993 2987,2993 3032,2990 3076,2987 3121,2987 3166,2984 3211,2984"/>
                <TextEquiv>
                    <Unicode>dem andern gleich. Bald schweifte er draussen in den Ber-</Unicode>
                </TextEquiv>
            </TextLine>
            <TextLine id="tr_2_tl_5" custom="readingOrder {index:4;}">
                <Coords points="547,3312 899,3216 3195,3206 3284,3031 554,3168"/>
                <Baseline points="570,3234 602,3232 647,3229 692,3226 737,3226 781,3220 826,3217 871,3214 916,3214 960,3211 1005,3211 1050,3211 1095,3208 1140,3208 1184,3205 1229,3202 1274,3199 1319,3199 1363,3196 1408,3196 1453,3193 1498,3193 1542,3190 1587,3190 1632,3190 1677,3187 1721,3184 1766,3184 1811,3184 1856,3181 1901,3181 1945,3178 1990,3175 2035,3175 2080,3172 2124,3172 2169,3172 2214,3169 2259,3169 2303,3169 2348,3166 2393,3163 2438,3163 2482,3160 2527,3157 2572,3157 2617,3157 2662,3154 2706,3154 2751,3151 2796,3148 2841,3148 2885,3148 2930,3148 2975,3148 3020,3148 3064,3148 3109,3145 3154,3139 3199,3139 3243,3136 3288,3139"/>
                <TextEquiv>
                    <Unicode>gen und an den Ufern des Sees herum,bald weilte er in gros-</Unicode>
                </TextEquiv>
            </TextLine>
            <TextLine id="tr_2_tl_6" custom="readingOrder {index:5;}">
                <Coords points="547,3407 3250,3342 3274,3195 1962,3189 1760,3284 547,3342"/>
                <Baseline points="564,3378 593,3378 638,3375 683,3378 728,3372 772,3369 817,3369 862,3366 907,3366 951,3366 996,3366 1041,3360 1086,3360 1131,3357 1175,3357 1220,3354 1265,3351 1310,3354 1354,3351 1399,3348 1444,3348 1489,3348 1533,3345 1578,3345 1623,3345 1668,3342 1712,3339 1757,3339 1802,3336 1847,3333 1892,3333 1936,3333 1981,3330 2026,3327 2071,3327 2115,3321 2160,3321 2205,3321 2250,3321 2294,3318 2339,3318 2384,3315 2429,3315 2473,3312 2518,3312 2563,3309 2608,3309 2653,3309 2697,3306 2742,3306 2787,3303 2832,3303 2876,3303 2921,3303 2966,3300 3011,3297 3055,3297 3100,3297 3145,3294 3190,3294 3234,3291 3279,3291"/>
                <TextEquiv>
                    <Unicode>sen,bewegten Städten,- ja selbst über's Meer ist er einmal</Unicode>
                </TextEquiv>
            </TextLine>
            <TextLine id="tr_2_tl_7" custom="readingOrder {index:6;}">
                <Coords points="547,3595 3260,3500 3288,3353 1845,3339 1627,3445 550,3482"/>
                <Baseline points="567,3533 602,3533 647,3530 692,3530 737,3527 781,3524 826,3524 871,3521 916,3521 960,3518 1005,3515 1050,3515 1095,3515 1140,3512 1184,3509 1229,3506 1274,3506 1319,3506 1363,3500 1408,3500 1453,3500 1498,3497 1542,3497 1587,3494 1632,3494 1677,3491 1721,3488 1766,3488 1811,3485 1856,3482 1901,3482 1945,3482 1990,3479 2035,3479 2080,3479 2124,3479 2169,3476 2214,3473 2259,3473 2303,3470 2348,3470 2393,3470 2438,3470 2482,3467 2527,3467 2572,3464 2617,3461 2662,3461 2706,3461 2751,3458 2796,3458 2841,3458 2885,3458 2930,3458 2975,3452 3020,3452 3064,3449 3109,3449 3154,3446 3199,3446 3243,3443 3288,3446"/>
                <TextEquiv>
                    <Unicode>mit mir gekommen - und führte ein recht ruheloses,unstätes</Unicode>
                </TextEquiv>
            </TextLine>
            <TextLine id="tr_2_tl_8" custom="readingOrder {index:7;}">
                <Coords points="550,3691 3011,3660 3151,3544 2536,3500 1893,3612 1244,3517 554,3612"/>
                <Baseline points="572,3679 605,3679 650,3682 695,3679 740,3676 784,3676 829,3673 874,3673 919,3673 963,3673 1008,3673 1053,3670 1098,3667 1142,3667 1187,3667 1232,3667 1277,3667 1322,3667 1366,3664 1411,3661 1456,3658 1501,3658 1545,3655 1590,3652 1635,3649 1680,3649 1724,3649 1769,3649 1814,3646 1859,3646 1903,3646 1948,3640 1993,3640 2038,3640 2083,3640 2127,3637 2172,3634 2217,3634 2262,3634 2306,3631 2351,3631 2396,3628 2441,3628 2485,3628 2530,3625 2575,3622 2620,3622 2664,3619 2709,3622 2754,3619 2799,3616 2844,3616 2888,3613 2933,3613 2978,3611 3023,3608 3067,3608 3112,3605 3157,3608"/>
                <TextEquiv>
                    <Unicode>Wanderleben. Er hatte keinen preund. Er sprach zwar mit</Unicode>
                </TextEquiv>
            </TextLine>
        </TextRegion>
    </Page>
</PcGts>
