3448 4264
2781 379 2955 581 11.
355 577 2993 813 te wie ein Traum vor.Denn während ich das niederschreibe,
345 745 2296 933 bläst draussen der Wind und ich in meinem
348 885 3054 1127 Doch warum unterbrach ich die Erzälung von diesem nie wie-
355 1021 2890 1257 derk-hrendem, wunderbaren Tag und versenkte mich in die
359 1244 1496 1404 triibe, schale Gegenwart,?
359 1363 3027 1544 Kurz, es war ein toller Tag - wir waren über unsere Lustig
376 1530 2969 1701 keit selbst gerührt - und nachdem wir genug gelacht hat-
376 1626 2801 1858 ten, weinten wir auch, dass die hellen Tränen flossen.
366 1821 2999 2057 Es wurde später und spätter.Wir kamen zu einem alten, aber
369 2029 1209 2190 hell erleuchteten
379 2074 2962 2313 16./12. Gebäude. Das stand in der Mitte der Stadt,und
396 2258 3105 2470 obwol nur mehr eine Stunde zur Mitternacht fehlte, so war's
386 2470 1619 2631 doch recht belebt ringsum.
393 2562 2962 2757 1879.8./3. Wir waren beim Teater,und zwar langten wir
400 2702 2931 2924 eben an der Stelle an, wo die Türe für die Schauspieler
407 2866 3146 3085 sich befand. Ich ahnte kommende Seligkeiten. O,wie’s mir zu
400 2989 3030 3222 Mut war! So siiss,so unsagbar hoffnungsfreudig war mir's
410 3170 2993 3375 um's Herz. Und mein Federhütchen kam. Der Poet ging dem
400 3403 3047 3543 Mädchen, auf dessen Locken mein süsser Schatz sich wiegte,
410 3471 2993 3676 rasch entgegen. Und von nun an hatt ich für nichts mehr
407 3669 3085 3895 Augen, als für mein geliebtes Federhütchen. Wir waren alle
