3512 4248
2860 275 3036 424 10.
387 522 2921 801 sang auch mein stilles Lied wie der Poet, der rasch und
390 709 1812 977 froh durch die Strassen eilte.
400 923 709 1099 M./12.
404 970 3128 1231 Das war ein toller Tag, vom nächsten Morgen, bis tief in die
417 1157 3114 1401 Nacht hinein! Als die ersten Sonnenstrahlen in unser Zim-
421 1286 3006 1527 mer blinzelten, waren wir beide längst wach. Während der
434 1462 3162 1713 Dichter im Zimmer hin und herrannte,und trällerte und sang,
448 1601 2924 1829 sah ich seelenvergnügt zum Fenster hinab - und wusste
451 1734 3060 1978 nicht was ich anderes sah - als eitel Wenne und Glückse-
461 2005 865 2164 ligkeit.
468 2036 3101 2317 Plötzlich fühlt ich mich in die Höhe geworfen - und ich
472 2185 3155 2483 hatte meinen gewöhnlichen Platz auf dem Haupte des Poeten
499 2348 3213 2609 eingenommen. Doch glaubt ich immer wieder herunterzufallen,
499 2510 3165 2755 so kühn aas ich droben. Und wie ich wankte und schwankte
502 2673 3233 2911 als mein lustiger Freand die Treppe hinabeilte; es war wahr-
509 2856 2578 3067 haftig gefährlich für meine leichte Person!
522 2938 3135 3257 In allen Strassen,in allen Gärten,in der ganzen Umgebung
536 3135 3152 3362 der Stadt rannten und hüpften wir herum. Wie lachten und
536 3318 3179 3552 sangen wir beide - ich freilich ganz unhörbar, was für un-
539 3440 3080 3677 sinniges und doch so wunderbares Zeug riefen wir beide
570 3545 3277 3840 in die leichten, frischen Lüfte. Es kommt mir das alles heu-
