3528 4248
2889 276 3068 482 13.
428 523 3142 853 Einige Nächte gingen hin, und alle auf dieselbe Weise; immer
428 708 3041 1005 glühender wurde meine Liebe zu dem schönen Federhütehen,
442 843 3149 1109 immer inniger unsere Küsse,und freier der Flug unserer Ge-
462 1008 3024 1295 danken und Gefühle. Ich weiss nicht wie lang diese Zeit
462 1139 3169 1470 währte, wie oft die wundersamen Nächte wiederkehrten – aber
472 1305 3142 1622 sie werden mir unvergesslich bleiben. - Es war Herbst ge-
475 1588 836 1820 worden.
