3480 4168
754 580 3048 708 kann sich eigentlich nicht beklagen. Sie war sehr
768 740 2933 885 glücklich, aber sie wären beide unglöcklich ge-
768 905 2919 1017 worden. Er hätte sie verlassen müssen und ohne
768 1060 3053 1182 ihn hätte sie doch nicht leben können. Er hat sie
783 1168 2876 1334 im Traum ihres Glückes sterben lassen. Er hat
774 1374 1902 1565 sich nichts vorzuwerfen.
765 1537 1154 1651 Hamburg.
725 1651 2559 1848 Hier sollte ein Brief von Therese sein.
785 1808 2970 1945 Der brustkranke Baron bleibt bei ihm, offenbar,
783 1979 3056 2174 weil er um ihn noch den Duft dieses geliebten We-
788 2131 1819 2265 sens zu finden glaubt.
2434 2139 3168 2285 du Baumündert isit
771 2256 2856 2396 Sie gehen zusammen in Singspielhallen. Warum
794 2431 2851 2556 nicht? Er trauert ja nicht. Alles in ihm ist
783 2625 1874 2728 Sehnsucht nach Therese.
797 2731 2868 2916 Am Tag drauf der Brief: Wann kommst du? wann
794 2928 1294 3045 kommst du?
794 3059 2065 3233 Er ist unendlich glücklich.
808 3205 2342 3330 Er reist wie im Taumel nach Wien.
797 3353 2939 3562 Einige Freunde im Klub. Erzählt allen, was ge-
805 3536 1965 3713 schehen. Er wird beklagt.
