3464 4152
2210 317 2539 502 19/897.
724 482 1442 646 Auf dem Schiff.
739 666 2868 819 Er steht ihr eben bei, während sie einen Herz-
2571 753 2689 860 dant
736 842 2472 943 krampf zu haben scheint. Sie stirbt.
733 958 2940 1174 Er ruft nach dem Arzt. Der Arzte konstatiert den
730 1134 2386 1292 Tod. Von den früheren Herzkrämpfen.
739 1284 2048 1454 Er geht aufs Verdeck hinauf.
736 1445 2798 1575 Es war also geschehen. Er hatte sie getötet.
741 1595 3026 1708 Am nächsten Morgen Kondolenzen. Ganz entsetzt ist
736 1725 2839 1849 der brustkranke Baron. Der hatte sie geliebt.
690 1887 1454 2028 Nun war er frei.
730 2045 3041 2172 Jetzt steigt das Bild der blinden Therese vor ihm
736 2219 2790 2325 auf. Nun trennt sie nichts mehr. Er will zu¬
687 2371 1177 2487 rückeilen.
739 2519 2948 2686 Er hat gar nicht die Empfindung, ein Verbrechen
739 2683 1593 2793 begangen zu haben.
733 2833 2008 2946 Erfüllung der Formalitäten.
1968 2905 2201 3021 junger
724 2983 3044 3142 Der Arzt spricht von seiner Frau. Sie denken sich
690 3124 2709 3274 ist sie ihm treu? Ich weiss nicht, manchmal
724 3300 1855 3401 scheint’s mir unwichtig.
690 3450 1743 3549 Weiter auf dem Schiff.
733 3543 2986 3727 Erinnerungen. Er hat sie sehr gut behandelt. Sie
