3464 4168
656 451 2714 673 Das Haus Theresens. Er kommt wie ein Sieger.
707 658 1656 816 Brautzeit abgekürzt.
710 770 2294 986 Er fühlt sich nicht genug geliebt.
707 963 3013 1113 Sie möchte mit ihm die selbe Reise machen, die er
727 1121 1711 1300 "allein" gemacht hat.
719 1282 1906 1455 Er zögert, er verschiebt.
722 1420 2878 1544 Endlich entschliesst er sich, ihr zu gestehen,
724 1541 2889 1771 wie sie ihm zu entgleiten droht.
727 1699 2987 1900 Oder sie treffen den brustkranken Baron, der ent-
733 1920 1210 2047 setzt ist.
730 2021 2886 2171 Auf irgend eine Weise erfährt Therese, dass er
684 2225 1489 2366 nicht allein war.
739 2340 2291 2493 Endlich sagt er ihr die Wahrheit.
736 2507 3024 2668 Am nächsten Morgen ist sie fort. Hr ist entsetzt,
753 2694 1190 2823 ihr nach.
745 2748 2990 2973 Jetzt die Sehnsucht nach der Toten. Sogar Eifer-
748 2970 2012 3157 sucht auf den Brustkranken.
756 3111 2886 3275 Er will zu dem Arzt, der ihm vielleicht sagen
710 3263 2119 3413 kann, dass sie sterben musste.
776 3378 2746 3574 "Ich habe ihr die zehnfache Dosis gegeben."
759 3548 2291 3723 Ja, da haben Sie sie umgebracht.
