3432 4136
234 379 349 576 F
274 454 2954 816 nachdem ich so lange durch die mondbeglänzten Auen jugend-
298 678 2849 955 licher Schwärmerei und Sehnsucht gewandelt war, behagte
295 827 2974 1111 mir umso mehr der taghelle sommerlich prangende Garten üp-
322 955 3052 1277 piger Lust. Einer von den Leuten, Robert mit Namen, schloss
335 1101 2927 1426 sich bald näher an mich. Er war einer von denen, die lä-
400 1206 2903 1555 eheln, wenn man von Idealen spricht, weil sie die Welt
342 1362 2957 1734 niemals in ihrem Dämmerlicht erschauten. Das Temperament
410 1490 3039 1843 dieses jungen Mannes skizzierte Leidenschaft, ohne sie je
420 1640 2900 2002 mals auszuführen, und bei gewissen Frauen, die solche
430 1822 3103 2138 Skizzenblätter der Leidenschaft lieben, hat er viel Glück,
403 1999 3052 2331 Er war geistreich und genussüchtig, dabei machte er sich
467 2144 3083 2466 lustig über den Geist und verachtete den Genuss. Er lebte
434 2310 2890 2622 nur für das Wirkliche, Gegenwärtige, und kannte weder
437 2442 3069 2846 Sehnsucht, noch Erinnerung. Zu dieser Zeit war ich häu-
512 2591 3066 2998 fig mit ihm zusammen, ab und zu amisierten wir uns ganz
484 2727 3150 3096 leidlich, und ich war bald in seine und seiner Freunde und
532 2910 3140 3255 Freundinnen überlustige Gesellschaft mit hineingerissen.
732 3049 3025 3425 So eigentlich wohl war mir damals auch nicht. Und
532 3171 3184 3567 bald schien mir, als gähe es in diesem Kreise nichts Neuen
535 3340 3201 3709 mehr zu erfahren. Oft noch erging es mir auf ähnliche Wei-
552 3432 3116 3889 se. Ich hatte im Geiste ein weites Stück meines Daseins
2700 291 2791 464 2
