3464 4168
634 431 3023 813 Es war wieder einer jener seligen Nächte ihrem Ende
415 624 3040 1006 nahe, Violetta hatte sich aus meinen Armen gerissen, ich
455 750 3080 1165 stand am Fenster und ich sah ihre Gestalt dichtverschlei-
468 916 3143 1321 ert durch die Strassen eilen. Es schien kalt zu sein, denn
481 1069 3116 1430 die wanigen Leute, die im grauenden Morgen vorüberwandel-
551 1231 2964 1580 ten, hüllten sich fröstelnd in ihre Mäntel. Vieletta
568 1308 3120 1729 wandte sich an der Strassenecke noch einmal um und warf
571 1507 3179 1862 mir einen Kuss zu. Ich starrte halb gedankenlos hin; sie
591 1636 3236 2008 sah wie erwartungsvoll auf mich. Es war seltsam, dass ich
571 1812 3169 2180 bei alldem an gar nichts dachte, und erst Vieletta ihren
584 1912 3262 2316 Weg fortzusetzen sich anschickte, - ja als sie verschwunden
687 2058 3276 2453 war, führte ich mechanisch meine Finger an die Lippen,
607 2217 3266 2602 nur um ihren Abschiedsgruß zu erwidern. Mir war, als sei
687 2406 3246 2738 etwas sehr Teures in diesem Augenblick aus meinem Leben
654 2555 3063 2884 verloren gegangen, aber ich dachte kaum an Vieletta.
893 2665 3262 3000 Noch an dem selben Tage ward mir Kunde von dem Tode
723 2788 3292 3166 Cyprians, und zwei Tage später, an einem unfreundlichen
733 2950 3279 3312 regnerischen Tag, fuhr ich mit Robert auf den Friedhof,
714 3133 3272 3428 Robert war sehr witzig hinter dem Sarge, und er stellte
737 3242 3299 3538 in übermütigen Zügen ein Bild aller seiner Anschauungen
783 3471 3223 3667 und Erlebnisse, seiner ganzen Philosophie hin. Er er-
750 3591 3173 3820 ging sich in einer Verhöhnung alles Menschlichen und
