3432 4120
386 382 2176 639 Pragmente eines modernen Jugendlebens.
580 471 2963 775 Aueh jenes Abends er innere ich mich noch sehr deut-
366 633 3000 913 lich, an dem ich meine Tagebücher verbrannte. Ein nichts-
356 811 2927 1101 sagender Herbsttag nahm gleichgiltigen Abschied von der
366 923 2897 1239 Erde; der gute Cyprian - sein Wesen dünkte mich damals
372 1094 2950 1378 nicht weniger altmodisch als sein Name - war eben recht
458 1223 3052 1510 verst mmt von mir geschieden. Er konnte den Mismut nicht
452 1378 2993 1661 fassen, der in ein paar Versen, die ich flüchtig hinge-
468 1539 3016 1820 worfen hatte, ein launisches Spiel trieb. Er nannte die
429 1684 3059 1998 Gediehte lächerlich und mislungen. Und dass von Käthehen,
448 1876 3003 2116 einem braven, schönen Mädchen, das mich treu liebte, in
504 1994 2960 2284 ganz kühlem Tone äusserte, ihre stille, immer gleiche
491 2172 3105 2429 Zärtlichkeit beginne mich zu langweilen, das fand er nun
518 2354 1912 2607 gar unbegreiflich und herzlos.
692 2383 3118 2739 So sass ich denn verträumt und einsam vor dem Kamin,
485 2574 3003 2930 in dessen zuekenden Flammen ein gut Teil meines Lebens
501 2726 2973 3052 gleichsam todessehnsüchtig verglühte. Auch zerstäubte
504 2878 3112 3178 Rosen, zur Blütezeit von ihr gepflückt, trate Briefe von
518 3003 3164 3313 ihrer Hand, Gedichte, die ich in hoffnungsreicheren Tagen
521 3158 3128 3458 dem Liebehen geweiht, flatterten ins Feuer, warem dahin.
752 3296 3115 3606 In der Nacht, die diesem Abend folgte, traf ich auf
580 3448 3016 3738 einem Ralle mit ein paar lustigen Kameraden zusammen
