3480 4136
340 424 2920 764 längst zu Ende gelebt, während ich in Wirklichkeit noch
387 550 2882 947 mitten darin stand, und ich fragte mich, ob ich denn
380 730 2984 1052 ewig nur welke Blumen pflücken sollte, ob nicht irgendwo
380 883 3001 1195 im geräumigen Garten weiblicher Schönheit Frühling oder,
441 1029 2926 1361 wonach mich mehr verlangte, Sommer, heisser glühender
404 1151 3086 1552 Sommer zu finden sei. Denn ich früher übersättigt gewesen
1833 1215 1962 1314 was
424 1280 2954 1681 als befriedigt. Und ich nahm Abschied von den Männern,
445 1497 2937 1847 deren weingefüllte Gläser so oft hell an das meine ge-
499 1609 3062 1979 klungen, und von den Frauen, die ich geküsst hatte. Mir
519 1796 2855 2142 selber unerwartet, stand ich eines Morgens auf der
533 1891 3171 2278 Strasse und erblickte die Stadt in voller arbeithastender
516 2057 3249 2417 Bewegung. Ich strieh mir wie erwachend über Augen und Stirn
516 2237 2988 2553 und atmete auf. Ich wandte mich nach den Fenstern des
2882 2234 3140 2383 durch
564 2329 3225 2699 Saals um, den ich eben verlassen; sie waren verhängt, und
543 2526 3113 2859 die Vorhänge flimmerte ein ungleichmässiges Licht. Wie
567 2662 3134 2998 verhallende Stimmen klang es herunter, und mir war, als
564 2818 3181 3137 hörte ich ein Glas auf den Boden fallen und zerspringen.
614 2954 3174 3327 Das Licht flimmerte hinter den Vorhängen, es schien zu
608 3283 1148 3463 verlöschen.
