7928 6232
175 479 2948 836 jusque dans la forêt. Oui, j'ai tout
244 735 824 950 frevu
252 844 3126 1116 Je veux raconter maintenant toute
199 999 2948 1291 l'affaire. Je m'appelle Andre
179 1145 3366 1429 Chamayer, je suis âgé de trente - quatre
191 1328 3061 1587 ans, je suis employé à la Caisse d
166 1474 3313 1758 épargnes, je suis depuis quatre ans marié
158 1636 3289 1888 et se demeure dans la Hernalser Haupt-
138 1799 3260 2002 strable 64. J'ai connu ma femme
150 2010 3203 2237 sept ans avant de l'épouser et parce
183 2119 3134 2395 qu'elle m'aimait elle a refusé deux
171 2274 3256 2542 concurrents, un employé qui avait 1800
154 2460 3163 2712 florins de gages et un très bel étudiant
146 2578 3321 2810 en médecine de Criesste. Elle les refusa
146 2757 3211 2984 tous les dent, à cause de moi quoique,
146 2919 3256 3216 Je ne fusse ni beau, ni riche et que
150 3118 3199 3321 notre mariage se remit d'année en
199 3232 3378 3524 année. Les gens prétendent à présent
195 3406 3102 3670 que cette femme qui pendant sept
187 3569 3345 3849 années m'avait si patiemment et
199 3743 1904 3999 tendu, me trompait
272 3946 3540 4157 Oh! que tout ce monde est sat et vulgaire!
280 4097 2814 4344 Mais à présent ils se tairont.
235 4226 3187 4425 ils diront tous: oui, nous avons eu
187 4454 3069 4608 tort, il n'aurait pas du se tuer...
292 4576 3280 4762 Mai, je vous dis que c'est nécessaire.
280 4722 3289 4921 Toute ma vie, je serais raillé et on
171 4880 3374 5172 se maquerait de moi. Il n'y a qu'un
158 5047 3301 5278 être qui est bon et noble. C'est le vient
158 5217 3260 5428 docteur Walter Brunner. Om, avant
158 5400 3349 5587 de me laisser pénétrer dans la chambre
162 5550 3264 5810 de ma femme il me dit: Mon cher
150 5708 3285 6009 ne vous effrayez pas. Il arrive parfois
4673 422 7775 706 de pareilles choses. Je vais vous apparter
4616 617 7763 828 le livre de Limboek et d'autre livres qui
4616 767 6155 1031 traitent de ce sujet :
4576 962 7767 1161 L’égarement de la vue des femmes enceintes
4596 1092 7677 1356 Je prie ma famille de rendre ces livres
4616 1255 7702 1518 au docteur Brauner et de lui présenter
4608 1417 6951 1701 mes respectueux hommages.
4657 1567 7552 1831 Je n'ai pas à donner d'autres ordres.
4645 1762 7641 1957 Mon testament est écrit depuis long¬
4592 1928 7576 2107 temps, je n'ai aucune raison de le
4616 2087 7726 2286 changer, parce que ma femme m'a été
4551 2310 7799 2513 fidèle et que l'enfant qu'elle a mis au mon
4584 2424 7807 2602 de est le mien. Il a la peau d’une couleur
4576 2578 7803 2814 un peu bizarre, mais je vais l'expliquer
4608 2712 7288 2939 de la manière la plus simple.
4632 2899 7759 3142 Si nous vivions parmi des gens qui
4608 3073 7795 3248 ne sont ni sots, ni malicieux, je n'au¬
4616 3248 7726 3419 rais pas besoin de me tuer. chacun
4596 3394 7706 3593 comprendrait. Mais personne ne veut
4645 3585 7665 3796 le comprendre; on rit, on se moque
4628 3695 7755 3963 de moi. Même M. Gustave Rengelhofer,
4616 3877 7706 4044 l'oncle de ma femme, un homme que
4620 4032 7519 4291 j'ai toujours beaucoup respecté, il a q
4632 4214 7767 4462 cligné les yeux d'une façon inquietante
4641 4369 7556 4616 quand il a vu mon enfant pour la
4641 4527 7795 4779 première fois, et ma mère m'a serre la
4632 4677 7820 4929 main d'un geste plein de compasion.
4645 4840 7775 5038 Mes camarades au bureau ont chuchale
4673 5018 7803 5290 quand je suis entré, hier, notre consierge
4673 5168 7803 5416 m'a ri au nez; la cuisinière a une
4620 5335 7682 5623 mine si gare, comme si elle avait
4657 5505 7487 5749 trop bu... l'épicier me regarde
4661 5660 7621 5924 l'autre jour, il s'est arrêté sans la
