7896 6216
5257 1067 7531 1370 Non décidement, je ne
4694 1278 7315 1550 puis vivre plus longtemps.
4754 1434 7634 1614 Toute-ma vie les gens ne feraient
4642 1570 7746 1854 que se magnee de moi et personne ne
4630 1746 7626 2009 croirait à la vérite. La vérité est que
4610 1918 7746 2197 ma femme m'a été fidèle -am, je le
4614 2089 7730 2353 jure par tout ce qui m'est sacré; et
4646 2237 7746 2521 Je veut le confirmer en m'étant la
4606 2409 7710 2665 vie. J'ai lu aussi beaucoup de livres
4598 2561 7774 2836 qui traitent de ce sujet si enigmatique
4558 2721 7531 2988 et si difficile et je veux en donner des
4558 2916 7762 3152 exemples qui convaincront tout le monde.
4682 3064 7519 3280 Malébranche, nous conte, qu'a la
4574 3200 7770 3480 canonisation de Pie le Saint, une femme
4586 3376 7507 3647 regardait avec tant d'insistance le
4598 3532 7734 3823 partrait du pape, que le fils qu'elle mit
4634 3691 7794 3927 au monde peu de temps après ressemblait.
4634 3879 7587 4047 tout à fait au saint les fraits du
4634 4039 7630 4307 visage étaient vieux et fanés, les bras
4646 4231 7658 4446 croisés sur la paitrine et le regard
4670 4351 7646 4566 tourné vers le ciel. Il se trouvera
4634 4562 7786 4786 des gens pour qui ceci ne sera pas une
4658 4710 7431 4970 preuve suffisante; je vais leur
4658 4874 7658 5114 conter encore un récit du docteur
4658 5006 7750 5205 Martin Luther. Luther dans un
4678 5182 7634 5369 de ses sermons, prétend avoir vu à
4690 5373 7726 5557 Wittenberg, un homme à tête de mort
4718 5513 7786 5809 Le fait était que la mère de ce pauvre
4694 5673 7335 5953 malheureux avait eu pendant
