7912 6232
210 447 3373 754 porte cochère et il a dit à une vieille dame.
185 641 3268 895 „Le voici”. C'est drôle; des gens que je ne
185 786 3256 999 connais point, le savent. J'ai entendu,
121 959 3301 1221 avant hier trois vieilles femmes en parler
185 1136 1535 1354 dans l'omnibus.
379 1330 3430 1543 Que dois-je faire? Je ne puis pourtant
173 1499 3325 1709 pas dire à chacun: Lisez les miracle de
185 1592 3208 1866 la nature par Hamburg. L'égarement
181 1757 3313 1983 de la vue chez les femmes enceintes par
234 1922 3252 2208 Limböck. Je ne puis non plus me
206 2128 3248 2305 mettre à genoux et les implorer, leur
230 2273 3196 2466 dire : "Ne sayez pas si cruels"... ma
230 2410 2748 2688 femme m'a toujours été fidèle "!
258 2603 3325 2797 Sa vue s'est égarée, quand elle est allée
242 2789 3188 3002 avec sa sœur au fardin Zoologique
173 2914 3252 3155 regarder les negres. Je n'étais pas à la
157 3047 3123 3288 maison. - J'étais à la campagne chez
173 3252 3325 3446 mes parents, mon père était bien malade¬
193 3389 3131 3587 il est mort peu de temps après. Eh bien
218 3571 3317 3752 Anna était seule; je l'ai trouvée à mon
149 3724 3095 3982 retour couchée - malade de nostalgie.
193 3889 3135 4143 Mon absence, pourtant n'avait dure
181 4090 3301 4308 que trois jours, mais son amour pour
157 4191 3297 4473 moi était si grand, qu'elle n'avait pu
133 4405 3345 4614 la supporter. Je dus m'asseoir à son
161 4526 3208 4715 chevet, elle me raconta de quelle sorte
145 4699 3297 4909 elle avait passé ces trois jours. Je note
113 4840 3284 5122 ici son récit avec la plus grande exactitude.
218 5017 3325 5255 Lundi matin, elle était restée à la maison,
149 5175 3216 5453 mais après le dîner, elle était sortie avec
161 5348 3200 5610 Fritzi - sa sœur - en ville pour faire des
145 5505 3184 5743 emplettes. Fritzi est fiancée avec un
161 5715 3039 5944 jeune homme tout comme il faut
4647 411 7597 709 qui a une excellente position dans une
4651 596 7701 862 grande maison de commerce à Brême
4634 766 7339 999 Ils se marieront bientôt. Mais
4647 955 7121 1136 retournons à nos moutons!
4687 1088 7665 1322 Mardi, ma femme resta toute la
4663 1318 7661 1527 journée à la maison, parce qu'il
4663 1435 7617 1689 plenvait. Je me rappelle qu'il
4622 1596 7750 1834 pleuvait aussi, à la campagne ce
4659 1745 7770 2015 jour-là. Le mercredi m'a femme
4651 1898 7762 2204 alla avec Fritzi au jardin zoologique
4610 2055 7689 2265 ou des negres avaient établi leur
4610 2237 7568 2499 tente. Moi je les ai vu plus tard
4610 2414 7762 2636 ces noirs - c'était un soir de septembre
4622 2615 7629 2805 Anna ne voulut absolument pas
4622 2724 7762 2942 m'y accompagner, elle les avait en
4610 2877 7750 3147 Charreur depuis ce mercredi. Elle me
4651 3059 7758 3317 dit que jamais de sa vie, elle n'avait
4586 3220 7786 3413 ressenti une pareille terreur comme
4586 3369 7593 3571 ce soir-là quand elle s'était vue
4586 3575 7766 3816 seule avec les nèvres. Oui, elle était
4610 3687 7782 3978 seule parce que Fritzi s'était perdue
4586 3869 7770 4135 tout à coup. Je ne puis passer outre
4626 4030 7766 4304 cette chose, un que c'est ma dernière
4590 4191 7713 4469 lettre, je ne voudrais pourtant pas
4610 4356 7697 4582 offenser Fritzi. Je veux seulement
4574 4518 7721 4812 lui conseiller de ne pas faire de la
4602 4675 7726 4969 peine à son france.  Matheurew¬
4590 4872 7734 5106 sement, le fait est que ce soir-là, Fritzé,
4626 5098 7673 5255 s'égara avec un monsieur que je
4598 5170 7810 5440 connais très bien, et qui ne jouit pas
4590 5336 7750 5573 de la meilleure réputation, quoiqu'il
4590 5497 7830 5779 soit déjà marié - et ma pauvre femme
4586 5662 7786 5936 se trouva seule. Le soir était brument
