<?xml version="1.0" encoding="UTF-8" standalone="yes"?>
<PcGts xmlns="http://schema.primaresearch.org/PAGE/gts/pagecontent/2013-07-15" xmlns:xsi="http://www.w3.org/2001/XMLSchema-instance" xsi:schemaLocation="http://schema.primaresearch.org/PAGE/gts/pagecontent/2013-07-15 http://schema.primaresearch.org/PAGE/gts/pagecontent/2013-07-15/pagecontent.xsd">
    <Metadata>
        <Creator>prov=READ-COOP:name=TrHtr:version=2.1.0:model_id=51170:date=14_08_2023_16:26</Creator>
        <Created>2023-05-10T15:33:14.014+02:00</Created>
        <LastChange>2023-08-14T16:26:37.884+02:00</LastChange>
        <TranskribusMetadata docId="1428920" pageId="55434264" pageNr="3" tsid="132815373" status="IN_PROGRESS" userId="64420" imgUrl="https://files.transkribus.eu/Get?id=VSBIEBBXGJYDMZJOWXTHCASR&amp;fileType=view" xmlUrl="https://files.transkribus.eu/Get?id=FQCDTMPKCDKRDWVKNNFBHUBT" imageId="44708254"/>
    </Metadata>
    <Page imageFilename="1428920_0003.jpg" imageWidth="7912" imageHeight="6448">
        <ReadingOrder>
            <OrderedGroup id="ro_1711801630931" caption="Regions reading order">
                <RegionRefIndexed index="0" regionRef="tr_2"/>
                <RegionRefIndexed index="1" regionRef="tr_4"/>
                <RegionRefIndexed index="2" regionRef="tr_1"/>
                <RegionRefIndexed index="3" regionRef="tr_3"/>
            </OrderedGroup>
        </ReadingOrder>
        <TextRegion id="tr_2" custom="readingOrder {index:0;}">
            <Coords points="208,779 3892,779 3892,3962 208,3962"/>
            <TextLine id="tr_2_tl_1" custom="readingOrder {index:0;}">
                <Coords points="206,993 426,888 3876,920 3881,718 2723,805 1936,645 1647,778 211,796"/>
                <Baseline points="232,895 310,889 400,883 489,883 579,877 668,877 758,871 847,871 937,871 1026,865 1116,865 1206,871 1295,865 1385,865 1474,859 1564,859 1653,859 1743,859 1832,853 1922,853 2012,859 2101,853 2191,853 2280,853 2370,853 2459,847 2549,847 2638,847 2728,847 2818,847 2907,847 2997,847 3086,841 3176,841 3265,841 3355,841 3444,841 3534,841 3624,829 3713,841 3803,841 3892,847"/>
                <TextEquiv>
                    <Unicode>sa grossesse, une grande frayeur en voyant un</Unicode>
                </TextEquiv>
            </TextLine>
            <TextLine id="tr_2_tl_2" custom="readingOrder {index:1;}">
                <Coords points="229,1085 3089,1080 3487,1043 3487,883 229,970"/>
                <Baseline points="256,1038 274,1038 364,1038 453,1038 543,1032 632,1032 722,1032 811,1032 901,1026 991,1032 1080,1032 1170,1032 1259,1032 1349,1026 1438,1026 1528,1026 1617,1020 1707,1020 1797,1026 1886,1026 1976,1026 2065,1020 2155,1020 2244,1020 2334,1020 2423,1014 2513,1014 2603,1014 2692,1014 2782,1014 2871,1008 2961,1008 3050,1008 3140,1008 3229,1008 3319,1003 3409,1003 3498,1008"/>
                <TextEquiv>
                    <Unicode>cadavré. L'histoire que conte Héliadore</Unicode>
                </TextEquiv>
            </TextLine>
            <TextLine id="tr_2_tl_3" custom="readingOrder {index:2;}">
                <Coords points="206,1240 1620,1194 1771,1318 1982,1185 3473,1204 3473,1057 206,1071"/>
                <Baseline points="232,1206 256,1200 346,1200 435,1200 525,1194 614,1194 704,1194 794,1194 883,1194 973,1194 1062,1188 1152,1194 1241,1188 1331,1182 1420,1182 1510,1182 1600,1188 1689,1182 1779,1182 1868,1188 1958,1182 2047,1182 2137,1182 2226,1182 2316,1182 2406,1176 2495,1176 2585,1176 2674,1170 2764,1176 2853,1170 2943,1170 3032,1164 3122,1170 3212,1164 3301,1158 3391,1158 3480,1158"/>
                <TextEquiv>
                    <Unicode>ans ses "Livres d'Ethyopie me semble être</Unicode>
                </TextEquiv>
            </TextLine>
            <TextLine id="tr_2_tl_4" custom="readingOrder {index:3;}">
                <Coords points="183,1469 654,1364 3245,1382 3249,1217 183,1286"/>
                <Baseline points="208,1373 298,1373 388,1367 477,1361 567,1355 656,1355 746,1355 835,1355 925,1355 1014,1355 1104,1355 1194,1349 1283,1349 1373,1355 1462,1349 1552,1343 1641,1349 1731,1349 1820,1349 1910,1343 2000,1337 2089,1337 2179,1337 2268,1337 2358,1331 2447,1331 2537,1331 2626,1325 2716,1325 2806,1319 2895,1319 2985,1319 3074,1319 3164,1319 3253,1313"/>
                <TextEquiv>
                    <Unicode>plus digne de foi. La reine Persina,</Unicode>
                </TextEquiv>
            </TextLine>
            <TextLine id="tr_2_tl_5" custom="readingOrder {index:4;}">
                <Coords points="215,1657 526,1542 1776,1524 1927,1620 2476,1506 3350,1542 3350,1432 215,1446"/>
                <Baseline points="238,1540 316,1534 405,1528 495,1516 585,1516 674,1516 764,1516 853,1516 943,1516 1032,1516 1122,1510 1211,1516 1301,1516 1391,1516 1480,1516 1570,1516 1659,1510 1749,1504 1838,1498 1928,1498 2017,1498 2107,1498 2197,1498 2286,1492 2376,1492 2465,1492 2555,1492 2644,1492 2734,1492 2823,1486 2913,1486 3003,1486 3092,1486 3182,1486 3271,1486 3361,1480"/>
                <TextEquiv>
                    <Unicode>après dix ans de mariage, donna le jour</Unicode>
                </TextEquiv>
            </TextLine>
            <TextLine id="tr_2_tl_6" custom="readingOrder {index:5;}">
                <Coords points="224,1707 1506,1675 1863,1776 2050,1679 3437,1666 3437,1542 2741,1492 1927,1620 1313,1524 224,1661"/>
                <Baseline points="250,1695 316,1689 405,1689 495,1689 585,1683 674,1683 764,1689 853,1683 943,1683 1032,1677 1122,1677 1211,1671 1301,1677 1391,1677 1480,1671 1570,1671 1659,1665 1749,1665 1838,1665 1928,1665 2017,1659 2107,1659 2197,1659 2286,1659 2376,1665 2465,1659 2555,1659 2644,1659 2734,1653 2823,1647 2913,1647 3003,1647 3092,1641 3182,1641 3271,1641 3361,1635 3450,1629"/>
                <TextEquiv>
                    <Unicode>a une fille blanche de peau. Redoutant</Unicode>
                </TextEquiv>
            </TextLine>
            <TextLine id="tr_2_tl_7" custom="readingOrder {index:6;}">
                <Coords points="183,1885 1451,1840 1789,1949 2087,1830 3290,1817 3327,1657 1867,1771 1501,1670 183,1721"/>
                <Baseline points="208,1844 292,1844 382,1844 471,1844 561,1844 650,1838 740,1832 829,1838 919,1832 1008,1832 1098,1832 1188,1826 1277,1826 1367,1832 1456,1832 1546,1826 1635,1826 1725,1826 1814,1826 1904,1820 1994,1820 2083,1820 2173,1820 2262,1820 2352,1814 2441,1814 2531,1809 2620,1809 2710,1809 2800,1803 2889,1797 2979,1803 3068,1803 3158,1797 3247,1797 3337,1797"/>
                <TextEquiv>
                    <Unicode>la colère du roi Hystaspes son mari, elle</Unicode>
                </TextEquiv>
            </TextLine>
            <TextLine id="tr_2_tl_8" custom="readingOrder {index:7;}">
                <Coords points="229,2050 3386,2009 3180,1826 2824,1917 2087,1830 1776,1949 1492,1849 229,1904"/>
                <Baseline points="256,2006 262,2006 352,2000 441,2006 531,2006 620,2000 710,2000 800,1994 889,1994 979,1994 1068,1994 1158,2000 1247,1994 1337,1994 1426,1994 1516,1994 1606,1988 1695,1988 1785,1988 1874,1982 1964,1982 2053,1982 2143,1982 2232,1982 2322,1976 2412,1970 2501,1970 2591,1976 2680,1976 2770,1970 2859,1970 2949,1976 3038,1970 3128,1970 3218,1964 3307,1964 3397,1958"/>
                <TextEquiv>
                    <Unicode>fit aussitôt transporter l'enfant hor</Unicode>
                </TextEquiv>
            </TextLine>
            <TextLine id="tr_2_tl_9" custom="readingOrder {index:8;}">
                <Coords points="224,2252 3286,2192 3286,2050 2755,2009 1391,2123 1240,2032 943,2114 728,2018 508,2128 224,2046"/>
                <Baseline points="250,2167 340,2161 429,2167 519,2167 608,2167 698,2167 788,2167 877,2161 967,2161 1056,2161 1146,2161 1235,2161 1325,2155 1414,2155 1504,2155 1594,2149 1683,2149 1773,2149 1862,2143 1952,2143 2041,2143 2131,2149 2220,2143 2310,2143 2400,2143 2489,2137 2579,2143 2668,2137 2758,2137 2847,2137 2937,2131 3026,2137 3116,2131 3206,2137 3295,2137"/>
                <TextEquiv>
                    <Unicode>du palais, lui mettant toutefois une</Unicode>
                </TextEquiv>
            </TextLine>
            <TextLine id="tr_2_tl_10" custom="readingOrder {index:9;}">
                <Coords points="197,2352 1446,2421 2023,2320 2375,2421 2645,2306 3249,2338 3254,2197 197,2247"/>
                <Baseline points="220,2340 304,2334 394,2334 483,2328 573,2328 662,2322 752,2322 841,2322 931,2322 1020,2316 1110,2316 1200,2316 1289,2316 1379,2316 1468,2310 1558,2310 1647,2310 1737,2304 1826,2304 1916,2304 2006,2304 2095,2304 2185,2304 2274,2304 2364,2304 2453,2304 2543,2298 2632,2292 2722,2292 2812,2292 2901,2292 2991,2292 3080,2298 3170,2298 3259,2304"/>
                <TextEquiv>
                    <Unicode>cunture sur laquelle était gravée la</Unicode>
                </TextEquiv>
            </TextLine>
            <TextLine id="tr_2_tl_11" custom="readingOrder {index:10;}">
                <Coords points="201,2563 3052,2494 3217,2471 3217,2343 201,2416"/>
                <Baseline points="226,2501 268,2495 358,2489 447,2489 537,2483 626,2477 716,2483 806,2477 895,2477 985,2477 1074,2477 1164,2477 1253,2477 1343,2471 1432,2471 1522,2477 1612,2471 1701,2471 1791,2477 1880,2471 1970,2471 2059,2471 2149,2471 2238,2471 2328,2471 2418,2465 2507,2465 2597,2465 2686,2465 2776,2465 2865,2459 2955,2459 3044,2459 3134,2459 3224,2471"/>
                <TextEquiv>
                    <Unicode>vraie cause du funeste événement.</Unicode>
                </TextEquiv>
            </TextLine>
            <TextLine id="tr_2_tl_12" custom="readingOrder {index:11;}">
                <Coords points="224,2677 618,2769 924,2659 1734,2759 1977,2654 3299,2691 3354,2503 224,2522"/>
                <Baseline points="250,2656 316,2656 405,2656 495,2650 585,2650 674,2650 764,2650 853,2644 943,2644 1032,2638 1122,2638 1211,2638 1301,2632 1391,2632 1480,2632 1570,2632 1659,2632 1749,2632 1838,2632 1928,2632 2017,2632 2107,2632 2197,2632 2286,2632 2376,2632 2465,2632 2555,2632 2644,2632 2734,2632 2823,2632 2913,2632 3003,2632 3092,2632 3182,2632 3271,2632 3361,2626"/>
                <TextEquiv>
                    <Unicode>Les regarde extasées de la reine s'étaient</Unicode>
                </TextEquiv>
            </TextLine>
            <TextLine id="tr_2_tl_13" custom="readingOrder {index:12;}">
                <Coords points="215,2874 2252,2796 3062,2883 3254,2837 3254,2705 2183,2750 1977,2654 1734,2759 1162,2659 215,2787"/>
                <Baseline points="238,2823 310,2818 400,2812 489,2812 579,2812 668,2806 758,2806 847,2800 937,2800 1026,2806 1116,2800 1206,2800 1295,2800 1385,2800 1474,2800 1564,2794 1653,2794 1743,2800 1832,2794 1922,2800 2012,2800 2101,2800 2191,2800 2280,2794 2370,2788 2459,2788 2549,2788 2638,2788 2728,2788 2818,2788 2907,2782 2997,2782 3086,2782 3176,2782 3265,2788"/>
                <TextEquiv>
                    <Unicode>maintes fois posés sur les superbes</Unicode>
                </TextEquiv>
            </TextLine>
            <TextLine id="tr_2_tl_14" custom="readingOrder {index:13;}">
                <Coords points="238,3039 3144,2975 3231,2837 1451,2910 1199,2819 1071,2906 892,2810 238,2906"/>
                <Baseline points="262,2973 286,2973 376,2973 465,2967 555,2967 644,2961 734,2961 823,2961 913,2961 1003,2955 1092,2961 1182,2961 1271,2961 1361,2961 1450,2961 1540,2961 1629,2961 1719,2961 1809,2961 1898,2955 1988,2955 2077,2955 2167,2955 2256,2949 2346,2949 2435,2949 2525,2949 2615,2943 2704,2943 2794,2943 2883,2937 2973,2937 3062,2937 3152,2937 3241,2943"/>
                <TextEquiv>
                    <Unicode>statues des diens, grecs et romains</Unicode>
                </TextEquiv>
            </TextLine>
            <TextLine id="tr_2_tl_15" custom="readingOrder {index:14;}">
                <Coords points="229,3272 1309,3130 1593,3226 1977,3130 2338,3267 2622,3148 3327,3144 3327,3039 3130,2965 229,3039"/>
                <Baseline points="256,3164 292,3158 382,3152 471,3146 561,3140 650,3134 740,3134 829,3134 919,3128 1008,3128 1098,3122 1188,3122 1277,3122 1367,3116 1456,3122 1546,3122 1635,3122 1725,3134 1814,3122 1904,3122 1994,3122 2083,3116 2173,3116 2262,3116 2352,3116 2441,3116 2531,3116 2620,3116 2710,3116 2800,3110 2889,3110 2979,3110 3068,3110 3158,3110 3247,3110 3337,3104"/>
                <TextEquiv>
                    <Unicode>qui se trouvaient dans le jardin du</Unicode>
                </TextEquiv>
            </TextLine>
            <TextLine id="tr_2_tl_16" custom="readingOrder {index:15;}">
                <Coords points="238,3423 526,3318 947,3359 1057,3299 1185,3350 1474,3350 1478,3176 1368,3158 1126,3235 792,3162 686,3208 627,3167 531,3213 444,3180 243,3267"/>
                <Baseline points="268,3331 316,3325 405,3319 495,3313 585,3307 674,3301 764,3295 853,3295 943,3295 1032,3289 1122,3289 1211,3283 1301,3283 1391,3283 1484,3281"/>
                <TextEquiv>
                    <Unicode>palais royal</Unicode>
                </TextEquiv>
            </TextLine>
            <TextLine id="tr_2_tl_17" custom="readingOrder {index:16;}">
                <Coords points="352,3478 2219,3537 2457,3441 3309,3441 3185,3327 2009,3377 1895,3277 1670,3405 1542,3327 352,3364"/>
                <Baseline points="376,3474 453,3462 543,3456 632,3450 722,3450 811,3450 901,3450 991,3456 1080,3456 1170,3456 1259,3450 1349,3450 1438,3450 1528,3444 1617,3444 1707,3444 1797,3444 1886,3444 1976,3438 2065,3438 2155,3444 2244,3444 2334,3444 2423,3444 2513,3438 2603,3432 2692,3432 2782,3432 2871,3432 2961,3432 3050,3432 3140,3432 3229,3432 3319,3438"/>
                <TextEquiv>
                    <Unicode>Comme preuve finale, voici une</Unicode>
                </TextEquiv>
            </TextLine>
            <TextLine id="tr_2_tl_18" custom="readingOrder {index:17;}">
                <Coords points="197,3670 3222,3606 2457,3441 1904,3574 1702,3473 1217,3583 197,3515"/>
                <Baseline points="220,3635 280,3635 370,3629 459,3624 549,3618 638,3618 728,3618 817,3624 907,3624 997,3624 1086,3624 1176,3618 1265,3618 1355,3618 1444,3612 1534,3612 1623,3612 1713,3612 1803,3612 1892,3606 1982,3606 2071,3612 2161,3606 2250,3606 2340,3612 2429,3606 2519,3606 2609,3600 2698,3600 2788,3606 2877,3600 2967,3600 3056,3600 3146,3600 3235,3600"/>
                <TextEquiv>
                    <Unicode>histoire, qui eut lieu en France, en</Unicode>
                </TextEquiv>
            </TextLine>
            <TextLine id="tr_2_tl_19" custom="readingOrder {index:18;}">
                <Coords points="188,3812 1240,3775 1615,3894 1954,3785 3121,3771 3318,3853 3272,3643 188,3675"/>
                <Baseline points="214,3785 280,3791 370,3791 459,3779 549,3779 638,3773 728,3773 817,3779 907,3773 997,3773 1086,3773 1176,3767 1265,3773 1355,3767 1444,3767 1534,3767 1623,3773 1713,3773 1803,3767 1892,3767 1982,3767 2071,3767 2161,3761 2250,3761 2340,3761 2429,3761 2519,3755 2609,3755 2698,3755 2788,3755 2877,3761 2967,3761 3056,3761 3146,3767 3235,3767 3325,3779"/>
                <TextEquiv>
                    <Unicode>l'an 1637. Une femme, dont le mari</Unicode>
                </TextEquiv>
            </TextLine>
            <TextLine id="tr_2_tl_20" custom="readingOrder {index:19;}">
                <Coords points="229,3990 3139,3990 3139,3835 2540,3798 1588,3894 1286,3785 1071,3899 874,3794 229,3817"/>
                <Baseline points="256,3952 286,3946 376,3952 465,3952 555,3946 644,3946 734,3946 823,3946 913,3940 1003,3940 1092,3940 1182,3946 1271,3940 1361,3940 1450,3934 1540,3934 1629,3934 1719,3934 1809,3934 1898,3934 1988,3928 2077,3928 2167,3928 2256,3922 2346,3922 2435,3922 2525,3916 2615,3916 2704,3916 2794,3916 2883,3922 2973,3922 3062,3928 3152,3946"/>
                <TextEquiv>
                    <Unicode>était absent depuis quatre années,</Unicode>
                </TextEquiv>
            </TextLine>
        </TextRegion>
        <TextRegion id="tr_4" custom="readingOrder {index:1;}">
            <Coords points="197,4033 3558,4033 3558,6099 197,6099"/>
            <TextLine id="tr_4_tl_1" custom="readingOrder {index:0;}">
                <Coords points="247,4151 1826,4105 2439,4215 2631,4114 3290,4128 3290,3945 3098,4036 2814,3954 664,4064 247,3968"/>
                <Baseline points="274,4119 346,4113 435,4113 525,4113 614,4107 704,4107 794,4107 883,4107 973,4101 1062,4101 1152,4095 1241,4095 1331,4095 1420,4095 1510,4089 1600,4095 1689,4095 1779,4095 1868,4089 1958,4089 2047,4089 2137,4089 2226,4089 2316,4089 2406,4089 2495,4089 2585,4083 2674,4083 2764,4083 2853,4089 2943,4095 3032,4095 3122,4089 3212,4095 3301,4101"/>
                <TextEquiv>
                    <Unicode>donna naissance à un enfant., elle</Unicode>
                </TextEquiv>
            </TextLine>
            <TextLine id="tr_4_tl_2" custom="readingOrder {index:1;}">
                <Coords points="261,4393 604,4283 3148,4293 3148,4169 2915,4119 1817,4233 1574,4151 265,4187"/>
                <Baseline points="292,4280 382,4280 471,4274 561,4268 650,4268 740,4268 829,4268 919,4262 1008,4262 1098,4256 1188,4256 1277,4256 1367,4262 1456,4262 1546,4256 1635,4256 1725,4256 1814,4256 1904,4256 1994,4262 2083,4256 2173,4256 2262,4250 2352,4250 2441,4244 2531,4244 2620,4244 2710,4244 2800,4244 2889,4244 2979,4244 3068,4244 3158,4244"/>
                <TextEquiv>
                    <Unicode>jura avoir rêvé vivement des</Unicode>
                </TextEquiv>
            </TextLine>
            <TextLine id="tr_4_tl_3" custom="readingOrder {index:2;}">
                <Coords points="224,4466 3217,4489 3313,4329 961,4279 224,4416"/>
                <Baseline points="250,4447 280,4441 370,4441 459,4435 549,4430 638,4424 728,4424 817,4424 907,4424 997,4424 1086,4424 1176,4430 1265,4430 1355,4424 1444,4430 1534,4424 1623,4424 1713,4424 1803,4424 1892,4424 1982,4418 2071,4418 2161,4418 2250,4418 2340,4418 2429,4418 2519,4418 2609,4418 2698,4412 2788,4412 2877,4406 2967,4406 3056,4412 3146,4412 3235,4412 3325,4412"/>
                <TextEquiv>
                    <Unicode>carisses de son mari. Les médecins</Unicode>
                </TextEquiv>
            </TextLine>
            <TextLine id="tr_4_tl_4" custom="readingOrder {index:3;}">
                <Coords points="188,4622 879,4709 1144,4608 1652,4709 2018,4608 3364,4622 3121,4462 723,4453 572,4563 188,4471"/>
                <Baseline points="214,4603 238,4603 328,4609 417,4609 507,4603 597,4603 686,4597 776,4597 865,4597 955,4597 1044,4591 1134,4591 1223,4591 1313,4591 1403,4591 1492,4591 1582,4597 1671,4597 1761,4597 1850,4591 1940,4591 2029,4591 2119,4591 2209,4591 2298,4585 2388,4585 2477,4585 2567,4585 2656,4585 2746,4579 2835,4579 2925,4579 3015,4579 3104,4579 3194,4579 3283,4585 3373,4591"/>
                <TextEquiv>
                    <Unicode>De Montpellier affirmèrent qu’un</Unicode>
                </TextEquiv>
            </TextLine>
            <TextLine id="tr_4_tl_5" custom="readingOrder {index:4;}">
                <Coords points="174,4791 3089,4810 3217,4773 3222,4627 178,4714"/>
                <Baseline points="197,4770 274,4764 364,4758 453,4758 543,4758 632,4758 722,4758 811,4752 901,4752 991,4752 1080,4758 1170,4758 1259,4758 1349,4752 1438,4758 1528,4758 1617,4758 1707,4758 1797,4758 1886,4752 1976,4752 2065,4752 2155,4752 2244,4752 2334,4752 2423,4746 2513,4746 2603,4746 2692,4740 2782,4740 2871,4740 2961,4740 3050,4740 3140,4746 3229,4758"/>
                <TextEquiv>
                    <Unicode>événement pareil était possible.</Unicode>
                </TextEquiv>
            </TextLine>
            <TextLine id="tr_4_tl_6" custom="readingOrder {index:5;}">
                <Coords points="243,4947 3350,4965 3350,4842 2901,4759 1213,4869 1048,4773 888,4865 728,4768 243,4810"/>
                <Baseline points="268,4931 316,4931 405,4925 495,4925 585,4925 674,4919 764,4919 853,4913 943,4913 1032,4919 1122,4919 1211,4913 1301,4913 1391,4907 1480,4907 1570,4907 1659,4907 1749,4907 1838,4907 1928,4907 2017,4901 2107,4907 2197,4901 2286,4901 2376,4901 2465,4901 2555,4901 2644,4901 2734,4901 2823,4895 2913,4895 3003,4901 3092,4901 3182,4907 3271,4913 3361,4913"/>
                <TextEquiv>
                    <Unicode>La Cour d'assises du Havre donna¬</Unicode>
                </TextEquiv>
            </TextLine>
            <TextLine id="tr_4_tl_7" custom="readingOrder {index:6;}">
                <Coords points="201,5112 2878,5130 3309,5098 3313,4993 201,5002"/>
                <Baseline points="226,5092 274,5092 364,5086 453,5080 543,5080 632,5086 722,5080 811,5080 901,5074 991,5074 1080,5074 1170,5080 1259,5074 1349,5080 1438,5080 1528,5080 1617,5074 1707,5074 1797,5080 1886,5074 1976,5074 2065,5074 2155,5074 2244,5074 2334,5068 2423,5074 2513,5074 2603,5068 2692,5068 2782,5068 2871,5068 2961,5068 3050,5068 3140,5068 3229,5074 3319,5080"/>
                <TextEquiv>
                    <Unicode>tous les droits de naissance légitime</Unicode>
                </TextEquiv>
            </TextLine>
            <TextLine id="tr_4_tl_8" custom="readingOrder {index:7;}">
                <Coords points="224,5272 302,5304 366,5263 485,5318 599,5276 728,5276 773,5313 897,5263 1194,5290 1199,5107 229,5107"/>
                <Baseline points="250,5259 310,5259 400,5259 489,5253 579,5253 668,5247 758,5247 847,5241 937,5241 1026,5241 1116,5241 1206,5247"/>
                <TextEquiv>
                    <Unicode>à l'enfant.</Unicode>
                </TextEquiv>
            </TextLine>
            <TextLine id="tr_4_tl_9" custom="readingOrder {index:8;}">
                <Coords points="279,5496 2105,5409 2682,5510 3299,5409 3304,5263 284,5267"/>
                <Baseline points="304,5433 358,5433 447,5427 537,5415 626,5415 716,5409 806,5409 895,5403 985,5403 1074,5397 1164,5397 1253,5397 1343,5397 1432,5403 1522,5409 1612,5403 1701,5397 1791,5397 1880,5397 1970,5397 2059,5397 2149,5403 2238,5403 2328,5403 2418,5403 2507,5403 2597,5397 2686,5397 2776,5403 2865,5403 2955,5403 3044,5397 3134,5397 3224,5397 3313,5409"/>
                <TextEquiv>
                    <Unicode>maintenant, pendant que j'écris</Unicode>
                </TextEquiv>
            </TextLine>
            <TextLine id="tr_4_tl_10" custom="readingOrder {index:9;}">
                <Coords points="206,5702 448,5597 2183,5656 3400,5597 3437,5510 1039,5437 206,5528"/>
                <Baseline points="232,5600 316,5588 405,5588 495,5582 585,5576 674,5570 764,5570 853,5570 943,5564 1032,5564 1122,5564 1211,5564 1301,5570 1391,5564 1480,5564 1570,5570 1659,5570 1749,5570 1838,5570 1928,5570 2017,5570 2107,5570 2197,5570 2286,5570 2376,5576 2465,5576 2555,5576 2644,5570 2734,5570 2823,5570 2913,5576 3003,5564 3092,5564 3182,5570 3271,5576 3361,5576 3450,5594"/>
                <TextEquiv>
                    <Unicode>je relis, tous ces récits qui sont vrais.</Unicode>
                </TextEquiv>
            </TextLine>
            <TextLine id="tr_4_tl_11" custom="readingOrder {index:10;}">
                <Coords points="265,5830 403,5748 1492,5844 1647,5752 3455,5780 3455,5670 3071,5606 265,5629"/>
                <Baseline points="292,5743 382,5737 471,5731 561,5731 650,5731 740,5725 829,5725 919,5725 1008,5731 1098,5731 1188,5731 1277,5731 1367,5731 1456,5737 1546,5737 1635,5737 1725,5737 1814,5737 1904,5737 1994,5737 2083,5743 2173,5737 2262,5737 2352,5743 2441,5737 2531,5737 2620,5737 2710,5737 2800,5737 2889,5737 2979,5731 3068,5737 3158,5737 3247,5743 3337,5749 3426,5755 3468,5761"/>
                <TextEquiv>
                    <Unicode>Et c'est aussi vrai, que ma pauvre</Unicode>
                </TextEquiv>
            </TextLine>
            <TextLine id="tr_4_tl_12" custom="readingOrder {index:11;}">
                <Coords points="201,6031 531,6031 728,5908 1561,5917 1757,6027 2050,5917 2403,5981 2576,5913 2046,5743 1652,5757 1515,5844 1355,5766 622,5839 407,5743 201,5835"/>
                <Baseline points="226,5916 256,5910 346,5910 435,5904 525,5910 614,5904 704,5904 794,5904 883,5904 973,5904 1062,5904 1152,5904 1241,5898 1331,5898 1420,5904 1510,5904 1600,5904 1689,5904 1779,5904 1868,5904 1958,5898 2047,5898 2137,5898 2226,5904 2316,5904 2406,5910 2495,5904 2585,5910"/>
                <TextEquiv>
                    <Unicode>femme m'a été fidèle.</Unicode>
                </TextEquiv>
            </TextLine>
            <TextLine id="tr_4_tl_13" custom="readingOrder {index:12;}">
                <Coords points="229,6164 3505,6132 3547,5972 229,6018"/>
                <Baseline points="256,6089 334,6083 423,6077 513,6083 603,6083 692,6077 782,6077 871,6077 961,6077 1050,6077 1140,6071 1229,6071 1319,6071 1409,6071 1498,6077 1588,6071 1677,6071 1767,6071 1856,6077 1946,6077 2035,6071 2125,6071 2215,6065 2304,6065 2394,6071 2483,6071 2573,6065 2662,6065 2752,6065 2841,6065 2931,6059 3021,6059 3110,6059 3200,6059 3289,6053 3379,6059 3468,6071 3558,6077"/>
                <TextEquiv>
                    <Unicode>pourrai-tu me pardonner, ma chère</Unicode>
                </TextEquiv>
            </TextLine>
        </TextRegion>
        <TextRegion id="tr_1" custom="readingOrder {index:2;}">
            <Coords points="4638,732 7821,732 7821,3938 4638,3938"/>
            <TextLine id="tr_1_tl_1" custom="readingOrder {index:0;}">
                <Coords points="4677,851 7157,837 7212,641 6896,741 6334,627 4677,714"/>
                <Baseline points="4704,829 4716,829 4806,823 4895,817 4985,817 5074,817 5164,811 5253,811 5343,806 5433,806 5522,800 5612,794 5701,794 5791,788 5880,788 5970,794 6059,794 6149,800 6239,794 6328,794 6418,794 6507,794 6597,794 6686,794 6776,788 6865,788 6955,788 7045,788 7134,788 7224,782"/>
                <TextEquiv>
                    <Unicode>que maintenant je meure?</Unicode>
                </TextEquiv>
            </TextLine>
            <TextLine id="tr_1_tl_2" custom="readingOrder {index:1;}">
                <Coords points="4649,1030 7807,1053 7812,892 4654,847"/>
                <Baseline points="4680,967 4770,967 4859,967 4949,961 5038,961 5128,961 5218,961 5307,961 5397,961 5486,961 5576,961 5665,955 5755,955 5844,955 5934,955 6024,955 6113,955 6203,955 6292,961 6382,961 6471,967 6561,961 6650,961 6740,961 6830,961 6919,955 7009,961 7098,961 7188,955 7277,955 7367,949 7456,949 7546,955 7636,955 7725,961 7815,967 7821,967"/>
                <TextEquiv>
                    <Unicode>En le dois; car, vois-tu, c'est par amour</Unicode>
                </TextEquiv>
            </TextLine>
            <TextLine id="tr_1_tl_3" custom="readingOrder {index:2;}">
                <Coords points="4613,1236 5208,1144 5766,1222 5990,1139 6132,1240 6379,1139 6530,1240 6713,1144 7015,1249 7679,1181 7679,1066 7514,1011 4613,1057"/>
                <Baseline points="4638,1140 4728,1128 4818,1128 4907,1122 4997,1122 5086,1122 5176,1128 5265,1122 5355,1128 5444,1122 5534,1128 5624,1122 5713,1122 5803,1116 5892,1116 5982,1122 6071,1122 6161,1122 6250,1122 6340,1122 6430,1122 6519,1128 6609,1128 6698,1128 6788,1128 6877,1128 6967,1128 7056,1134 7146,1134 7236,1134 7325,1134 7415,1134 7504,1134 7594,1140 7683,1146 7689,1146"/>
                <TextEquiv>
                    <Unicode>pour toi que je le fais, parce que je</Unicode>
                </TextEquiv>
            </TextLine>
            <TextLine id="tr_1_tl_4" custom="readingOrder {index:3;}">
                <Coords points="4617,1336 5290,1318 5423,1419 5601,1304 6750,1414 7057,1304 7780,1350 7711,1226 7304,1185 4617,1226"/>
                <Baseline points="4644,1301 4734,1295 4824,1289 4913,1295 5003,1295 5092,1295 5182,1295 5271,1289 5361,1289 5450,1289 5540,1289 5630,1289 5719,1289 5809,1283 5898,1283 5988,1277 6077,1277 6167,1277 6256,1277 6346,1283 6436,1283 6525,1283 6615,1289 6704,1289 6794,1289 6883,1295 6973,1295 7062,1295 7152,1295 7242,1295 7331,1295 7421,1289 7510,1289 7600,1289 7689,1295 7779,1301 7791,1301"/>
                <TextEquiv>
                    <Unicode>ne puis supportée que les gens se mo-</Unicode>
                </TextEquiv>
            </TextLine>
            <TextLine id="tr_1_tl_5" custom="readingOrder {index:4;}">
                <Coords points="4631,1487 7551,1528 7775,1474 7775,1359 7057,1304 6791,1428 5601,1304 5427,1419 5153,1304 4631,1428"/>
                <Baseline points="4656,1480 4740,1480 4830,1474 4919,1474 5009,1468 5098,1468 5188,1462 5277,1462 5367,1462 5456,1456 5546,1450 5636,1456 5725,1456 5815,1456 5904,1450 5994,1450 6083,1450 6173,1450 6262,1450 6352,1450 6442,1450 6531,1450 6621,1456 6710,1456 6800,1456 6889,1456 6979,1450 7068,1444 7158,1450 7248,1450 7337,1444 7427,1444 7516,1450 7606,1450 7695,1456 7785,1456"/>
                <TextEquiv>
                    <Unicode>quent de toi et de moi. Ils cesseront</Unicode>
                </TextEquiv>
            </TextLine>
            <TextLine id="tr_1_tl_6" custom="readingOrder {index:5;}">
                <Coords points="4695,1652 7505,1698 7780,1620 7720,1515 7295,1464 6036,1474 5816,1570 4695,1515"/>
                <Baseline points="4722,1617 4740,1623 4830,1617 4919,1617 5009,1617 5098,1617 5188,1617 5277,1617 5367,1612 5456,1612 5546,1612 5636,1606 5725,1612 5815,1606 5904,1606 5994,1606 6083,1606 6173,1606 6262,1606 6352,1612 6442,1612 6531,1612 6621,1606 6710,1606 6800,1606 6889,1606 6979,1606 7068,1606 7158,1606 7248,1606 7337,1612 7427,1606 7516,1606 7606,1606 7695,1606 7785,1606"/>
                <TextEquiv>
                    <Unicode>de rire, alors, et ils comprendront notre</Unicode>
                </TextEquiv>
            </TextLine>
            <TextLine id="tr_1_tl_7" custom="readingOrder {index:6;}">
                <Coords points="4672,1826 6480,1785 7148,1899 7688,1803 7688,1643 6535,1730 6183,1625 5922,1716 5048,1629 4672,1739"/>
                <Baseline points="4698,1779 4740,1779 4830,1779 4919,1773 5009,1773 5098,1779 5188,1773 5277,1773 5367,1773 5456,1779 5546,1773 5636,1773 5725,1773 5815,1773 5904,1773 5994,1773 6083,1773 6173,1773 6262,1773 6352,1779 6442,1779 6531,1779 6621,1779 6710,1779 6800,1779 6889,1773 6979,1773 7068,1773 7158,1773 7248,1773 7337,1767 7427,1767 7516,1761 7606,1755 7695,1767"/>
                <TextEquiv>
                    <Unicode>cas de la même manière que je le</Unicode>
                </TextEquiv>
            </TextLine>
            <TextLine id="tr_1_tl_8" custom="readingOrder {index:7;}">
                <Coords points="4704,1991 4874,1959 5089,2041 5180,1968 5258,2004 5377,1963 5469,2009 5560,1972 5606,2004 5652,1991 5652,1821 5459,1803 5350,1881 5176,1812 5029,1821 4906,1890 4704,1876"/>
                <Baseline points="4728,1940 4818,1940 4907,1934 4997,1934 5086,1934 5176,1934 5265,1934 5355,1934 5444,1940 5534,1940 5624,1940 5665,1940"/>
                <TextEquiv>
                    <Unicode>comprends.</Unicode>
                </TextEquiv>
            </TextLine>
            <TextLine id="tr_1_tl_9" custom="readingOrder {index:8;}">
                <Coords points="4732,2110 5180,2215 5725,2114 6183,2210 6750,2087 7725,2192 7642,1963 7166,1931 6045,2046 5725,1949 5441,2059 5194,1963 4732,2018"/>
                <Baseline points="4758,2101 4847,2101 4937,2107 5027,2107 5116,2107 5206,2101 5295,2101 5385,2107 5474,2101 5564,2101 5653,2101 5743,2101 5833,2101 5922,2095 6012,2095 6101,2089 6191,2089 6280,2089 6370,2095 6459,2089 6549,2089 6639,2089 6728,2083 6818,2083 6907,2083 6997,2083 7086,2083 7176,2089 7265,2089 7355,2089 7445,2089 7534,2095 7624,2101 7713,2107 7731,2107"/>
                <TextEquiv>
                    <Unicode>Nous qui trouverez cette lettre, vous</Unicode>
                </TextEquiv>
            </TextLine>
            <TextLine id="tr_1_tl_10" custom="readingOrder {index:9;}">
                <Coords points="4714,2320 7487,2334 7647,2284 7651,2155 4714,2229"/>
                <Baseline points="4740,2274 4830,2274 4919,2274 5009,2268 5098,2268 5188,2268 5277,2274 5367,2268 5456,2262 5546,2262 5636,2268 5725,2268 5815,2268 5904,2262 5994,2262 6083,2262 6173,2262 6262,2256 6352,2262 6442,2256 6531,2262 6621,2256 6710,2262 6800,2256 6889,2262 6979,2256 7068,2256 7158,2262 7248,2262 7337,2256 7427,2256 7516,2256 7606,2262 7659,2274"/>
                <TextEquiv>
                    <Unicode>sauréz que pendant que j'écrivais</Unicode>
                </TextEquiv>
            </TextLine>
            <TextLine id="tr_1_tl_11" custom="readingOrder {index:10;}">
                <Coords points="4746,2476 7560,2476 7784,2425 7784,2274 7272,2370 6498,2270 6205,2366 5162,2288 4746,2380"/>
                <Baseline points="4770,2447 4836,2441 4925,2435 5015,2429 5104,2429 5194,2423 5283,2423 5373,2423 5462,2423 5552,2423 5642,2423 5731,2423 5821,2429 5910,2423 6000,2418 6089,2418 6179,2418 6268,2418 6358,2418 6448,2418 6537,2418 6627,2418 6716,2418 6806,2418 6895,2418 6985,2418 7074,2412 7164,2412 7254,2412 7343,2406 7433,2406 7522,2400 7612,2400 7701,2400 7791,2412"/>
                <TextEquiv>
                    <Unicode>elle dormait dans la chambre voisine.</Unicode>
                </TextEquiv>
            </TextLine>
            <TextLine id="tr_1_tl_12" custom="readingOrder {index:11;}">
                <Coords points="4723,2622 6150,2595 6558,2705 6768,2599 7034,2682 7587,2622 7555,2480 6443,2549 4723,2467"/>
                <Baseline points="4746,2603 4824,2597 4913,2591 5003,2591 5092,2591 5182,2591 5271,2591 5361,2585 5450,2585 5540,2585 5630,2585 5719,2585 5809,2585 5898,2585 5988,2585 6077,2585 6167,2579 6256,2579 6346,2585 6436,2585 6525,2591 6615,2585 6704,2585 6794,2585 6883,2585 6973,2579 7062,2585 7152,2585 7242,2579 7331,2579 7421,2579 7510,2573 7600,2567"/>
                <TextEquiv>
                    <Unicode>elle sommeillait si paisiblement</Unicode>
                </TextEquiv>
            </TextLine>
            <TextLine id="tr_1_tl_13" custom="readingOrder {index:12;}">
                <Coords points="4668,2773 5935,2759 6210,2874 6475,2773 7404,2792 7459,2645 7006,2705 6773,2595 6562,2709 5427,2595 4672,2709"/>
                <Baseline points="4692,2770 4776,2770 4865,2764 4955,2758 5044,2752 5134,2758 5224,2752 5313,2752 5403,2746 5492,2746 5582,2746 5671,2746 5761,2746 5850,2746 5940,2752 6030,2746 6119,2752 6209,2752 6298,2752 6388,2746 6477,2746 6567,2746 6656,2746 6746,2746 6836,2740 6925,2740 7015,2740 7104,2740 7194,2740 7283,2740 7373,2740 7462,2740"/>
                <TextEquiv>
                    <Unicode>comme l'on ne peut dormir</Unicode>
                </TextEquiv>
            </TextLine>
            <TextLine id="tr_1_tl_14" custom="readingOrder {index:13;}">
                <Coords points="4704,2947 7633,2961 7748,2828 4709,2833"/>
                <Baseline points="4728,2919 4800,2919 4889,2919 4979,2919 5068,2919 5158,2919 5247,2925 5337,2919 5427,2913 5516,2913 5606,2913 5695,2913 5785,2913 5874,2913 5964,2913 6053,2913 6143,2913 6233,2913 6322,2907 6412,2907 6501,2907 6591,2907 6680,2907 6770,2901 6859,2901 6949,2901 7039,2901 7128,2901 7218,2895 7307,2895 7397,2895 7486,2895 7576,2889 7665,2889 7755,2895"/>
                <TextEquiv>
                    <Unicode>ainsi que lorsqu'on a la conscience</Unicode>
                </TextEquiv>
            </TextLine>
            <TextLine id="tr_1_tl_15" custom="readingOrder {index:14;}">
                <Coords points="4691,3153 4915,3107 5070,3208 5199,3107 5848,3080 6512,3194 6658,3098 7619,3112 7651,2965 4691,2988"/>
                <Baseline points="4716,3104 4800,3098 4889,3092 4979,3092 5068,3086 5158,3086 5247,3086 5337,3080 5427,3080 5516,3074 5606,3074 5695,3074 5785,3074 5874,3074 5964,3074 6053,3068 6143,3068 6233,3068 6322,3068 6412,3068 6501,3062 6591,3056 6680,3056 6770,3056 6859,3056 6949,3050 7039,3056 7128,3050 7218,3056 7307,3056 7397,3056 7486,3056 7576,3056 7665,3056"/>
                <TextEquiv>
                    <Unicode>tranquille. Et son enfant - notre</Unicode>
                </TextEquiv>
            </TextLine>
            <TextLine id="tr_1_tl_16" custom="readingOrder {index:15;}">
                <Coords points="4636,3295 6750,3332 7093,3231 7752,3277 7784,3158 7111,3075 6521,3190 5926,3199 5707,3089 4640,3171"/>
                <Baseline points="4662,3265 4746,3265 4836,3265 4925,3259 5015,3259 5104,3253 5194,3259 5283,3253 5373,3247 5462,3247 5552,3247 5642,3241 5731,3247 5821,3241 5910,3241 6000,3241 6089,3235 6179,3241 6268,3241 6358,3235 6448,3229 6537,3229 6627,3229 6716,3224 6806,3224 6895,3218 6985,3212 7074,3212 7164,3212 7254,3218 7343,3212 7433,3212 7522,3212 7612,3212 7701,3218 7791,3229"/>
                <TextEquiv>
                    <Unicode>enfant, ne depuis quinze jours, dormais</Unicode>
                </TextEquiv>
            </TextLine>
            <TextLine id="tr_1_tl_17" custom="readingOrder {index:16;}">
                <Coords points="4668,3437 5459,3519 6187,3405 6681,3510 6851,3405 7565,3441 7661,3267 7047,3235 6750,3359 6132,3249 5514,3373 4668,3304"/>
                <Baseline points="4692,3421 4716,3415 4806,3415 4895,3409 4985,3409 5074,3409 5164,3409 5253,3403 5343,3403 5433,3403 5522,3403 5612,3403 5701,3403 5791,3403 5880,3397 5970,3397 6059,3397 6149,3397 6239,3397 6328,3397 6418,3397 6507,3397 6597,3397 6686,3391 6776,3397 6865,3391 6955,3391 7045,3385 7134,3391 7224,3397 7313,3391 7403,3391 7492,3391 7582,3397 7671,3397"/>
                <TextEquiv>
                    <Unicode>dans son petit berceau près d'elle.</Unicode>
                </TextEquiv>
            </TextLine>
            <TextLine id="tr_1_tl_18" custom="readingOrder {index:17;}">
                <Coords points="4755,3647 6896,3565 7331,3634 7496,3620 7496,3515 6137,3446 5711,3515 5565,3441 5313,3515 5048,3437 4755,3537"/>
                <Baseline points="4782,3594 4818,3588 4907,3582 4997,3576 5086,3570 5176,3570 5265,3564 5355,3570 5444,3570 5534,3570 5624,3564 5713,3564 5803,3564 5892,3564 5982,3564 6071,3564 6161,3564 6250,3564 6340,3564 6430,3564 6519,3558 6609,3558 6698,3558 6788,3558 6877,3552 6967,3552 7056,3552 7146,3552 7236,3558 7325,3558 7415,3564 7504,3570"/>
                <TextEquiv>
                    <Unicode>Avant de quittée la maison</Unicode>
                </TextEquiv>
            </TextLine>
            <TextLine id="tr_1_tl_19" custom="readingOrder {index:18;}">
                <Coords points="4645,3849 5835,3739 7587,3803 7688,3583 4649,3688"/>
                <Baseline points="4668,3767 4740,3755 4830,3755 4919,3743 5009,3743 5098,3743 5188,3737 5277,3737 5367,3737 5456,3731 5546,3725 5636,3725 5725,3725 5815,3725 5904,3725 5994,3725 6083,3725 6173,3725 6262,3725 6352,3725 6442,3725 6531,3725 6621,3725 6710,3725 6800,3719 6889,3713 6979,3713 7068,3713 7158,3713 7248,3713 7337,3713 7427,3713 7516,3707 7606,3701 7695,3701"/>
                <TextEquiv>
                    <Unicode>j'irai embrasser ma femme et</Unicode>
                </TextEquiv>
            </TextLine>
            <TextLine id="tr_1_tl_20" custom="readingOrder {index:19;}">
                <Coords points="4649,3940 5208,3913 5318,4027 5647,3904 6462,3990 6906,3899 7043,3990 7670,3940 7674,3798 6974,3743 6773,3830 6658,3743 6073,3839 5835,3743 4649,3853"/>
                <Baseline points="4674,3928 4728,3922 4818,3916 4907,3904 4997,3904 5086,3904 5176,3904 5265,3904 5355,3898 5444,3898 5534,3892 5624,3892 5713,3892 5803,3892 5892,3886 5982,3886 6071,3886 6161,3886 6250,3886 6340,3886 6430,3880 6519,3886 6609,3880 6698,3880 6788,3880 6877,3874 6967,3880 7056,3880 7146,3880 7236,3880 7325,3880 7415,3880 7504,3880 7594,3874 7683,3874"/>
                <TextEquiv>
                    <Unicode>mon enfant sur le front, j'irai</Unicode>
                </TextEquiv>
            </TextLine>
        </TextRegion>
        <TextRegion id="tr_3" custom="readingOrder {index:3;}">
            <Coords points="4644,3991 7827,3991 7827,6052 4644,6052"/>
            <TextLine id="tr_3_tl_1" custom="readingOrder {index:0;}">
                <Coords points="4617,4109 7706,4123 7679,3945 7079,4009 6668,3894 6475,3995 6301,3904 5318,4027 5217,3922 4617,3926"/>
                <Baseline points="4644,4095 4674,4089 4764,4083 4853,4077 4943,4077 5033,4071 5122,4071 5212,4065 5301,4065 5391,4059 5480,4059 5570,4053 5659,4053 5749,4053 5839,4053 5928,4053 6018,4053 6107,4047 6197,4047 6286,4047 6376,4047 6465,4041 6555,4041 6645,4047 6734,4047 6824,4041 6913,4041 7003,4041 7092,4047 7182,4047 7271,4053 7361,4053 7451,4047 7540,4047 7630,4041 7719,4041"/>
                <TextEquiv>
                    <Unicode>tout doucement afin de ne point</Unicode>
                </TextEquiv>
            </TextLine>
            <TextLine id="tr_3_tl_2" custom="readingOrder {index:1;}">
                <Coords points="4649,4293 4965,4242 5176,4293 5267,4242 5391,4279 5551,4238 5812,4270 5816,4091 5423,4073 5258,4132 5130,4087 5002,4155 4814,4091 4736,4132 4654,4105"/>
                <Baseline points="4674,4244 4746,4244 4836,4238 4925,4232 5015,4232 5104,4232 5194,4227 5283,4221 5373,4221 5462,4215 5552,4215 5642,4215 5731,4215 5821,4215"/>
                <TextEquiv>
                    <Unicode>les réveiller.</Unicode>
                </TextEquiv>
            </TextLine>
            <TextLine id="tr_3_tl_3" custom="readingOrder {index:2;}">
                <Coords points="4709,4430 7770,4416 7775,4233 4714,4297"/>
                <Baseline points="4734,4400 4740,4400 4830,4400 4919,4400 5009,4400 5098,4394 5188,4394 5277,4388 5367,4388 5456,4394 5546,4394 5636,4388 5725,4388 5815,4388 5904,4388 5994,4382 6083,4382 6173,4376 6262,4376 6352,4376 6442,4376 6531,4376 6621,4370 6710,4364 6800,4364 6889,4364 6979,4364 7068,4364 7158,4358 7248,4358 7337,4358 7427,4352 7516,4346 7606,4346 7695,4346 7785,4352"/>
                <TextEquiv>
                    <Unicode>Si j'écris tout cela si minutieusement,</Unicode>
                </TextEquiv>
            </TextLine>
            <TextLine id="tr_3_tl_4" custom="readingOrder {index:3;}">
                <Coords points="4695,4581 7542,4640 7780,4567 7784,4453 4700,4485"/>
                <Baseline points="4722,4567 4746,4567 4836,4567 4925,4555 5015,4555 5104,4561 5194,4555 5283,4555 5373,4549 5462,4549 5552,4549 5642,4555 5731,4555 5821,4555 5910,4549 6000,4549 6089,4549 6179,4549 6268,4543 6358,4543 6448,4543 6537,4537 6627,4537 6716,4531 6806,4531 6895,4525 6985,4525 7074,4525 7164,4519 7254,4519 7343,4525 7433,4525 7522,4519 7612,4525 7701,4519 7791,4519"/>
                <TextEquiv>
                    <Unicode>c'est pour qu'on ne pense pas que</Unicode>
                </TextEquiv>
            </TextLine>
            <TextLine id="tr_3_tl_5" custom="readingOrder {index:4;}">
                <Coords points="4636,4796 6906,4714 7235,4791 7706,4714 7706,4567 5794,4686 5423,4567 4636,4686"/>
                <Baseline points="4662,4740 4674,4740 4764,4734 4853,4734 4943,4728 5033,4722 5122,4722 5212,4716 5301,4716 5391,4716 5480,4716 5570,4716 5659,4722 5749,4722 5839,4722 5928,4722 6018,4722 6107,4716 6197,4716 6286,4722 6376,4722 6465,4722 6555,4716 6645,4716 6734,4716 6824,4710 6913,4710 7003,4704 7092,4698 7182,4698 7271,4698 7361,4692 7451,4692 7540,4692 7630,4692 7719,4698"/>
                <TextEquiv>
                    <Unicode>je sois fou - non tout a été prême</Unicode>
                </TextEquiv>
            </TextLine>
            <TextLine id="tr_3_tl_6" custom="readingOrder {index:5;}">
                <Coords points="4654,4919 5185,4993 5418,4887 6128,4892 6292,4993 6741,4883 7002,4965 7560,4915 7560,4736 4654,4778"/>
                <Baseline points="4680,4883 4704,4883 4794,4883 4883,4883 4973,4877 5062,4877 5152,4877 5241,4877 5331,4871 5421,4871 5510,4871 5600,4877 5689,4877 5779,4871 5868,4871 5958,4877 6047,4877 6137,4871 6227,4871 6316,4871 6406,4871 6495,4871 6585,4871 6674,4871 6764,4859 6853,4859 6943,4859 7033,4859 7122,4859 7212,4859 7301,4859 7391,4853 7480,4859 7570,4865"/>
                <TextEquiv>
                    <Unicode>dité et je suis tout à fait tranquille.</Unicode>
                </TextEquiv>
            </TextLine>
            <TextLine id="tr_3_tl_7" custom="readingOrder {index:6;}">
                <Coords points="4686,5093 7093,5034 7244,5130 7725,5093 7725,4942 4686,4974"/>
                <Baseline points="4710,5056 4782,5056 4871,5056 4961,5056 5050,5056 5140,5050 5230,5044 5319,5044 5409,5044 5498,5044 5588,5033 5677,5033 5767,5033 5856,5038 5946,5033 6036,5033 6125,5033 6215,5027 6304,5027 6394,5027 6483,5027 6573,5021 6662,5021 6752,5021 6842,5021 6931,5021 7021,5021 7110,5027 7200,5027 7289,5033 7379,5033 7468,5033 7558,5033 7648,5033 7737,5038"/>
                <TextEquiv>
                    <Unicode>Aussitôt ma lettre terminée, je m'</Unicode>
                </TextEquiv>
            </TextLine>
            <TextLine id="tr_3_tl_8" custom="readingOrder {index:7;}">
                <Coords points="4645,5235 6311,5212 6539,5304 7102,5203 7482,5304 7821,5222 7821,5089 4645,5116"/>
                <Baseline points="4668,5224 4692,5224 4782,5224 4871,5218 4961,5212 5050,5212 5140,5212 5230,5206 5319,5200 5409,5206 5498,5206 5588,5200 5677,5200 5767,5194 5856,5194 5946,5194 6036,5194 6125,5194 6215,5194 6304,5194 6394,5188 6483,5188 6573,5188 6662,5188 6752,5182 6842,5182 6931,5188 7021,5188 7110,5188 7200,5188 7289,5194 7379,5200 7468,5200 7558,5194 7648,5194 7737,5194 7827,5200"/>
                <TextEquiv>
                    <Unicode>en irai - dans la nuit obscure, par</Unicode>
                </TextEquiv>
            </TextLine>
            <TextLine id="tr_3_tl_9" custom="readingOrder {index:8;}">
                <Coords points="4649,5432 7803,5423 7803,5295 7221,5222 6951,5313 4649,5290"/>
                <Baseline points="4674,5379 4764,5379 4853,5379 4943,5379 5033,5379 5122,5379 5212,5379 5301,5373 5391,5373 5480,5373 5570,5373 5659,5367 5749,5367 5839,5367 5928,5373 6018,5373 6107,5373 6197,5373 6286,5367 6376,5361 6465,5361 6555,5361 6645,5361 6734,5361 6824,5361 6913,5367 7003,5361 7092,5361 7182,5361 7271,5361 7361,5361 7451,5361 7540,5361 7630,5367 7719,5367 7809,5379"/>
                <TextEquiv>
                    <Unicode>les rues desertes - je suivrai le même</Unicode>
                </TextEquiv>
            </TextLine>
            <TextLine id="tr_3_tl_10" custom="readingOrder {index:9;}">
                <Coords points="4686,5574 5583,5633 5848,5551 5981,5633 6237,5542 6388,5656 6645,5537 7565,5551 7569,5382 4691,5437"/>
                <Baseline points="4710,5552 4794,5552 4883,5546 4973,5546 5062,5546 5152,5546 5241,5546 5331,5540 5421,5540 5510,5534 5600,5534 5689,5528 5779,5528 5868,5528 5958,5522 6047,5528 6137,5528 6227,5522 6316,5522 6406,5522 6495,5522 6585,5528 6674,5528 6764,5528 6853,5528 6943,5528 7033,5528 7122,5522 7212,5522 7301,5522 7391,5516 7480,5516 7570,5522"/>
                <TextEquiv>
                    <Unicode>chemin, dans lequel je suis allé</Unicode>
                </TextEquiv>
            </TextLine>
            <TextLine id="tr_3_tl_11" custom="readingOrder {index:10;}">
                <Coords points="4714,5743 7757,5739 7761,5537 4718,5633"/>
                <Baseline points="4740,5713 4818,5713 4907,5713 4997,5713 5086,5713 5176,5707 5265,5707 5355,5701 5444,5701 5534,5701 5624,5701 5713,5695 5803,5695 5892,5689 5982,5695 6071,5695 6161,5695 6250,5695 6340,5695 6430,5689 6519,5689 6609,5689 6698,5689 6788,5689 6877,5689 6967,5689 7056,5689 7146,5683 7236,5683 7325,5677 7415,5677 7504,5683 7594,5683 7683,5683 7773,5689"/>
                <TextEquiv>
                    <Unicode>avec ma femme, si souvent, la</Unicode>
                </TextEquiv>
            </TextLine>
            <TextLine id="tr_3_tl_12" custom="readingOrder {index:11;}">
                <Coords points="4714,5967 6883,5867 7391,5876 7528,5995 7803,5917 7803,5734 4714,5766"/>
                <Baseline points="4740,5880 4770,5880 4859,5874 4949,5874 5038,5868 5128,5868 5218,5868 5307,5862 5397,5862 5486,5856 5576,5856 5665,5856 5755,5850 5844,5850 5934,5850 6024,5850 6113,5850 6203,5856 6292,5850 6382,5850 6471,5850 6561,5856 6650,5850 6740,5850 6830,5844 6919,5850 7009,5850 7098,5856 7188,5856 7277,5856 7367,5856 7456,5856 7546,5856 7636,5856 7725,5868 7815,5862"/>
                <TextEquiv>
                    <Unicode>première année de notre mariage.</Unicode>
                </TextEquiv>
            </TextLine>
            <TextLine id="tr_3_tl_13" custom="readingOrder {index:12;}">
                <Coords points="4732,6086 5839,6160 6141,6045 7075,6045 7528,6137 7528,5903 4732,5949"/>
                <Baseline points="4758,6036 4764,6042 4853,6036 4943,6036 5033,6030 5122,6036 5212,6036 5301,6030 5391,6030 5480,6024 5570,6024 5659,6024 5749,6024 5839,6024 5928,6030 6018,6024 6107,6030 6197,6024 6286,6024 6376,6024 6465,6024 6555,6024 6645,6024 6734,6024 6824,6018 6913,6018 7003,6018 7092,6018 7182,6018 7271,6012 7361,6018 7451,6024 7540,6030"/>
                <TextEquiv>
                    <Unicode>à Dornbach et plus loin encore,</Unicode>
                </TextEquiv>
            </TextLine>
        </TextRegion>
    </Page>
</PcGts>
