8122 6232
4684 358 7507 692 C'est vous, vous tous qui êtes trop
190 478 3193 692 comme il arrive souvent en été - Fritzi
4684 614 7700 886 méchants pour pouvoir comprendre
161 634 3193 845 n'était pas là - Anna était seule. C'est
4631 758 7103 1030 vous me poussez à la mort.
185 799 3358 1038 donc bien compréhensible, qu'en de pareilles,
2777 931 3086 1059 a soit
4680 915 7544 1199 Si j'essayais de vous expliquer cet
161 1026 3432 1228 circonstances, une peur affreuse d'empara
4680 1096 7766 1351 évenement au point de vue scientifique,
140 1133 3106 1298 d'elle à la vue de ces Sauvages noirs.
4651 1240 7762 1458 vous vous moqueriez de moi, j'en suis
222 1273 3168 1524 En vain, elle attendit Fritze pendant
4656 1421 6856 1702 sûr - on bien vous diriez :
185 1442 3366 1710 dent heures. Enfin, elle dut partir parce
4705 1570 7671 1850 Chamayer est fon. "Vous n'aurez
198 1611 3391 1887 qu'on allait fermer les portes du parc.
4656 1755 7523 1998 point ce loisie. Je meurs, pour
198 1813 3354 1969 Le lendemain, elle me conta la chose,
4684 1945 7680 2126 la vérité avec cette conviction; pour
185 1924 3395 2179 elle était pâle et tremblante, j'eus peur
4647 2076 7498 2299 la vérité et surtout pour sauver
210 2101 3453 2361 moi-même. Et pourtant, je ne savais
4639 2237 7111 2497 l'honneur de ma femme.
185 2254 3366 2542 pas qu'elle portait notre enfant dans
4697 2336 7733 2649 Nous ne vous moquerez plus, d'elle
157 2414 3350 2690 ses flancs, elle non plus n'en savait
4614 2600 7659 2847 ni de moi quand je ne serai plus
173 2596 3325 2797 rien. Je n'aurais jamais permis qu'
4623 2723 5731 2921 de ce monde.
198 2723 3267 2950 elle allât s'exposer à tous les dangers
4693 2900 7684 3144 Nous comprendrez alors, qu'il arrive de
190 2884 3111 3127 possibles, un soir pareil au Prater.
4647 3057 7754 3242 telles choses comme en content Héliadore
165 3069 3275 3247 Tout est dangereux pour une femme
4709 3218 6950 3448 Liembäck, Malebranche, etc.
198 3218 3308 3407 enceinte. Il est vrai, qu'elle n'an
4680 3383 7700 3609 Ma mère. tu n'aurais pas du me
148 3407 3218 3601 rait pas en une fraieur pareille si
4647 3564 7754 3774 serrer la main comme si je méri_
169 3531 3325 3819 Fritzi ne s'était pas éloignée, et voilà
4647 3708 7573 3910 tais ta pitié. Je sais, que tu iras
185 3712 3181 3947 justement le malheur, elle se vit
4668 3865 7659 4112 demander pardon à ma femme...
169 3877 3308 4132 abandonnée sans savoir ce que Fritgi
4800 4054 7606 4297 Je crois, que j'ai tout dit. Voilà
210 4050 1895 4281 était devenue.....
4623 4207 6720 4433 une heure qui sonne
276 4198 3197 4470 Je ne veux pas citer la pierre à
4684 4351 7140 4544 Bonne nuit, mes chères!
202 4359 3177 4643 personne. Si j'écris tout cela, c'est
4664 4544 7630 4738 Il faut que j'aille encore une
148 4553 3366 4792 qu'il est nécessaire que l'affaire soit
4878 4656 5793 4787 dans la chambre
4639 4664 7704 4928 fois embrasser ma femme et mon
157 4697 2933 4932 éclaircie. Si je ne le faisais pas
4656 4866 7762 5113 enfant pour la dernière fois. Ensuite,
190 4866 3424 5142 les gens, ces misérables pourraient dire :
4804 5014 5434 5249 Adieu.
181 5031 3255 5228 Il s'est tué de désespoir, parce que sa
185 5195 3012 5459 femme l'a trompé... Oh nou!
4759 5274 7062 5574 Vienne le 22 février 1916
181 5372 3321 5616 Ce répète encore que ma femme m'
132 5504 3354 5805 est fidèle et son enfant et non enfants
144 5686 3453 5925 Je les aimerai jusqu'à mon dernier souffle
