3672 4152
761 589 1796 942 dem Schreibtisch.
1097 754 3165 1097 Die Freunde. Du siehst doch, er
790 994 2738 1307 ist nicht da. Bringe ein Licht.
1230 1149 3301 1460 Der Wiener nimmt einen Leuch¬
741 1398 3317 1706 ter, welcher vor dem Spiegel im Vor¬
773 1599 3233 1903 zimmer steht, zündet die Kerpe an
773 1777 3317 2097 und geht nun der Freunden voraus
790 1994 2472 2301 zuerst zum Schreibtisch.
1178 2136 3327 2472 Wiener Peppo: hier ist er doch
796 2430 1939 2657 eben gesessen.
1168 2472 3346 2777 Alle drei, der Viener mit dem
793 2699 3152 3058 Leuchter voraus, machen nun einen
819 2929 3421 3249 Rudgang durch das Zimmer (Menuett),
845 3126 3362 3485 bis sie endlich zum Divar kommen,
