3816 4152
787 476 3423 817 der Thöre, bleibt neben Pierrette stehen.
837 708 2745 959 Beide sind wie versteinert.
1359 900 3427 1204 Arleguie zu Pierrette. Was soll
817 1048 1581 1386 das heißen.
1412 1220 3436 1591 Frd steht auf, tritt zu der Bei¬
804 1459 3446 1756 ten hin und lädt sie ein, an dem Gelage
814 1657 3473 2014 theilzunehmen. Pierrette steht regings¬
800 1885 1326 2107 los da.
1293 2064 3384 2385 Arlequie: Ja, bin ich denn in ei¬
800 2249 1776 2590 nem Tollhaus?
1396 2457 3460 2696 Florestan, Babette und Alemette
807 2643 3321 3003 treten übermüthig dazu und laden die
827 2841 3337 3132 Beiden ein, theilzunehmen. Annette hat
800 3053 3460 3364 sich auf Pierrot's Schoss gesetzt. Pierrette
797 3231 3261 3569 erwacht aus ihrer Erstarrung und
