3656 4152
3210 112 3332 339 P.
1186 595 3254 863 Florestan erklärtes, ihm über¬
754 738 2606 1087 legen. Eine Herzreogeschichte:
1202 1000 3129 1233 Fred findet das sehr amusant
788 1168 3282 1485 und lacht. Florestan verweist ihm sei¬
788 1420 1806 1688 ne Lustigkeit
1255 1560 3282 1850 Fred: Was sollen wir nun thun?
788 1803 2469 2089 Wecken wir ihn doch auf:
1283 1952 3188 2220 Florestan: Nein. Wartre wir.
825 2117 3291 2500 Er nimmt Fred bei der Hand, zieht ihr
825 2342 3226 2712 mit sich fort und nöthigt ihn, sich mit
831 2535 3341 2868 ihm auf zwei erbeneinanderstehende
813 2753 3313 3030 Stühle im Hintergrunde des Zimmers
841 2930 3192 3269 zu selpre. Beide sitzte. Fred wird
825 3089 3291 3453 aber sofort pappelig und will zum
