3800 4136
854 436 2426 810 ge doch Pierrette holen.
1354 657 2358 949 Die Mutter ab.
1820 844 2640 1099 2. Auftritt.
1354 983 3556 1313 Die Vorigen ohne die Mutter. Ar¬
868 1211 3607 1565 lequin geht zwischen der zur Quadritte auf¬
898 1446 3528 1766 gestellten Paaren hin und her, schäckert
878 1630 3586 1963 mit der Mädchen. Einer der Herren nimmt
871 1800 3297 2181 es ihm übel; Gigolo beschwichtigt ihn
1868 2065 2637 2273 3. Auftritt.
1358 2184 3607 2474 Vorige. Die Mutter stürzt fassungs:
891 2406 3600 2739 los herunter. Allgemeine Bewegung: Was
902 2647 2317 2909 gibt's, was gibt's?
1378 2793 3158 3076 Meter: Pierrette ist weg.
1375 2994 3505 3317 Gigols eilt zum Vater, der noch
891 3181 3505 3501 immer am Buffet steht. Auch er kommt
