3816 4152
3319 208 3435 382 51.
1253 494 3425 857 Dieser refüsirt: Ich danke sehr.
771 653 3052 1035 für solche Dinge bin ich zu ernst
1315 926 3425 1233 Geht gravitätisch mit seinem
798 1042 1589 1355 Diener ab.
1826 1266 2673 1566 5 Auftritt.
1259 1460 3425 1770 Wie den Paare ohne der An¬
811 1668 3369 1994 tor sitzen bei Tische, sie trinken, für sto¬
864 1922 2762 2185 ben an und sind sehr luftig.
1816 2080 2614 2367 6. Auftritt.
1289 2218 3339 2597 Vie Vorigen. Pierrette stürzt
788 2479 3431 2775 herein. Wie sie die lustige Gesellschaft
788 2683 3296 3003 sieht, fährt sie wie vor Gespenstere
821 2874 3342 3174 zurück. Pierrot springt auf, wird
794 3098 3379 3333 aber vor der Andern zurückge¬
788 3263 3431 3563 halten. Arleguie erscheint athemlos an
