3784 4120
857 433 3407 796 Reihe links: Sie schwankt, siebt auf
874 677 3488 958 einen Augenblick in Arleguin’s Arme¬
884 853 3400 1168 erhebt sich aber gleich wieder. Der
877 1009 3464 1395 Tanz beginnt. Gioolo errängirt sehr
877 1246 3481 1558 lebhaft, immerfort zwischen der Paa¬
904 1466 3522 1741 ren hin der herlaufeer. Die nicht tan¬
884 1612 3542 1947 zenden älteren Herren und Damen schon
870 1832 3552 2160 entzückt dem Tange zu. Arleguin spricht
884 2022 3427 2333 zu Pierrete, sie antwortet nicht. Vor
891 2255 3451 2540 Tanz dauert fort. Gigolo anraegirt
884 2421 3576 2668 nun eine Tour, bei der alle Paare hie¬
860 2618 3522 2902 tereinander im Kreise über die Tuh¬
874 2828 1839 3166 ne schreiten.
1358 3010 3545 3237 Wie ein Pierrette am Arme Ar¬
880 3193 3596 3549 leguie's Theilnahmslos an der Vorhängen
