3352 4168
1007 550 3008 727 und schüttelt ihn. Jetzt erst merkt, er,
1004 742 3011 893 dass Pierrot tot ist,erfasst den Zusam-
994 911 3011 1010 menhang und zum Entsetzen der Pierrette
1010 1060 2890 1166 schleppt er den Leichnam des Pierrot
1002 1229 2970 1365 zum Divan, lehnt ihn dort in eine Ecke,
994 1343 2912 1474 schenkt Wein ein, trinkt dem Toten zu,
994 1497 2940 1628 winkt Pierrette mit einem teuflischen
997 1661 2875 1789 Lächeln herbei, gibt auch ihr ein ge¬
989 1827 2887 1936 fülltes Glas in die Hand, drängt sich
992 1958 2978 2095 an sie,spielt den Verliebten. Sie ent-
989 2092 2981 2254 flicht ihm, endlich verbeugt sich Arle-
992 2256 2774 2400 kino vor dem toten Pierrot und vor
989 2448 2885 2554 Pierrette und geht zur Türe. Die ver.
989 2564 2832 2708 zweifelte Pierrete, die sich vor ihm
989 2723 2832 2875 auf die Knie wirft,schüttelt er von
984 2877 2917 2996 sich ab und versperrt die Türe hinter
982 3011 2892 3185 sich. Piersette allein geblieben, pol.
987 3208 2915 3311 tert an die Türe, ruft vom Fenster aus
977 3311 2824 3473 nach Arlekino,sucht vergeblich nach
987 3490 3011 3634 irgend einem Ausgang,bleibt endlich dem
987 3642 2859 3811 toten Pierrot gegenüber stehen,läuft
