3720 4168
3322 150 3443 311 18
844 500 3411 834 rot bei der Hand und sieht ihm ernst in's
867 759 3319 1063 Gesicht. Dann einweit sie aus ihrem Be¬
821 961 3250 1279 see ein schwarzes Fläschste und hält es
863 1154 2564 1475 ihm hin. Verstehst du mich?
1324 1252 3362 1635 Pierrot läßt ihre Hände frei; dann
870 1511 3335 1844 schitelt er die Kopf: Wozu sterben? Er
847 1700 3286 2027 eimmt der Mantel vom Sessel, schlingt
886 1903 3365 2250 ihn um sie und sich und picht sie fort, als
906 2112 3352 2394 wollten sie mit einander entfliehen.
906 2302 3355 2659 Sie macht sich los und wirft den Mantel
919 2485 3384 2806 wieder auf den Sessel hin. Dann einmal
912 2701 3322 3015 sie den Pierrot beim Kopf, sieht ihn
938 2904 2910 3205 mitleidig und schmerzlich an.
1354 3100 3417 3368 Pierrette: Wir könne ja nicht
929 3247 3558 3617 fliehen; wir haben ja kein Geld. Sterben,
