3784 4152
3383 150 3503 323 34
866 453 3470 823 der sie erblickt. Macht die Anderen auf
829 703 3506 999 merksam. Mutter, Vater und Arleguin
856 912 3390 1182 eilen auf sie zu, bestürmen sie mit
866 1059 3470 1402 fragen. Sie schüttelt den Kopf. Arle¬
879 1235 3433 1612 quie kehrt seine Autorität hervor:
856 1475 3437 1765 Mir, Deinem Gattre, mußt Du Bsagen
1339 1638 3530 1985 Pirrete sieht ihn vorächtlich an. Sam¬
872 1851 3493 2191 geht sie langsam in die Mitte der Böhne,
912 2031 3556 2368 wo sie von der jünger Herren und Damen
899 2271 3540 2564 umringt wird. Gigolo will der grieli¬
872 2471 3427 2787 ihre Serne ein Ende machen und gibt
899 2654 2501 2964 der Musik des Zeichen.
1359 2811 3410 3147 Wieder ordere sich die Paare.
872 3044 3506 3260 Arlequin eimmt Pierrette's Arm, stellt
906 3210 3440 3566 sich mit ihr an den Flügel der einen
