3688 4184
768 550 3333 889 liert wieder, ärgert sich. Streit, an¬
765 765 3385 1097 fangs nur mit stummen Geborden; kam
794 957 3398 1292 schlagen Leide mit den Fäußere auf den
807 1159 3183 1527 Tisch auf. Da erschrecken sie selbst
810 1331 3209 1706 und sehre ängstlich auf der Livar
814 1621 1143 1888 hie.
1273 1712 3258 2064 In diesem Moment erhebt sich
830 1946 3356 2292 Pierrot und sitzt sich auf. Zuerst sieht
850 2145 3359 2428 er starr auf seine Freunde, kann be¬
853 2308 3284 2656 sinnt er sich, lächelt müde, steht auf
843 2532 3323 2877 und geht seine Freunden entgegen,
814 2760 3288 3096 die gleichfalls auf ihn pikommen.
1331 2920 3304 3239 Pierrot: Spielt nur weiter,
837 3118 2637 3483 ich werde Euch nicht stören.
