3672 4136
815 483 3318 882 auf die Schulter. Vergebens. Dann
834 752 3160 1052 noch einmal. Da erhebt sich Piccrot
850 910 3340 1251 langsam und lehnt sich nun an die Pre¬
844 1112 3384 1463 sterbrestung, die Augen in das Inne¬
834 1318 2639 1650 re des Zimmers gerichtet.
1270 1523 3406 1804 Fred: Komm mit uns; aber nicht
863 1732 3312 2041 um da spaziere zu gehen, sondern um
853 1937 3100 2240 zu triekten, zu küssen, zutangen.
1343 2082 3394 2357 Vann nimmt er Florestan bei den
888 2307 3327 2645 Schultern und tanzt mit ihm im Zimmer
885 2474 3346 2809 herum. Pierrot bleibt theilnahms beste¬
894 2708 3350 3015 hen. Sie tanpen auf ihn zu und wollen
856 2876 3384 3239 ihn mitreiszen. Da macht er sich brus¬
904 3109 2215 3403 zur von ihrer frei¬
1267 3220 3315 3577 Piernt: Laßt mich in Frieden.
3343 104 3444 256 12.
