3784 4136
3373 132 3537 289 33.
878 464 2262 809 nun herbeigelaufen.
1364 575 3403 976 Arlequie begreift die Ernst der
897 871 3432 1184 Situation allmälig, ist sehr verzweifelt
901 1055 3406 1381 und komt im Saale hie und her. Die
878 1269 3478 1545 Mutter rennt noch durch verschiedene
891 1446 3521 1762 Zimmer, deren Flucht vor der Thüre lieks
914 1640 3472 1972 aus zu sehen ist und kommt wieder
924 1864 2475 2166 händerieger zurück.
1867 2038 2686 2295 4. Austritt.
1384 2193 3442 2518 In diesem Augenblicke erscheint
888 2400 3527 2729 Pierrette in der Thüre rechts, das Spitzen¬
891 2591 3314 2932 tuch um die Kopf, aber ohne Mantel
927 2817 3514 3074 Lodtreblaß, und bleibt eine Weite, am
920 2978 3485 3327 Thiepfosten gelehrt, sich mit der rechten
917 3192 3544 3557 sand daran haltend. Zi polo ist der Erste,
