3784 4184
3317 71 3475 245 23.
856 537 3317 882 bewußtlos. Er geleitet sie zur Thüre,
862 730 3378 1091 als wenn er sich verabschieden wollte.
891 965 3382 1232 Vann kommt sie wieder erst ganz zur
930 1158 3398 1387 Besinnung und sie wirft sich an seinen
862 1403 3372 1657 Hals. Nun begeben sie sich innig um¬
923 1515 3407 1847 schlungen, wieder an den Tisch Pierrot
923 1715 3346 2024 ergreift das eine Glas, Pierrette
891 1898 3404 2265 gleich nach ihm das zweite. Sie setzte
891 2085 3401 2461 zu gleicher Zeit die Gläser an die
923 2336 3378 2664 Lippen. Sie schliegen gegenseitig die
911 2490 3449 2761 Arme um ein Hals, so daß sein hieker
920 2677 3311 3060 und ihr rechter Arm frei bleiben.
930 2870 3372 3150 Nie ein Blick von Pierrot: Bist Vibi
962 3105 3446 3407 reit? Ein Blick von Pierotte: Ich bin's.
933 3282 3523 3633 Eine Sukunde Pause. Nun neiger Bei¬
