3384 4152
2706 408 2806 535 4
1008 540 1383 750 Zimmer.
1003 725 2891 870 Zweites Bild. Hochzeitsgesellschaft,
1003 860 2891 1053 Tanz, Arlekino, der Bräutigam Pierret-
1013 1021 2934 1163 tens, bleibt düster unter all der Lus¬
1018 1171 2984 1316 tigkeit,die ihn umgibt; der geschäftige
1018 1328 2904 1513 Tanzarrangeur Gigolo fordert ihn auf
1016 1461 2989 1623 die eben beginnende Quadrille mit sei-
1008 1646 3017 1788 ner Braut zu tanzen. Pierrette ist aber
1016 1801 2961 1971 nicht da, die Mutter vermutet,dass sie
1018 1918 3029 2084 sich oben auf ihrem Zimmer für die Rei¬
1016 2104 2909 2261 se bereit macht, geht sie holen, kommt
1013 2254 2871 2399 bald wieder,erschreckt ihrem Gatten
1016 2426 2811 2571 mitteilend, dass Pierrette nicht da
1028 2511 3007 2706 ist. Ariekino merkt bald, dass hier et-
1018 2669 2959 2849 was nicht in Ordnung ist,wird zornig,
1023 2819 3022 3027 die Aufregung teilt sich allen Anwesen
1036 2994 2811 3167 den mit, Arlekino in wachsender Wut
1033 3164 2921 3307 droht fürchterliche Rache, die jungen
1031 3322 2961 3437 Mädchen durchsuchen das Haus, Arlekino
1143 3414 2969 3534 Gläser,Flaschen und die Instrumente
1033 3494 2721 3667 zertrümmert die - Musikinsirumenie
