<?xml version="1.0" encoding="UTF-8" standalone="yes"?>
<PcGts xmlns="http://schema.primaresearch.org/PAGE/gts/pagecontent/2013-07-15" xmlns:xsi="http://www.w3.org/2001/XMLSchema-instance" xsi:schemaLocation="http://schema.primaresearch.org/PAGE/gts/pagecontent/2013-07-15 http://schema.primaresearch.org/PAGE/gts/pagecontent/2013-07-15/pagecontent.xsd">
    <Metadata>
        <Creator>prov=READ-COOP:name=TrHtr:version=2.1.0:model_id=51170:date=28_07_2023_19:14</Creator>
        <Created>2023-05-10T11:54:27.121+02:00</Created>
        <LastChange>2023-07-28T19:14:00.944+02:00</LastChange>
        <TranskribusMetadata docId="1428177" pageId="55393695" pageNr="40" tsid="131373546" status="IN_PROGRESS" userId="64420" imgUrl="https://files.transkribus.eu/Get?id=OOOEFDESFXPIKGKQOARILNXH&amp;fileType=view" xmlUrl="https://files.transkribus.eu/Get?id=SNQITYDGSIHYNOFXNFUSXHKP" imageId="44668580"/>
    </Metadata>
    <Page imageFilename="1428177_0040.jpg" imageWidth="3752" imageHeight="4152">
        <ReadingOrder>
            <OrderedGroup id="ro_1711801387035" caption="Regions reading order">
                <RegionRefIndexed index="0" regionRef="tr_1"/>
            </OrderedGroup>
        </ReadingOrder>
        <TextRegion id="tr_1" custom="readingOrder {index:0;}">
            <Coords points="889,657 3584,657 3584,3296 889,3296"/>
            <TextLine id="tr_1_tl_1" custom="readingOrder {index:0;}">
                <Coords points="902,886 1037,819 1184,879 1419,738 1701,882 2238,735 3352,805 3355,614 3184,671 2942,533 2718,597 2261,503 909,648"/>
                <Baseline points="925,752 946,758 990,758 1035,758 1080,758 1125,758 1170,758 1214,755 1259,749 1304,752 1349,746 1393,746 1438,743 1483,743 1528,743 1573,740 1617,740 1662,740 1707,740 1752,737 1796,737 1841,734 1886,734 1931,734 1976,734 2020,731 2065,731 2110,731 2155,731 2199,731 2244,728 2289,728 2334,728 2378,725 2423,725 2468,725 2513,722 2558,722 2602,722 2647,722 2692,722 2737,722 2781,722 2826,716 2871,716 2916,716 2961,710 3005,710 3050,707 3095,707 3140,707 3184,707 3229,710 3274,710 3319,716 3361,710"/>
                <TextEquiv>
                    <Unicode>ihr Spitzentuch liegt. Das wirft sie rasch</Unicode>
                </TextEquiv>
            </TextLine>
            <TextLine id="tr_1_tl_2" custom="readingOrder {index:1;}">
                <Coords points="872,960 1527,1043 1651,956 1963,1023 2577,909 3150,980 3358,926 3362,815 2885,785 2550,872 1939,775 1704,882 1540,809 872,906"/>
                <Baseline points="892,934 907,940 952,940 996,943 1041,940 1086,940 1131,940 1176,940 1220,937 1265,937 1310,934 1355,934 1399,934 1444,931 1489,928 1534,928 1579,928 1623,925 1668,925 1713,922 1758,922 1802,919 1847,919 1892,919 1937,919 1981,916 2026,919 2071,919 2116,916 2161,916 2205,916 2250,916 2295,913 2340,913 2384,910 2429,907 2474,907 2519,907 2564,904 2608,904 2653,904 2698,904 2743,904 2787,901 2832,901 2877,901 2922,895 2966,898 3011,898 3056,895 3101,895 3146,895 3190,892 3235,892 3280,898 3325,901 3369,907"/>
                <TextEquiv>
                    <Unicode>um den Kopf. Wie sie nun wieder weg¬</Unicode>
                </TextEquiv>
            </TextLine>
            <TextLine id="tr_1_tl_3" custom="readingOrder {index:2;}">
                <Coords points="919,1221 1047,1255 1275,1131 1637,1235 1835,1127 2691,1100 2936,1238 3204,1087 3392,1104 3395,993 2406,1037 2221,960 1926,1064 1684,953 1342,1084 1215,990 923,1053"/>
                <Baseline points="937,1137 940,1137 985,1134 1029,1131 1074,1131 1119,1128 1164,1125 1208,1125 1253,1122 1298,1122 1343,1119 1387,1119 1432,1116 1477,1116 1522,1113 1567,1113 1611,1113 1656,1113 1701,1110 1746,1110 1790,1107 1835,1110 1880,1107 1925,1110 1970,1107 2014,1107 2059,1107 2104,1107 2149,1107 2193,1107 2238,1107 2283,1104 2328,1104 2372,1101 2417,1104 2462,1098 2507,1101 2552,1095 2596,1092 2641,1089 2686,1092 2731,1089 2775,1092 2820,1092 2865,1092 2910,1095 2955,1098 2999,1095 3044,1089 3089,1086 3134,1083 3178,1083 3223,1080 3268,1077 3313,1077 3358,1074 3402,1074"/>
                <TextEquiv>
                    <Unicode>gehen will, schwankt sie, er muß sich an</Unicode>
                </TextEquiv>
            </TextLine>
            <TextLine id="tr_1_tl_4" custom="readingOrder {index:3;}">
                <Coords points="866,1379 1949,1308 2506,1389 2687,1278 3298,1278 3372,1121 2882,1245 2687,1100 2318,1124 2157,1238 1845,1124 1641,1231 1480,1144 869,1261"/>
                <Baseline points="889,1322 913,1328 958,1328 1002,1328 1047,1328 1092,1322 1137,1322 1182,1316 1226,1316 1271,1313 1316,1310 1361,1307 1405,1307 1450,1304 1495,1301 1540,1301 1584,1301 1629,1301 1674,1301 1719,1301 1764,1301 1808,1298 1853,1298 1898,1298 1943,1295 1987,1295 2032,1295 2077,1295 2122,1292 2167,1295 2211,1292 2256,1289 2301,1292 2346,1292 2390,1289 2435,1286 2480,1286 2525,1283 2570,1283 2614,1280 2659,1280 2704,1277 2749,1280 2793,1280 2838,1280 2883,1280 2928,1277 2972,1271 3017,1268 3062,1268 3107,1262 3152,1262 3196,1262 3241,1259 3286,1259 3331,1256 3375,1253"/>
                <TextEquiv>
                    <Unicode>den Möbelstärker festhalten. Bei der</Unicode>
                </TextEquiv>
            </TextLine>
            <TextLine id="tr_1_tl_5" custom="readingOrder {index:4;}">
                <Coords points="892,1634 1074,1560 1557,1657 1728,1513 3167,1516 3375,1486 3378,1409 2171,1335 1869,1416 1469,1329 1211,1476 1100,1365 896,1436"/>
                <Baseline points="913,1525 919,1528 964,1528 1008,1528 1053,1528 1098,1525 1143,1525 1187,1531 1232,1528 1277,1525 1322,1525 1367,1519 1411,1519 1456,1516 1501,1513 1546,1510 1590,1507 1635,1507 1680,1507 1725,1507 1770,1507 1814,1507 1859,1507 1904,1507 1949,1510 1993,1507 2038,1507 2083,1504 2128,1501 2173,1501 2217,1498 2262,1495 2307,1495 2352,1492 2396,1492 2441,1492 2486,1489 2531,1489 2575,1486 2620,1483 2665,1483 2710,1483 2755,1480 2799,1477 2844,1477 2889,1474 2934,1474 2978,1474 3023,1471 3068,1474 3113,1471 3158,1471 3202,1471 3247,1471 3292,1468 3337,1468 3381,1471"/>
                <TextEquiv>
                    <Unicode>Thir fällt ihr noch etwas ein ver sie</Unicode>
                </TextEquiv>
            </TextLine>
            <TextLine id="tr_1_tl_6" custom="readingOrder {index:5;}">
                <Coords points="882,1738 1423,1808 1802,1704 1919,1802 2063,1694 2291,1835 2483,1718 3013,1681 3254,1782 3452,1714 3456,1550 3194,1617 2865,1496 2359,1641 1728,1513 1567,1661 1251,1577 882,1661"/>
                <Baseline points="901,1719 910,1719 955,1722 999,1725 1044,1722 1089,1722 1134,1722 1179,1719 1223,1716 1268,1713 1313,1713 1358,1713 1402,1710 1447,1710 1492,1707 1537,1710 1581,1704 1626,1704 1671,1701 1716,1701 1761,1701 1805,1701 1850,1698 1895,1698 1940,1695 1984,1692 2029,1689 2074,1692 2119,1692 2164,1689 2208,1689 2253,1689 2298,1689 2343,1692 2387,1692 2432,1686 2477,1686 2522,1686 2567,1686 2611,1680 2656,1680 2701,1677 2746,1677 2790,1677 2835,1677 2880,1677 2925,1677 2969,1677 3014,1677 3059,1677 3104,1674 3149,1671 3193,1668 3238,1665 3283,1668 3328,1671 3372,1671 3417,1674 3462,1683"/>
                <TextEquiv>
                    <Unicode>eilt auf das Tischchen zu; indem sie ängst¬</Unicode>
                </TextEquiv>
            </TextLine>
            <TextLine id="tr_1_tl_7" custom="readingOrder {index:6;}">
                <Coords points="882,1976 2449,1886 2610,2003 3063,1879 3573,1909 3576,1795 2667,1815 2486,1718 2291,1835 1845,1745 1573,1869 1278,1758 882,1872"/>
                <Baseline points="901,1928 943,1925 988,1922 1032,1919 1077,1919 1122,1916 1167,1916 1211,1916 1256,1916 1301,1916 1346,1916 1390,1916 1435,1913 1480,1913 1525,1907 1570,1907 1614,1901 1659,1901 1704,1898 1749,1898 1793,1898 1838,1898 1883,1898 1928,1895 1973,1898 2017,1892 2062,1889 2107,1889 2152,1889 2196,1889 2241,1889 2286,1886 2331,1886 2375,1889 2420,1886 2465,1883 2510,1880 2555,1883 2599,1880 2644,1877 2689,1877 2734,1877 2778,1877 2823,1880 2868,1880 2913,1877 2958,1877 3002,1874 3047,1874 3092,1871 3137,1868 3181,1868 3226,1865 3271,1862 3316,1859 3361,1856 3405,1853 3450,1850 3495,1850 3540,1850 3584,1844"/>
                <TextEquiv>
                    <Unicode>voll vermeidet, Pierrot anzusehen, einen</Unicode>
                </TextEquiv>
            </TextLine>
            <TextLine id="tr_1_tl_8" custom="readingOrder {index:7;}">
                <Coords points="889,2198 1104,2117 3372,2110 3378,1879 3073,2010 2771,1909 2607,2003 2446,1886 1902,2047 1681,1922 1439,1922 1238,2067 892,2040"/>
                <Baseline points="910,2125 919,2125 964,2122 1008,2116 1053,2116 1098,2116 1143,2116 1187,2116 1232,2113 1277,2116 1322,2113 1367,2113 1411,2116 1456,2116 1501,2113 1546,2110 1590,2110 1635,2107 1680,2107 1725,2104 1770,2104 1814,2107 1859,2104 1904,2101 1949,2104 1993,2101 2038,2098 2083,2095 2128,2095 2173,2092 2217,2086 2262,2086 2307,2086 2352,2083 2396,2083 2441,2083 2486,2080 2531,2080 2575,2077 2620,2077 2665,2077 2710,2074 2755,2071 2799,2071 2844,2071 2889,2071 2934,2068 2978,2068 3023,2068 3068,2071 3113,2068 3158,2065 3202,2062 3247,2062 3292,2059 3337,2056 3381,2056"/>
                <TextEquiv>
                    <Unicode>sie die Blumen aus dem Wasserglase</Unicode>
                </TextEquiv>
            </TextLine>
            <TextLine id="tr_1_tl_9" custom="readingOrder {index:8;}">
                <Coords points="916,2322 1446,2379 3154,2278 3389,2412 3442,2090 2583,2218 2285,2218 2151,2100 2036,2171 1382,2124 916,2258"/>
                <Baseline points="934,2304 940,2310 985,2313 1029,2310 1074,2307 1119,2307 1164,2304 1208,2304 1253,2301 1298,2304 1343,2304 1387,2304 1432,2304 1477,2301 1522,2304 1567,2304 1611,2304 1656,2304 1701,2298 1746,2295 1790,2295 1835,2295 1880,2295 1925,2298 1970,2295 2014,2295 2059,2292 2104,2286 2149,2286 2193,2286 2238,2283 2283,2283 2328,2280 2372,2277 2417,2277 2462,2280 2507,2280 2552,2280 2596,2280 2641,2274 2686,2274 2731,2274 2775,2271 2820,2268 2865,2268 2910,2268 2955,2268 2999,2265 3044,2265 3089,2262 3134,2262 3178,2259 3223,2259 3268,2262 3313,2262 3358,2265 3402,2265 3447,2265"/>
                <TextEquiv>
                    <Unicode>und dann stürpt sie wie eine Verfolg</Unicode>
                </TextEquiv>
            </TextLine>
            <TextLine id="tr_1_tl_10" custom="readingOrder {index:9;}">
                <Coords points="902,2580 1208,2506 1896,2610 2171,2489 3274,2479 3342,2362 3127,2281 2889,2419 2650,2288 909,2412"/>
                <Baseline points="925,2522 928,2522 973,2522 1017,2516 1062,2513 1107,2513 1152,2510 1196,2507 1241,2504 1286,2504 1331,2507 1376,2504 1420,2504 1465,2501 1510,2504 1555,2501 1599,2498 1644,2495 1689,2495 1734,2492 1779,2495 1823,2492 1868,2489 1913,2489 1958,2489 2002,2486 2047,2480 2092,2480 2137,2480 2181,2480 2226,2480 2271,2477 2316,2477 2361,2477 2405,2477 2450,2474 2495,2474 2540,2474 2584,2471 2629,2471 2674,2468 2719,2465 2764,2465 2808,2465 2853,2462 2898,2462 2943,2462 2987,2459 3032,2459 3077,2459 3122,2456 3166,2453 3211,2453 3256,2450 3301,2447 3346,2450"/>
                <TextEquiv>
                    <Unicode>te davon, schließt aber diesmal die</Unicode>
                </TextEquiv>
            </TextLine>
            <TextLine id="tr_1_tl_11" custom="readingOrder {index:10;}">
                <Coords points="899,2801 1047,2718 1144,2738 1275,2694 1369,2754 1480,2694 1614,2751 1825,2687 1922,2711 1922,2640 1778,2563 1654,2634 1506,2577 1181,2630 1077,2543 906,2580"/>
                <Baseline points="922,2707 946,2704 990,2704 1035,2698 1080,2695 1125,2695 1170,2695 1214,2692 1259,2695 1304,2692 1349,2692 1393,2692 1438,2692 1483,2689 1528,2689 1573,2686 1617,2686 1662,2686 1707,2683 1752,2680 1796,2680 1841,2677 1886,2677 1931,2680"/>
                <TextEquiv>
                    <Unicode>Thirze sorgsam</Unicode>
                </TextEquiv>
            </TextLine>
            <TextLine id="tr_1_tl_12" custom="readingOrder {index:11;}">
                <Coords points="1365,2902 2144,2895 2302,2976 2523,2872 3234,2892 3328,2848 3335,2630 2879,2674 2577,2811 2171,2671 1912,2825 1671,2738 1553,2798 1372,2758"/>
                <Baseline points="1387,2880 1411,2880 1456,2886 1501,2889 1546,2886 1590,2886 1635,2883 1680,2886 1725,2886 1770,2880 1814,2880 1859,2877 1904,2877 1949,2877 1993,2874 2038,2874 2083,2874 2128,2871 2173,2868 2217,2868 2262,2871 2307,2868 2352,2868 2396,2859 2441,2859 2486,2859 2531,2859 2575,2859 2620,2859 2665,2859 2710,2859 2755,2856 2799,2850 2844,2850 2889,2847 2934,2844 2978,2847 3023,2844 3068,2844 3113,2844 3158,2844 3202,2841 3247,2838 3292,2835 3337,2841"/>
                <TextEquiv>
                    <Unicode>Wie sie draußen ist, bleibt</Unicode>
                </TextEquiv>
            </TextLine>
            <TextLine id="tr_1_tl_13" custom="readingOrder {index:12;}">
                <Coords points="926,3113 1557,3090 1724,3174 1983,3080 3278,3087 3472,3050 3476,2922 3338,2855 2741,2946 2526,2869 2187,3020 1932,2949 1590,3040 1111,2892 926,2989"/>
                <Baseline points="943,3086 973,3086 1017,3089 1062,3089 1107,3089 1152,3089 1196,3089 1241,3089 1286,3086 1331,3083 1376,3086 1420,3086 1465,3083 1510,3083 1555,3083 1599,3083 1644,3077 1689,3077 1734,3074 1779,3074 1823,3074 1868,3074 1913,3068 1958,3068 2002,3068 2047,3065 2092,3065 2137,3065 2181,3065 2226,3062 2271,3059 2316,3062 2361,3059 2405,3056 2450,3056 2495,3056 2540,3053 2584,3056 2629,3056 2674,3056 2719,3053 2764,3050 2808,3047 2853,3050 2898,3047 2943,3044 2987,3041 3032,3041 3077,3041 3122,3041 3166,3038 3211,3035 3256,3035 3301,3032 3346,3032 3390,3029 3435,3029 3480,3032"/>
                <TextEquiv>
                    <Unicode>die Seren noch eine Weile offen, dann</Unicode>
                </TextEquiv>
            </TextLine>
            <TextLine id="tr_1_tl_14" custom="readingOrder {index:13;}">
                <Coords points="929,3362 1530,3274 1721,3295 1879,3415 2734,3338 2738,3103 2328,3207 1953,3090 1724,3181 1553,3090 1439,3181 1365,3113 936,3154"/>
                <Baseline points="952,3280 996,3283 1041,3283 1086,3286 1131,3283 1176,3283 1220,3283 1265,3286 1310,3280 1355,3277 1399,3277 1444,3274 1489,3274 1534,3271 1579,3268 1623,3268 1668,3271 1713,3268 1758,3265 1802,3265 1847,3259 1892,3259 1937,3259 1981,3259 2026,3259 2071,3256 2116,3253 2161,3253 2205,3256 2250,3256 2295,3256 2340,3253 2384,3250 2429,3247 2474,3250 2519,3247 2564,3247 2608,3247 2653,3241 2698,3241 2743,3244"/>
                <TextEquiv>
                    <Unicode>fallt der Vorhang rasch.</Unicode>
                </TextEquiv>
            </TextLine>
        </TextRegion>
    </Page>
</PcGts>
