3800 4152
788 480 3280 844 ihn ienig. Die Anderen sehre mitleidig
818 751 3264 1023 auf sie. Wie aber Annette langsam
804 947 3250 1198 ihren Arm von dem seinen entfernt,
791 1125 3373 1423 schlägt Pierrot die Augen auf Annete
801 1331 3191 1629 zittert. Nur bewegt er den Kopf
798 1503 3346 1811 Annette fährt auf. Die Andere mer¬
794 1685 3280 2006 ken es auch. Nie stitzt sich Pierrot
801 1880 3197 2257 auf die Hände. Höchstes Erstaunen.
791 2118 3327 2413 Alle sind um ihn. Er sieht befremdet
811 2297 3257 2615 ursich. Annette und Fred wollen ihn
808 2492 3423 2797 auf der Sessel niedersetzen. In Augen¬
794 2714 3373 2986 blick aber, bevor er sich niedergesetzt
784 2913 3297 3194 hat, erhebt er sich auch schon und steht
765 3065 3423 3370 frei da. Alle bestimmen ihn: Ja was
788 3270 2575 3585 war denn das mit Dir:
