3784 4120
3389 137 3509 309 Dt.
1321 403 3516 816 Die Umstehenden begreifen nichts
859 680 3409 992 von dem allen; sind höchst bestürzt.
875 875 3461 1177 Arlequie versucht es, sie aus der Er¬
881 1109 2478 1373 starrung zu wecken.
1356 1242 3444 1584 Die falsche Pierrete geht genau
868 1457 3477 1701 wie Pierrete selbst in ersten Act, den
881 1678 3402 1890 Geblick des Todten vermeidend, auf
891 1838 3379 2143 den Schreibtisch zu und nimmt das
865 2046 3223 2374 Spitzentuch. Kann flicht sie, wie es
862 2234 3243 2563 Pierrete im ersten Act gethan, der
891 2501 1555 2732 Thüre zu.
1340 2648 3522 2924 In demselben Augenblicke erwacht
865 2843 3331 3168 Pierrette aus ihrer Starrheit und
878 3022 3490 3314 während die falsche Pierreke der Aus¬
901 3213 3454 3552 gange zulauft, stürzt sie selbst zur
