3800 4216
3244 117 3401 290 24.
849 601 3473 995 de den Kopf nach rückwärts, währer
901 780 3417 1116 aber Sierrot mit einem Schlück des
2474 999 3463 1283 hat Pierrette
901 1041 2484 1348 Glas hinunterwärgt;
898 1165 3430 1527 kaum einen Tropfen zu den Lippen
881 1407 3414 1730 gebracht und dann mit einem glötz¬
891 1550 3326 1916 lichen furchtbaren Schauer das Glas
917 1792 3414 2108 hir unterfallen lassen. Pierrot sie Kt
927 1952 3437 2278 im selben Momente nieder und hat noch
917 2183 3443 2464 eine entsetzten Blick für Pierrette
1802 2396 1991 2533 Sr
933 2399 3424 2660 die die hießerehenden wie wahnsinnig
904 2588 3430 2866 anstarrt, und bleibt dann der Län¬
956 2751 3522 3097 ge nach auf dem Loder liegen. Perrute
946 2937 3427 3260 steht ein paar Sekunden starr da
976 3107 3557 3486 vann sinkt sie zu Pierrot auf der Bo¬
