3672 4152
779 547 3337 878 auf dem sie Pierrot liegend enthe¬
789 757 3312 1056 cken. Fred will ihr durch Ritteln er¬
776 980 3296 1244 wecken; bevor er ihn aber noch be¬
818 1145 3261 1476 rührt hat, wehrt ihr Florestan, beden¬
802 1346 3216 1661 tet durch eine vornehme Handbewe¬
789 1524 3207 1867 gung dem Virner, daß er gehre
805 1699 3162 2042 könnt. Peppo stellt der Leuchter
827 1925 3248 2221 auf der Tisch vor dein Vivae und geht
814 2128 3178 2446 und schließt die Vorzimmerthärt
843 2389 1562 2660 hinter sich.
1813 2574 2672 2860 3. Auftritt.
1187 2879 3184 3188 Fred sicht Floreclae an: Was soll
856 3067 3391 3388 das nun wieder mit Pierrot bedeuten?
