3736 4184
3233 164 3346 274 21.
1314 509 3371 799 Pierrot rükt näher an Pierrette
873 712 3320 1034 herge: O, wir werden sehr glücklich
850 924 3442 1204 fein. Er zwingt sie von ihrem Sessel auf,
886 1108 3339 1397 eilt mit ihr zum Fenster, dortet zum
873 1304 3262 1604 himmel: Vort hinauf werden wir
898 1504 3320 1819 unser Hochzeitsreise machen. Sie sel¬
895 1694 3339 2064 tzen sich wieder. Pierrete schmiegt sich
898 1913 3243 2164 an Sierrot, sie verbirgt ihren Kopf
918 2087 3381 2344 an seiner Brust. Über ihren Kopf hin¬
908 2238 3185 2573 weg öffnet er jetzt des Fläschchen,
902 2457 3320 2808 ohne daß sie es sieht. Dann will er
902 2650 3265 2950 in sein und ihr Cognoglas einige
924 2856 3207 3188 Tropfen des Giftes eingießen. Va¬
921 2927 3407 3394 schaft sie auf und, von einer plötzli¬
924 3265 3300 3597 chen Angst ergriffen, eilt sie in
