3832 4152
3308 197 3406 417 53
736 509 3382 838 tritt vor Pierrot hin. Sie erhebt dor¬
729 723 3274 1011 heno die Hände. Annete wird umso
780 919 3301 1221 zärtlicher mit Pierrot. Arlequie will
767 1123 3433 1354 Pierrette wegziehen. Pierrette wird we¬
767 1293 3430 1639 then und istampft auf der Boden. Ar¬
767 1483 3165 1791 lequin begreift absolut nichts und
760 1676 3491 1995 ringt verzweifelt die Hände. Fred, Flore¬
790 1893 3447 2192 restan, Alomette, Babette reichen ihnen
804 2090 3437 2405 gefüllte Gläser. Pierrette wirft das,
767 2280 3209 2572 ihre Wilheer zu Boden. Arloquie
784 2466 3389 2806 sieht das seine einen Moment sturid
736 2650 3192 2884 an, dann trinkt er es aus. Fred.
736 2877 3382 3141 füllt es ihm auf's Neue. Wie Pierrette
760 3080 3233 3396 das sieht, entreißt sie es ihr und
3508 3206 3606 3348 un
733 3264 2259 3555 wirft es zu Boden.
