3752 4136
1556 593 2600 857 Zweiter Act.
912 889 3463 1337 Ein Festsaal. Im Hintergründe sehr brei¬
905 1185 3308 1504 te Thüre, zu deren Seiten schwere
883 1385 3347 1701 Portière niederfallen, die jetzt
915 1640 3463 1920 geöffert sind, so daß das kuffet sicht¬
899 1781 3363 2013 bar ist. Im Saale selbst zwei Thären,
912 1952 3479 2287 die eine rechts führt in's Verpimmer
944 2194 3534 2500 und ist geschlossen, die andere lieks
915 2355 3495 2690 steht offen und zeigt eine flücht von
915 2583 3415 2902 zimmern, welche schief nach hieten
953 2796 1817 3054 verlaufen.
