3768 4136
3396 125 3520 327 31
889 414 3517 785 ein wenig betrücken, sicht ihn fragend
866 674 3517 967 an. Gigolo dortet ihm an, er müße auch
876 856 3386 1145 mittanzen und zwar mit seiner
886 1031 3466 1334 Braut. Arlequie nicht vorständnis voll
899 1223 3520 1543 und geht, von einem Freunde geleitet,
889 1435 3517 1705 an die Wänden des Saales herum, um
889 1607 3487 1940 Pierrette zu suchen. Sie ist nicht da. Er
896 1806 3514 2153 begibt sich zur Mutter im Vordergrün¬
869 1984 3574 2304 be links und fragt sie: Wo ist Pierrette:
1415 2207 3581 2513 Die Mutter sieht sich zuerst besorgt
889 2405 3591 2705 um, dann fällt ihr ein. Gewiß ist sie oben
947 2597 2904 2924 auf ihrem Zimmer und betet.
1395 2732 3524 3086 Arlesnie begreift das nicht so¬
893 2981 1294 3295 fert.
1401 3160 3568 3480 Gigolo bittet die Mutter, sie mö¬
