3608 4152
1776 581 2276 850 Act.
1368 560 1740 841 Ester
869 929 3277 1289 Zimmer Pierrot's, beschrieben eingerich¬
875 1186 3241 1462 tet. Vorne rechts ein Schreibtisch mit
884 1347 3202 1680 vierm Lehnseffel davor. Hinter links
914 1577 3299 1840 ein Divan, davor ein Tisch. Vorne liekt ein
896 1779 3244 2064 Wandspiegel mit einem Trumau, auf
929 1970 3323 2242 welchem 2 Leuchter stehen. Zwischen ihren
917 2143 3165 2497 eine Uhr einige Sessel an der lieben
917 2309 3283 2606 Wand. De der Mite des Hintergründes,
917 2515 3347 2814 ein Forster. Rechts hieten die Thür, welche
935 2715 3371 3026 ins Vorzimmer föhrt. Ke der Wänden
953 2926 2318 3241 einige Kupferstiche.
