3736 4136
3388 109 3510 267 To.
877 455 3431 732 Vater und Mutter bekomplimentiere die
887 693 3365 993 Paare. Zwischen den Paarer hin und
897 884 3526 1158 her eilt geschäftig Gigolo, s ihr schlank¬
854 1049 3477 1366 und elegant, der Tanzarränger. Ver¬
907 1260 3510 1498 Vater kommt nach hieten, eimmt ein Glas,
914 1465 3483 1709 stößt mit Arleguin an, die Beiden im
907 1656 3500 1963 armen sich. Er mischt sich in das heitere Ge¬
917 1831 3358 2204 spräch der Herren. Gigolo lauft im
940 2012 3424 2309 Saale herum, schwingt der Claque¬
1893 2309 2062 2405 nt
917 2210 3559 2537 Die Musik verabtet eine Gradritte.
561 2283 877 2576 men
934 2431 3526 2679 Die Paare sammelte sich. Gigolo bemüht
930 2639 3540 2989 sich sehr und stellt die Paare einander
937 2791 3586 3167 vis - a - vis auf. Plötzlich fällt ihr etwas
937 3012 3414 3335 ein, er geht nach hieten und klopft
917 3210 3530 3523 dem Arlequie auf die Schulter. Arlesoin
