<?xml version="1.0" encoding="UTF-8" standalone="yes"?>
<PcGts xmlns="http://schema.primaresearch.org/PAGE/gts/pagecontent/2013-07-15" xmlns:xsi="http://www.w3.org/2001/XMLSchema-instance" xsi:schemaLocation="http://schema.primaresearch.org/PAGE/gts/pagecontent/2013-07-15 http://schema.primaresearch.org/PAGE/gts/pagecontent/2013-07-15/pagecontent.xsd">
    <Metadata>
        <Creator>prov=READ-COOP:name=TrHtr:version=2.1.0:model_id=51170:date=28_07_2023_19:14</Creator>
        <Created>2023-05-10T11:54:29.234+02:00</Created>
        <LastChange>2023-07-28T19:14:05.424+02:00</LastChange>
        <TranskribusMetadata docId="1428177" pageId="55393823" pageNr="56" tsid="131373562" status="IN_PROGRESS" userId="64420" imgUrl="https://files.transkribus.eu/Get?id=MLLSJBLYFBBYUJXPOEDULLLA&amp;fileType=view" xmlUrl="https://files.transkribus.eu/Get?id=JWEMTMIYTHFYEXQVPZXUKYAO" imageId="44668708"/>
    </Metadata>
    <Page imageFilename="1428177_0056.jpg" imageWidth="3784" imageHeight="4168">
        <ReadingOrder>
            <OrderedGroup id="ro_1711801401966" caption="Regions reading order">
                <RegionRefIndexed index="0" regionRef="tr_1"/>
                <RegionRefIndexed index="1" regionRef="tr_2"/>
            </OrderedGroup>
        </ReadingOrder>
        <TextRegion id="tr_1" custom="readingOrder {index:0;}">
            <Coords points="806,173 3535,173 3535,1852 806,1852"/>
            <TextLine id="tr_1_tl_1" custom="readingOrder {index:0;}">
                <Coords points="3179,275 3193,278 3226,255 3243,268 3267,252 3303,295 3324,302 3337,138 3317,131 3307,138 3283,117 3240,158 3186,151"/>
                <Baseline points="3200,229 3206,232 3251,229 3296,223 3340,223"/>
                <TextEquiv>
                    <Unicode>43</Unicode>
                </TextEquiv>
            </TextLine>
            <TextLine id="tr_1_tl_2" custom="readingOrder {index:1;}">
                <Coords points="812,731 1117,684 1405,815 1737,664 3417,651 3451,470 2619,413 815,634"/>
                <Baseline points="833,692 859,689 904,686 949,686 994,686 1039,686 1083,683 1128,683 1173,677 1218,674 1262,671 1307,671 1352,671 1397,671 1442,668 1486,668 1531,668 1576,665 1621,662 1666,662 1710,662 1755,659 1800,659 1845,659 1889,659 1934,656 1979,656 2024,653 2069,650 2113,650 2158,647 2203,644 2248,641 2292,641 2337,641 2382,641 2427,641 2472,641 2516,641 2561,641 2606,635 2651,635 2696,635 2740,632 2785,629 2830,629 2875,626 2919,624 2964,624 3009,621 3054,621 3099,618 3143,618 3188,618 3233,612 3278,609 3323,609 3367,606 3412,606 3457,606"/>
                <TextEquiv>
                    <Unicode>nach der Hand des Pierrot, die wieder</Unicode>
                </TextEquiv>
            </TextLine>
            <TextLine id="tr_1_tl_3" custom="readingOrder {index:2;}">
                <Coords points="785,976 1033,882 1268,979 1496,859 1653,939 2800,828 2938,902 3454,838 3458,704 3206,620 2545,758 2036,667 1308,842 791,788"/>
                <Baseline points="806,880 818,880 862,883 907,877 952,874 997,871 1042,868 1086,868 1131,868 1176,868 1221,868 1265,865 1310,868 1355,865 1400,862 1445,862 1489,859 1534,859 1579,856 1624,853 1668,850 1713,853 1758,850 1803,847 1848,847 1892,847 1937,847 1982,850 2027,841 2072,841 2116,841 2161,838 2206,835 2251,835 2295,830 2340,830 2385,830 2430,830 2475,827 2519,827 2564,827 2609,827 2654,824 2699,821 2743,821 2788,818 2833,815 2878,812 2922,812 2967,815 3012,812 3057,809 3102,803 3146,800 3191,800 3236,800 3281,800 3326,797 3370,797 3415,800 3460,803"/>
                <TextEquiv>
                    <Unicode>starr herabfällt, nimmt eine flaum¬</Unicode>
                </TextEquiv>
            </TextLine>
            <TextLine id="tr_1_tl_4" custom="readingOrder {index:3;}">
                <Coords points="832,1127 3344,1050 3441,899 3012,852 2774,952 2136,872 1348,1006 1023,879 838,956"/>
                <Baseline points="853,1056 892,1059 937,1056 982,1053 1027,1053 1071,1053 1116,1050 1161,1047 1206,1047 1250,1044 1295,1044 1340,1042 1385,1042 1430,1039 1474,1039 1519,1036 1564,1033 1609,1030 1654,1027 1698,1027 1743,1030 1788,1027 1833,1027 1877,1027 1922,1030 1967,1027 2012,1030 2057,1027 2101,1030 2146,1027 2191,1027 2236,1024 2281,1024 2325,1024 2370,1021 2415,1024 2460,1021 2504,1018 2549,1018 2594,1015 2639,1012 2684,1009 2728,1006 2773,1003 2818,1000 2863,1000 2908,997 2952,997 2997,994 3042,994 3087,991 3131,988 3176,985 3221,985 3266,982 3311,982 3355,979 3400,976 3445,973"/>
                <TextEquiv>
                    <Unicode>feder vom Kopfputze Annetten's und</Unicode>
                </TextEquiv>
            </TextLine>
            <TextLine id="tr_1_tl_5" custom="readingOrder {index:4;}">
                <Coords points="832,1325 2945,1288 3387,1194 3391,1107 838,1120"/>
                <Baseline points="850,1277 889,1274 934,1274 979,1277 1024,1277 1068,1277 1113,1271 1158,1274 1203,1268 1248,1265 1292,1268 1337,1262 1382,1259 1427,1259 1471,1256 1516,1253 1561,1253 1606,1250 1651,1248 1695,1248 1740,1245 1785,1248 1830,1248 1875,1245 1919,1248 1964,1248 2009,1248 2054,1245 2098,1245 2143,1245 2188,1239 2233,1239 2278,1233 2322,1233 2367,1230 2412,1230 2457,1230 2501,1227 2546,1224 2591,1224 2636,1221 2681,1218 2725,1215 2770,1212 2815,1209 2860,1206 2905,1209 2949,1203 2994,1203 3039,1200 3084,1197 3128,1200 3173,1197 3218,1191 3263,1188 3308,1185 3352,1179 3397,1182"/>
                <TextEquiv>
                    <Unicode>hält sie vor den Mund Pierrot's; sie</Unicode>
                </TextEquiv>
            </TextLine>
            <TextLine id="tr_1_tl_6" custom="readingOrder {index:5;}">
                <Coords points="835,1489 1627,1549 2415,1429 3129,1502 3485,1419 3488,1238 3179,1345 2713,1238 2069,1385 1030,1288 838,1362"/>
                <Baseline points="853,1468 892,1465 937,1468 982,1465 1027,1465 1071,1465 1116,1462 1161,1459 1206,1459 1250,1457 1295,1459 1340,1454 1385,1451 1430,1448 1474,1448 1519,1448 1564,1445 1609,1445 1654,1442 1698,1442 1743,1442 1788,1442 1833,1439 1877,1436 1922,1436 1967,1436 2012,1436 2057,1436 2101,1433 2146,1430 2191,1430 2236,1427 2281,1424 2325,1424 2370,1424 2415,1421 2460,1418 2504,1418 2549,1412 2594,1409 2639,1406 2684,1406 2728,1406 2773,1403 2818,1403 2863,1400 2908,1400 2952,1397 2997,1397 3042,1397 3087,1397 3131,1397 3176,1394 3221,1394 3266,1391 3311,1388 3355,1388 3400,1391 3445,1388 3490,1394"/>
                <TextEquiv>
                    <Unicode>bleibt bewegungslos. Florestan schät¬</Unicode>
                </TextEquiv>
            </TextLine>
            <TextLine id="tr_1_tl_7" custom="readingOrder {index:6;}">
                <Coords points="825,1684 1523,1657 1667,1751 2193,1630 2338,1731 2542,1620 2817,1720 3142,1586 3521,1623 3525,1506 3397,1435 3109,1543 2686,1459 2328,1559 1892,1486 832,1546"/>
                <Baseline points="847,1666 886,1668 931,1671 976,1671 1021,1671 1065,1668 1110,1666 1155,1663 1200,1663 1245,1663 1289,1663 1334,1660 1379,1660 1424,1657 1468,1657 1513,1657 1558,1651 1603,1648 1648,1645 1692,1642 1737,1642 1782,1642 1827,1636 1872,1636 1916,1633 1961,1630 2006,1627 2051,1627 2095,1624 2140,1624 2185,1624 2230,1621 2275,1615 2319,1615 2364,1615 2409,1612 2454,1615 2499,1609 2543,1609 2588,1609 2633,1606 2678,1606 2722,1603 2767,1600 2812,1597 2857,1594 2902,1594 2946,1594 2991,1588 3036,1588 3081,1588 3126,1585 3170,1585 3215,1582 3260,1582 3305,1579 3349,1576 3394,1576 3439,1576 3484,1582 3529,1585"/>
                <TextEquiv>
                    <Unicode>telt den Kopf und erhebt sich wieder.</Unicode>
                </TextEquiv>
            </TextLine>
            <TextLine id="tr_1_tl_8" custom="readingOrder {index:7;}">
                <Coords points="1301,1865 2948,1801 3109,1885 3243,1781 3531,1824 3535,1717 2908,1751 2452,1653 2133,1781 1935,1704 1777,1781 1583,1680 1305,1747"/>
                <Baseline points="1319,1833 1340,1833 1385,1836 1430,1839 1474,1839 1519,1839 1564,1842 1609,1842 1654,1839 1698,1839 1743,1839 1788,1839 1833,1836 1877,1833 1922,1833 1967,1833 2012,1830 2057,1830 2101,1827 2146,1827 2191,1824 2236,1824 2281,1821 2325,1818 2370,1818 2415,1815 2460,1812 2504,1809 2549,1809 2594,1806 2639,1806 2684,1803 2728,1800 2773,1800 2818,1797 2863,1800 2908,1794 2952,1794 2997,1791 3042,1788 3087,1785 3131,1788 3176,1785 3221,1779 3266,1779 3311,1776 3355,1773 3400,1773 3445,1773 3490,1776 3535,1782"/>
                <TextEquiv>
                    <Unicode>Fred und er bleiber verzwei¬</Unicode>
                </TextEquiv>
            </TextLine>
        </TextRegion>
        <TextRegion id="tr_2" custom="readingOrder {index:1;}">
            <Coords points="847,1920 3555,1920 3555,3437 847,3437"/>
            <TextLine id="tr_2_tl_1" custom="readingOrder {index:0;}">
                <Coords points="825,2167 1536,2039 2042,2019 2297,2120 2713,2002 3310,2056 3468,1989 3474,1838 2636,1928 2428,1824 1620,1965 1036,1814 835,1912"/>
                <Baseline points="847,2060 880,2060 925,2063 970,2063 1015,2063 1059,2063 1104,2060 1149,2060 1194,2054 1239,2051 1283,2045 1328,2042 1373,2042 1418,2039 1462,2039 1507,2039 1552,2036 1597,2036 1642,2033 1686,2036 1731,2036 1776,2033 1821,2030 1866,2027 1910,2024 1955,2024 2000,2024 2045,2018 2089,2015 2134,2009 2179,2012 2224,2015 2269,2009 2313,2006 2358,2003 2403,2003 2448,2006 2493,2006 2537,2003 2582,2003 2627,2003 2672,2000 2716,1997 2761,1994 2806,1994 2851,1991 2896,1991 2940,1991 2985,1988 3030,1988 3075,1985 3120,1982 3164,1982 3209,1982 3254,1982 3299,1979 3343,1976 3388,1976 3433,1970 3478,1970"/>
                <TextEquiv>
                    <Unicode>felt erben Pirrof stehen. An̄ske läuft</Unicode>
                </TextEquiv>
            </TextLine>
            <TextLine id="tr_2_tl_2" custom="readingOrder {index:1;}">
                <Coords points="832,2338 1070,2391 1258,2287 2988,2177 3371,2234 3471,2220 3474,2073 2908,2042 2314,2163 1670,2059 1382,2180 835,2190"/>
                <Baseline points="853,2242 880,2248 925,2254 970,2254 1015,2254 1059,2254 1104,2254 1149,2251 1194,2251 1239,2251 1283,2251 1328,2248 1373,2248 1418,2245 1462,2245 1507,2245 1552,2242 1597,2239 1642,2239 1686,2236 1731,2239 1776,2233 1821,2230 1866,2227 1910,2224 1955,2224 2000,2218 2045,2221 2089,2218 2134,2215 2179,2212 2224,2212 2269,2209 2313,2209 2358,2203 2403,2203 2448,2203 2493,2203 2537,2200 2582,2200 2627,2200 2672,2200 2716,2197 2761,2194 2806,2194 2851,2188 2896,2185 2940,2182 2985,2179 3030,2173 3075,2173 3120,2170 3164,2170 3209,2170 3254,2164 3299,2164 3343,2164 3388,2161 3433,2161 3478,2158"/>
                <TextEquiv>
                    <Unicode>zu ihren Freundinnen, weiet und wird</Unicode>
                </TextEquiv>
            </TextLine>
            <TextLine id="tr_2_tl_3" custom="readingOrder {index:2;}">
                <Coords points="879,2468 1211,2552 1419,2448 2737,2401 2985,2485 3548,2405 3552,2281 882,2374"/>
                <Baseline points="898,2466 913,2466 958,2457 1003,2454 1047,2451 1092,2448 1137,2445 1182,2445 1227,2442 1271,2442 1316,2439 1361,2439 1406,2439 1451,2439 1495,2436 1540,2433 1585,2433 1630,2430 1674,2427 1719,2424 1764,2421 1809,2421 1854,2418 1898,2415 1943,2415 1988,2412 2033,2412 2078,2409 2122,2406 2167,2406 2212,2400 2257,2400 2301,2400 2346,2397 2391,2400 2436,2397 2481,2397 2525,2391 2570,2394 2615,2394 2660,2394 2705,2394 2749,2391 2794,2388 2839,2385 2884,2385 2928,2382 2973,2379 3018,2379 3063,2376 3108,2376 3152,2373 3197,2370 3242,2367 3287,2364 3332,2364 3376,2364 3421,2361 3466,2358 3511,2361 3555,2364"/>
                <TextEquiv>
                    <Unicode>vor ihren unarmt. Kürzes Schweigen</Unicode>
                </TextEquiv>
            </TextLine>
            <TextLine id="tr_2_tl_4" custom="readingOrder {index:3;}">
                <Coords points="869,2740 1305,2757 1945,2616 3350,2606 3411,2465 3220,2522 2723,2421 2478,2542 1757,2552 1070,2475 875,2569"/>
                <Baseline points="892,2654 907,2660 952,2654 997,2654 1042,2651 1086,2651 1131,2648 1176,2645 1221,2639 1265,2636 1310,2636 1355,2636 1400,2633 1445,2633 1489,2630 1534,2630 1579,2627 1624,2627 1668,2624 1713,2618 1758,2618 1803,2618 1848,2615 1892,2612 1937,2615 1982,2612 2027,2609 2072,2609 2116,2606 2161,2603 2206,2603 2251,2603 2295,2600 2340,2597 2385,2597 2430,2597 2475,2594 2519,2591 2564,2591 2609,2591 2654,2588 2699,2588 2743,2588 2788,2588 2833,2591 2878,2588 2922,2585 2967,2582 3012,2576 3057,2576 3102,2570 3146,2567 3191,2564 3236,2564 3281,2561 3326,2561 3370,2561 3415,2558"/>
                <TextEquiv>
                    <Unicode>fassungsloser Trauer. Fred Kommt</Unicode>
                </TextEquiv>
            </TextLine>
            <TextLine id="tr_2_tl_5" custom="readingOrder {index:4;}">
                <Coords points="872,2867 2894,2763 3256,2831 3515,2753 3518,2666 2881,2609 2267,2743 2016,2619 1596,2757 1409,2696 875,2794"/>
                <Baseline points="892,2851 925,2848 970,2848 1015,2848 1059,2848 1104,2845 1149,2842 1194,2842 1239,2839 1283,2836 1328,2839 1373,2830 1418,2824 1462,2821 1507,2821 1552,2821 1597,2818 1642,2818 1686,2815 1731,2809 1776,2806 1821,2806 1866,2803 1910,2800 1955,2797 2000,2791 2045,2794 2089,2791 2134,2788 2179,2788 2224,2785 2269,2785 2313,2785 2358,2782 2403,2779 2448,2779 2493,2776 2537,2776 2582,2773 2627,2773 2672,2770 2716,2770 2761,2770 2806,2770 2851,2767 2896,2764 2940,2764 2985,2761 3030,2758 3075,2755 3120,2755 3164,2752 3209,2749 3254,2749 3299,2749 3343,2746 3388,2746 3433,2746 3478,2746 3523,2746"/>
                <TextEquiv>
                    <Unicode>wieder zur Besinnung: Wir müßen</Unicode>
                </TextEquiv>
            </TextLine>
            <TextLine id="tr_2_tl_6" custom="readingOrder {index:5;}">
                <Coords points="902,3052 1777,3065 1925,2995 2210,3112 2606,2975 3310,3008 3317,2864 2894,2763 2425,2901 2163,2800 2019,2921 1637,2844 1422,2958 1184,2888 906,2978"/>
                <Baseline points="919,3039 949,3039 994,3036 1039,3036 1083,3033 1128,3033 1173,3033 1218,3030 1262,3030 1307,3027 1352,3024 1397,3024 1442,3018 1486,3015 1531,3015 1576,3015 1621,3012 1666,3009 1710,3006 1755,3006 1800,3006 1845,3006 1889,3000 1934,2997 1979,2994 2024,2991 2069,2991 2113,2988 2158,2988 2203,2982 2248,2982 2292,2982 2337,2982 2382,2982 2427,2979 2472,2976 2516,2976 2561,2976 2606,2973 2651,2970 2696,2967 2740,2964 2785,2967 2830,2964 2875,2961 2919,2961 2964,2958 3009,2955 3054,2952 3099,2949 3143,2949 3188,2946 3233,2946 3278,2943 3323,2943"/>
                <TextEquiv>
                    <Unicode>etwas thun. Er durchsucht das Haus</Unicode>
                </TextEquiv>
            </TextLine>
            <TextLine id="tr_2_tl_7" custom="readingOrder {index:6;}">
                <Coords points="872,3246 1080,3374 1328,3223 2056,3303 2388,3186 2633,3293 2847,3156 3521,3166 3531,2968 872,3169"/>
                <Baseline points="889,3233 928,3227 973,3227 1018,3227 1062,3227 1107,3224 1152,3224 1197,3221 1242,3218 1286,3218 1331,3218 1376,3212 1421,3212 1465,3209 1510,3209 1555,3209 1600,3209 1645,3206 1689,3203 1734,3203 1779,3200 1824,3197 1869,3194 1913,3188 1958,3185 2003,3182 2048,3182 2092,3179 2137,3173 2182,3170 2227,3167 2272,3164 2316,3158 2361,3158 2406,3158 2451,3155 2496,3158 2540,3158 2585,3158 2630,3158 2675,3155 2719,3158 2764,3155 2809,3152 2854,3152 2899,3149 2943,3149 2988,3146 3033,3146 3078,3143 3123,3143 3167,3143 3212,3140 3257,3140 3302,3137 3346,3137 3391,3137 3436,3137 3481,3143 3526,3140"/>
                <TextEquiv>
                    <Unicode>nach dem Diener. Er ist nicht ds. Fruct:</Unicode>
                </TextEquiv>
            </TextLine>
            <TextLine id="tr_2_tl_8" custom="readingOrder {index:7;}">
                <Coords points="885,3548 1378,3414 1774,3478 2156,3381 3397,3505 3485,3468 3495,3199 3307,3277 2844,3156 2653,3300 2542,3213 1888,3360 1580,3230 1278,3360 892,3330"/>
                <Baseline points="907,3427 946,3424 991,3424 1036,3424 1080,3421 1125,3421 1170,3421 1215,3418 1259,3418 1304,3415 1349,3415 1394,3412 1439,3409 1483,3409 1528,3409 1573,3409 1618,3406 1663,3406 1707,3406 1752,3403 1797,3400 1842,3397 1886,3394 1931,3391 1976,3388 2021,3385 2066,3382 2110,3382 2155,3379 2200,3376 2245,3373 2290,3370 2334,3367 2379,3364 2424,3364 2469,3364 2513,3361 2558,3361 2603,3361 2648,3361 2693,3358 2737,3361 2782,3361 2827,3358 2872,3355 2917,3355 2961,3352 3006,3349 3051,3346 3096,3349 3140,3349 3185,3346 3230,3340 3275,3343 3320,3337 3364,3337 3409,3334 3454,3334 3499,3340"/>
                <TextEquiv>
                    <Unicode>Ich werde um einer Arzt gehen. Er</Unicode>
                </TextEquiv>
            </TextLine>
        </TextRegion>
    </Page>
</PcGts>
