3083 4152
882 489 2223 680 Der Schleier der Pierette.
902 643 2152 824 ̃ ̃̃ o * * * - * *  * * / * * i * * n
726 806 2674 965 Erstes Bild, Pierrot allein in seinam
731 980 2699 1119 Zimmer in trüber Stimmung vor dem Bil-
741 1094 2598 1275 de Pierrettens, seiner Geliebten,die
743 1275 2706 1426 ihn verlassen hat. Aus seinem Schreib.
751 1419 2727 1608 tisch nimmt er vertrocknete Blumen und
955 1545 1452 1678 vergilbte
751 1583 2671 1726 andere Zeichen von Pierrettens Liebe,
746 1736 2676 1895 dann blickt er vom Fenster aus zu der
753 1857 2742 2036 in Abenddämmerung sinkenden Stadt hinü
756 2039 2719 2187 ber,endlich ermattet von innerer Qual,
753 2175 2701 2356 streckt er sich auf dem Divan aus und
756 2351 2689 2487 schläft ein. Seine Freunde und Freun-
766 2480 2754 2633 dinnen,Fred,Flrestan,Anette und Alumet-
771 2606 2769 2785 te mit einem Klavierspieler treten ein,
771 2764 2704 2946 der Diener mit dem Leuchter voran; sie
784 2893 2762 3135 entdecken nicht gleich den schlafenden
779 3042 2578 3258 Pierrot, wie sie ihn endlich finden
781 3213 2807 3420 wecken sie ihn nicht gleich auf,sondem
759 3399 1018 3490 weisen
794 3347 2734 3553 den Klavierspieler an einen Walzer zu
