3752 4168
3308 139 3438 275 20
867 522 3393 917 des Zimmers. Pierrette eimmt die Blü¬
870 819 3352 1025 men aus ihrem Gürtel und stellt sie
892 977 3229 1214 in die Wasserglas mitten auf den
879 1199 3371 1518 Tisch. Dann höpfen sie Arm in Arm durch
904 1369 3371 1689 das Zimmer und beleuchten es festlich.
889 1534 3431 1885 Sie zünder die Kerze auf den Schreib¬
886 1762 3273 2125 tische, dann Kerzen, die auf dem
904 1942 3419 2261 Trimeau, auf dem Spiegel stehen, an
917 2157 3403 2479 hierauf reicht Pierrot der Pierrette
923 2359 3403 2625 respectvoll der Arm und nun neh¬
901 2543 3422 2859 men sie Beide vor dem Tischchen Platz.
914 2815 3295 3077 Sie markiree große Heiterkeit.
889 2922 3409 3286 lachen, tricken der essen. Das schwar¬
892 3131 3381 3495 ge Fläschen steht vor ihren auf dem
936 3453 1224 3656 Tisch
