3720 4136
839 576 3419 868 sinnung kommen. (Sie schwankt. Es ge¬
829 765 3304 1056 leitet sie zu einem Stuhl, der beim
896 954 3361 1300 Schreibtisch steht, sie siekt darauf hie,
855 1162 3377 1505 ihr Mantel bleibt über der Lehnehän¬
868 1367 3413 1674 gen. Piercot siekt vor ihr auf die Kein,
858 1559 3365 1879 faßt ihre Hände, bedeckt sie mit Küssen.
1345 1735 3429 2017 Pierrot: Nun ist Alles gut; ich ha¬
871 1953 1918 2270 be Sich wieder¬
1351 2119 3304 2455 Sie sieht ihr wehmütig an; kann
880 2305 3390 2641 nimmt sie das Spitzentrag ab, legt es
906 2516 3246 2833 auf den Schreibtisch, weist auf den
922 2724 3054 3048 Myrtheckränz auf ihren Haupte.
1341 2932 3384 3227 Piscrot erhebt sich: Erkläre mit
877 3172 1229 3397 also.
1364 3294 3445 3630 Pierrette steht auf, nimmt Pier¬
