3320 4152
2687 414 2787 587 6
948 539 2883 768 ist; er verlangt von ihr, dass sie ihn
943 725 2770 908 zur Stelle schaffe. Zum dritten Mal
941 906 2725 1046 erscheint der tote Pierrot mit dem
933 1054 2825 1219 Schleier in der Hand. Pierrette eilt
933 1187 2900 1317 dem ocheinbild entgegen, dem Entschwin¬
941 1337 2765 1508 denden nach, Arlekino hält ihre mand
951 1548 2717 1678 gefasst und verbietet den Uebrigen
943 1676 1781 1831 ihnen zu folgen.
928 1929 2945 2107 Drittes Bild. Die Dekoration des ersten
933 2137 2893 2243 Bildes. Nachts, Dierrot Der tote Pier-
933 2293 2702 2433 rot liegt hinter der Staffelei, der
926 2436 2910 2554 Schleier weiss schimmernd in der Mitte
936 2582 2930 2717 des dunklen Zimmers. Arlekino und Pier-
928 2702 2765 2868 rette treten ein. Pierrette eilt zu
933 2883 2930 3026 dem Schleier hin, hält ihn hoch und will
923 3013 2820 3174 nun mit Arlekino wieder gehen. Er im
918 3206 2797 3349 Zimmer hin und her,entdeckt Pierrot,
918 3324 2760 3502 hält ihn aber nicht für tot,sondern
928 3507 2865 3650 betrunken,fasst ihn bei den Schultern
