3800 4120
3374 113 3504 254 41.
811 457 3484 781 sie alle herein. Könnte anfangs Pierrot
824 691 3504 995 nicht sehen und schaire sich im Zimmer um.
808 861 3448 1191 Plötzlich gewährt Frod den Tisch und sieht
841 1048 3471 1355 auch Tierrok da liegen. Er weist auch auf
821 1225 3474 1552 ihr der dann auf die Cognaeflasse.
821 1462 3501 1752 Mädchen, sehr lustig, kommen nahe heran.
844 1655 3518 1952 Florestan hält Brabette vorsichtig zurück
834 1872 3471 2149 Fred will eine Grüppe verangiren, um
834 2036 3508 2350 den erwachenden Pierrot zu überaschen,
861 2229 3531 2533 der gibt die Mädchen Posen. Dann bringt
878 2420 3504 2740 er sich zu Pierrot herab und blaßt ihr
851 2617 3498 2914 in's Gesicht. Wie er regungslos liegen
874 2820 3391 3057 bleibt, weit er bei ihr nieder und
868 2990 3384 3324 thut zur Erlöstigung der Mädchen,
868 3164 3448 3531 als wenn er ihr kassen wollte. Da
