3784 4104
3360 105 3512 296 36.
866 441 3413 806 des Luffets vorüberschreitet, fährt
875 652 3426 981 sie plötzlich zurück. Die Vorhängesied
866 875 3380 1172 transparent geworden und es er¬
905 1063 3453 1366 scheint an der Stelle, wo früher das
879 1257 3522 1488 Buffet war, die Amorative des ersten
866 1419 3502 1672 Actes. Man sieht das offene fenster mit
889 1639 3482 1863 dem Blick auf die mondbeschienenen
908 1797 3380 2139 Dächer, das Tischte mit den Resten
866 2041 3443 2337 des Mahles, und sieht Pierrot, wie er
915 2218 3334 2531 am Schlusse des ersten Actes leblos
852 2426 3495 2719 am Boden liegt. Nach weniger Secre¬
905 2610 3528 2929 die erscheint Pierrette selbst im Zim¬
882 2817 3512 3061 mer, und die wirkliche Pierrete, die
862 2998 3420 3308 sich im Tangsääle befindet, richtet die
879 3225 3028 3551 Augen schenkensvoll auf sie.
