3784 4136
809 438 3340 809 Kopf. Er wirkt der Wiener, der ab¬
809 687 3218 1021 seits steht. Von Wiener tritt heran, öff
805 809 3360 1183 net die Casche, reicht daraus dem Vor¬
819 1055 3326 1361 ten ein kleines Fläschchen. Dieser hält
836 1287 3488 1527 es zur Nase Pierrot's. Vergeblich. Er reicht
789 1436 3350 1786 die Flasche dem Fred, dieser nicht daran,
809 1651 3407 1978 wird fast ohnmächtig und gibt die fla¬
799 1833 3512 2187 sche dem Wiener zurück. Dieser nimmt
822 2025 3458 2389 eine zweite größere aus der Tasche.
839 2244 3478 2558 Derselbe Vorgang wiederholt sich. Wie
842 2420 3407 2763 Fud daran richt, siekt er fast um
832 2632 3437 2878 und die nahe vor ihr stehende Annette
829 2844 3319 3137 gleichfalls. Nie derselbe Vorgang
853 2999 3279 3259 mit einer dritten Flasche, welche
842 3185 3478 3525 wieder größer ist. Wie der Doctor
