3800 4232
3186 127 3372 284 25.
880 618 3356 1016 den hin, faßt ihn an, rittelt ihn, will
883 858 3368 1164 ihn erwecken, krsch ihn, alles vergeb¬
880 1019 3331 1349 lich. Sie steht auf, er mit plantos im
886 1192 3344 1590 zimmer hin und her. Sie geht zum
926 1402 3341 1741 Tischchen perrk, eimmt das Gift
932 1602 3304 1976 fläschen; schauderer stellt sie es
898 1825 3356 2137 wieder weg. Sie läuft wieder
929 1991 3409 2356 im Zimmer hie und her, kommt vor
939 2204 3418 2519 den Spiegel, erschrikt vor ihrem
917 2399 3297 2720 Bild. Sie greift sich an den Kopf
951 2587 3433 2936 der Myotheekranz. Sie eilt zur
948 2782 3375 3152 Thür, dann wieder zurück zu
1081 2958 3424 3230 cerrot. Wieder rittelt sie ihn.
948 3140 3415 3541 Vergeblich. Dann wird sie plötzlich
