3816 4152
1260 464 3412 830 Er führt Fred der Florestan zum
765 700 3497 1007 Schreibtisch, zeigt ihnen das Bild Pierrette’s:
765 891 3254 1161 Sie war da. Wir wollten Beide Gift
751 1096 3453 1414 trinken. Ich trank es; sie aber ist ent¬
731 1281 3015 1581 flehen und ließ mich hier liegen.
1380 1479 3415 1779 Die Mädchen sind ihnen nachge¬
744 1670 3494 1991 gangen, der Doctor steht bei dem kleinen
738 1868 3459 2172 Tische und niemand kümmert sich er ihn.
1318 2063 3371 2404 Annette eimt das Bild der
744 2285 3340 2568 Pierrette und wirft es auf die Erde.
1284 2462 3381 2742 Fied der Florestan weisen auf
758 2667 2828 2981 Annete: Die hat Vich gerettet.
1281 2869 2360 3108 Pierrot. Wieso?
1274 3046 3319 3333 Annette kusst ihn. Während
751 3231 3384 3596 Die Beiden sich umschlungen halten, tanzen
