3784 4152
3348 114 3465 296 45
1655 454 2357 750 4. Auftritt.
1187 661 3307 957 Annette kommt zurück, mit ihr
705 860 3372 1098 Fred, der Doctor und sein Wiener mit eine
692 1067 3321 1383 großer Tasche. Der Doctor in Talar, sehr
733 1263 3307 1586 ruhig, verbeigt sich gemessen, vornehm
750 1445 3359 1710 vor den Anwesenden, Fred, ungedältig,
730 1628 3183 1965 girrt ihn zu Pierrot hie. Der Doctor
736 1834 3252 2061 keiet vor Pierrot nieder und einmit
723 1999 3310 2337 seine Hand. Alse sind um ihn. Babette
712 2199 3386 2536 und Annette haben sich umarmt, stehen am
705 2385 3397 2698 weitesten abwärts, Florestän erben ih¬
733 2629 3207 2863 nen, Annete ängstvoll zu füßen des
716 2781 3479 3145 Pierret, Fred keiet gleichfalls. Der Dec¬
733 2980 3507 3283 ter legt seie ihr an die Brust Pierrats.
716 3190 3424 3569 Große Stille. Der Doctor schüttelt den
