3816 4168
754 495 3361 850 die beiden anderen Paare um sie her¬
768 730 3317 1014 dr. Der Doctor tritt zu Pieriot und
751 962 3385 1218 Annette, und wie sie sich aus ihrer Um¬
771 1126 3337 1426 armung lösen, verbrugt er sich vor
768 1331 1314 1573 Pierrot.
1269 1447 2839 1764 Pierrot: Wer ist das?
1259 1672 3508 2027 Annette stellt ihn vor. Händedricke.
795 1901 3372 2143 Man läßt der Doctor gleich wieder
799 2078 3399 2392 stehen. Die beider anderen Paare haben
771 2300 3518 2617 Gläser auf der Tisch gebracht und setze
792 2518 3341 2754 sich herum. Sie wirker Annete und
799 2679 3436 2928 Dierrof herbei. Diese bemerken, wie
802 2873 3402 3184 der Doctor eben beleidigt weggehen
805 3078 3430 3385 will und wollen ihn nun auch zurta¬
829 3269 1662 3607 fel nöthigen.
