3720 4136
858 556 3384 887 Ich soll tanzte, ich trinkre, ih küssen. Nein,
862 780 3166 1092 für mich gibt es all' das nicht mehr.
1367 985 3387 1244 Fred und Florestan wollen ihn be¬
890 1158 3415 1458 gütigen. Er weiß sie ab. Dann geht er
862 1354 3402 1685 zum Schreibtisch hin, setzt sich nieder, ver¬
874 1581 3241 1878 birgt sein Gesicht in der Händen und
871 1752 3298 2026 kümmert sich um seine Freunde nicht
887 1919 3399 2276 mehr. Die bleiben noch eine Weile ste¬
862 2146 3298 2468 hen: Da können wir nichts machen.
1802 2351 2531 2607 4. Auftritt.
1266 2566 3443 2796 Pierrot bleibt eine Weile regings.
893 2752 3425 3043 los sitzen, dann tritt Pippo ein. Pierrot
918 2916 3415 3238 beachtet ihr anfangs nicht. Wie Pappe
900 3134 2146 3437 ruft, sicht er auf.
1294 3264 2916 3544 Pienet. Was willst Du?
