3784 4120
3283 103 3453 282 42
820 359 3479 787 weicht er ein wenig befremdet, unick¬
820 661 3459 969 dann, noch einmal hiesch aüger, fährt er
807 867 3466 1185 auf's höchste erschrocken auf. Die Mäd¬
853 1072 3449 1308 chen die bisher noch in carricirt male¬
827 1242 3493 1544 rischen Gruppen daßanden, erschrecken
843 1401 3469 1756 gleichfalls und flüchten in der Hinter¬
803 1647 2287 1929 gried des Zimmers.
1278 1786 3244 2075 Fesd nimmt Florestan bei der
850 1999 3400 2341 Hand und führt ihr näher heran: Siehst
873 2191 3486 2440 Der nicht, Pierrot ist todt. Alumette und
830 2407 3446 2719 Babeto bleiben ängstlich in Hinter¬
850 2623 3463 2932 gründe stehen. Annette kommt wieder
867 2769 3496 3091 hervor. Flinstan bergt sich zu Pier¬
833 2971 3479 3293 rot horab, legt seine Hände au Pier
847 3181 3459 3519 ret's Horz, schüttelt die Kopf, greift
