3640 4152
1567 381 2326 650 2. Aistrit
1212 572 3400 923 Es ist fast ganz denkel gewor¬
756 782 3315 1064 den. Da öffnet sich die Thür des Zim¬
782 959 3420 1173 mers und es fällt vom Vorraum ein
831 1137 3255 1419 ziemlich breiter Lichtschimmer auf
785 1311 3324 1639 der Eiseboden. An der Thür erschrieb
798 1531 3216 1807 der Wiener und lädt durch eine
864 1734 3295 2030 Handbewegung zwei hinter ihm ste¬
805 1951 3200 2277 hende Herren, die freunde Picrot's
795 2125 3282 2352 Fred und Florestan, zum Eintreten
825 2457 1123 2546 zie.
1301 2523 3331 2789 Diese treten ins Zimmer und
825 2694 3308 3032 machen gegen den Dirner vier fra¬
828 2904 3150 3190 gende Geberde Wo ist Pierrot?
844 3078 3305 3377 Von dieser weiß auf der Stuhl, auf
