3816 4136
1661 468 2554 785 7. Auftrit.
1270 647 3282 1004 Die Vorigen. In der Thüre er¬
752 883 3431 1159 scheint Peppo, der, etwas betrunken,
752 1082 3309 1372 vor seinem Ausflug zurückkommt
772 1287 3390 1594 und nun sehr erstauet stehen bleibt.
741 1516 3434 1763 Pierrette, nach einem wüthender und ver¬
782 1658 3296 1944 ächtlichen Blick auf Pierrot, einmit
768 1897 3185 2160 desen Arm Arlequie's und zwing ihn,
792 2083 3478 2372 mit ihr fortzugehen. Man bekomplimen¬
748 2275 3458 2507 tirt sie und Sred, Florestan, Alumette,
789 2477 3309 2763 Babette stellen sich zu beiden Seiten
782 2642 3444 2955 der Thüre auf, Spalier bildend. Arle¬
775 2841 3387 3191 quie scheint von dieser Ovation ge¬
792 3070 3404 3390 rührt und bedankt sich. Peppo, der
3485 3202 3592 3451 un
802 3269 3414 3599 noch immer bei der Thöre steht, ver¬
