3752 4152
3188 80 3380 288 26.
898 504 3317 872 von einer rasenden Angst gepackt
881 789 3327 1130 springt auf, nimmt den Mantel
888 964 3241 1309 vom Sessel, hällt sich in ihn und
875 1163 3271 1488 wie verfolgt er mit sie davon.
885 1312 3410 1677 Die Thür lässt sie offen stehen. Gro¬
898 1528 3566 1866 ße Rause. Man hört die Seite Pierrette’s
918 1720 3476 2055 über die Treppe; dann vollkommene
872 1945 3367 2180 Stille. Vann wieder Trit, die immer
905 2121 3393 2439 näher kommen und Pierrete erschrieb
941 2346 3542 2648 eierdings in der Thür des Vorzimmers
898 2502 3456 2833 Eine Weile bleibt sie tiefathmend stehen
888 2721 3420 3019 dann tritt sie ein. Sie pittret. Sie blickt,
891 2926 3433 3261 scher nach der Stelle, wo Pierrot liegt;
911 3118 3400 3380 dann aber wendet sie den Blick ab
915 3317 3469 3645 und eilt zum Schreibtisch, auf welchem
