3784 4136
3385 148 3533 319 38.
864 447 3526 813 Thüre rechts. Arlequie ihr nach, will sie
877 682 3576 995 zurückhalten. Sie stürzt davor. Alle
884 867 3519 1170 wollen nach. Arbequin wehrt die Ae¬
884 1089 3361 1271 deren ab und eilt der Pierrette
897 1274 3492 1570 nach. Verwirrung im Saale. Gigolo
908 1449 3442 1788 beschwichtigt. Der Vater fährt mit
911 1644 3472 1963 der Händte in der Luft herum; die
894 1845 3529 2138 Mutter stürzt bei der Thüre zusam¬
914 2047 2450 2390 men. Vorhang fällt.
