3720 4120
895 561 3252 907 durchszimmer. Dann tritt er zur fi¬
895 742 3298 1091 ster. Eier Weile sieht er gleichgitti¬
882 979 3289 1263 hinaus. Dann wird er Aufmerksam. Es
892 1135 3401 1493 beugt sich weiter über die Beistung:
923 1365 3292 1662 Ist es möglich? Sein, ich träume. Er
898 1562 3358 1861 beigt sich wieder hinaus und verfolgt
892 1777 3382 2067 mit den Augen offenbar eine Gestalt,
913 1936 3370 2235 welche sich unter seinen Fenster an der
938 2120 3283 2444 Mauer des Hauses weiterbewegt. Er
913 2323 3361 2659 beugt sich noch weiter hinaus. Die Ge¬
932 2519 3320 2846 stalt ist offenbar ins Heisther getre¬
923 2734 3342 3021 ten und seine Blicke entschwinden.
935 2915 3404 3177 Da tritt er in die Witte des Zimmers
935 3118 3311 3448 und spricht. Er hört Schritte auf der
963 3323 3364 3638 Treppe. Nie stürgt er in's Vor¬
