3784 4136
3402 60 3481 225 29
1686 539 2490 797 1. Auftritt.
1359 741 3276 1005 Im Saale tauzre sechs Paare
886 903 3405 1243 einen Walper. An der Seitenwänden
899 1121 3472 1392 des Saales sitzen ältere Damen, im Vor¬
876 1369 3508 1647 dergründe die Muter Piercete's, einzel¬
909 1527 3465 1871 ne ältere Herrn und der Vater Pier¬
873 1709 3405 2050 rette’s. Im Löffet hietre lehnt Arlequin,
919 1894 3544 2252 ist sehr heiter, hat ein Glas Wein in der
883 2096 3541 2447 Hand. Neben ihm stehen zwei Herren, wel¬
896 2295 3501 2628 che ihm offenbar werde den erpählen.
906 2516 3488 2794 Arlequin trinkt ein Glas nach vom ande¬
926 2688 3438 3019 ren und lacht viel. Kurz nach Beginn
919 2890 3485 3214 des Aufpages schließt der Walzer, die
929 3065 3339 3422 Paart promenirei durch den Saal.
