3688 4200
1225 508 3325 838 Fred und Florestan: O erin, da¬
767 774 2750 1074 zu sind wir nicht gekommen.
1257 898 3198 1234 Pierrot: Womit kann ich Euch
783 1119 3319 1452 also diener? Ach ja! Er geht zu dem
790 1397 3204 1685 Schrank rechts hieten, öffnet ihr und
825 1496 3316 1835 nimmt die Cognacflasche heraus. Fred
803 1727 3022 2072 und Florestan sind ihm nachgeeilt.
1142 1928 3185 2171 Fred und Florestan: Laß' sie nur
854 2149 1228 2350 drin.
1189 2286 3425 2587 Pierrot: Was wollt Ihr also eigent¬
847 2545 1142 2817 lich:
1157 2667 3380 2923 Florestan eimmt ihn unterm Arm
867 2894 3303 3229 und führt ihn zum Fenster. Er öffnet
902 3086 3309 3421 es. Herrlicher Abend. Auf der Vä¬
870 3297 3447 3652 chere drüber liegt silberner Mond¬
