3688 4184
799 621 3289 976 Divan hin. Florestanhält ihr zurück¬
805 843 3276 1182 Fred kommt auf eine Idee. Er picht
802 1093 3169 1372 Spielkarten aus seiner Tasche, zeigt
805 1274 3299 1546 sie dem Florestan mit einer pfiffi¬
814 1451 3302 1768 gen Geborte und fortret ihn zu ein
830 1648 3245 1927 nem Spielchen auf. Florestan zögert
846 1882 3299 2167 zuerst; dann gibt er nach. Sie brin¬
837 2047 3292 2377 gen den Tisch und zwei Stühle in die
865 2269 3359 2557 Mitte des Zimmers, setzen sich nieder
833 2434 3378 2731 einander gegenüber und beginnen
843 2678 3356 2947 zu spielen. Florestan verliert, nimmt
843 2836 3267 3156 ärgerlich Mörpern aus seiner Tasche
856 3026 3330 3311 und wirft sie der Fred hin. Fred lä¬
865 3216 3372 3559 chelt.- Neues Spiel. - Florestan ver¬
