3832 4104
820 418 3479 803 sie dem Fred reicht, steigt Kampf dar¬
803 696 3275 1014 aus hervor und fast alle im Zimmer
806 870 3489 1177 befindlichen Personen fangen an zu schwan¬
809 1070 3325 1348 kre. Fred ist niedergestürpt. Der
816 1261 3422 1562 Diener verpackt auch die dritte Flasche
820 1442 2656 1753 und geht wieder per Thür.
1392 1632 3419 1990 Der Doctor erhebt sich: Ich kann
843 1816 1492 2147 richts thun.
1335 2014 3422 2368 Fred und Annette falten flehend
783 2178 1532 2512 die Hände.
1318 2365 3455 2730 Der Doctor bedauert sehr: Hier ist
813 2622 2305 2924 meine Kust zu Ende.
1338 2813 3472 3114 Annette ist fasungslos. Sie stürzt
873 3014 3422 3332 vor Pierrot hin und umschliegt seiner
833 3218 3422 3572 Kopf, hebt ihr zu sich empor und küsst
