3720 4168
3343 133 3463 328 19
845 556 3418 874 ja; dieses Gift erlöst das! Sie schliegt
864 750 3440 1075 einer Arm um der Hals Pierrot's und so
858 897 3440 1303 gehen sie zu dem Vivae lieks; dort las¬
874 1183 2934 1481 see sie sich nieder. Sie küßt ihn.
1335 1309 3405 1654 Pierrot erhebt sich plötzlich: Au hast
890 1569 3418 1891 eigentlich recht. Er nimmt ihr das Fläsch¬
887 1754 3395 2082 ch se aus der Hand und Küßt es; dann
884 1927 3440 2274 gibt er es ihr zurück und eilt zu dem
893 2151 3320 2485 Schrank. Pierrete sieht ihm mit großen
880 2316 3492 2638 Aigen nach. Pierrot bringt die Cognac¬
884 2534 3184 2846 flasche und Gläser aus dem Schrank,
939 2713 3275 3028 wie Pierrette das sicht, eilt sie ihm
910 2934 3369 3200 nach. Sie nimmt Backwrak und Obst
939 3093 3434 3431 aus dem Schrank und Beide bringen
923 3314 3379 3626 all’ dies auf den Tisch in der Mite
