3800 4152
3306 131 3400 302 44
785 510 1638 782 eilt weg.
1799 631 2722 977 3. Auftritt.
1242 822 3457 1158 Die Voriger ohne Fred. Die Mäd¬
789 1148 3494 1396 chen schon zur Fenster hinaus und wirkre
829 1245 3467 1554 dem eilenden Fred zu: Nur schnell, nur
802 1440 3457 1779 schnell! Florestan tritt zu ihren Florestan¬
826 1658 3504 1940 zu Babete: Was würdest Du thun, wenn
842 1896 1869 2175 ich todt wäre?
1316 1987 3501 2349 Die Mädchen sehen zum Fenster hie¬
846 2276 3373 2544 aus; Fred erscheint sehr rasch wieder
836 2403 3323 2695 sie wirken ihn wieder vom fenster
849 2648 3444 2920 aus zu Annette eilt zur Thüre, ver¬
839 2806 3289 3128 schwindet im Stiegenhaus. Auch die
856 3024 3064 3343 Anderer nähere sich der Thüre
