3736 4168
872 449 3385 853 den Hintergrund des Zimmers. Er steh¬
885 723 3356 1081 lacheter auf und geht auf sie pr. Er
830 924 3375 1162 eimmt sie bei der Hand und geleitet
872 1097 3369 1442 sie wieder zum Tisch. Vort setzt er
876 1315 3379 1621 sich nieder und zieht sie auf seine
879 1536 3258 1829 Schapp. Sie schlingt die Arme um ihn,
915 1670 3522 1963 sie bleibte eine Weile in beinstieger
902 1898 3434 2236 Urarmung. Endlich macht er sich los vor
915 2165 1198 2422 ihr.
1396 2236 3398 2620 Pierrot: Es ist Zeit. Er reicht ihr
905 2493 3434 2770 das Glas. Sie einmit es zitternd und
921 2698 3395 2956 stellt, es wieder weg. Pieriot sieht
947 2887 3418 3203 sie verächtlich an So geh! Sie schaut
931 3082 3551 3411 vor sich hie Commödie in! Er nimmt
928 3265 3421 3616 sie bei der Hand, sie folgt ihm wie
