3784 4120
3247 88 3375 291 40.
1514 405 2700 757 1. Erster Auftritt.
1304 622 3284 912 Pieriot liegt leblos an Boden.
851 757 3453 1149 Einige Stunden vollkommene Stille.
868 1017 3453 1341 Dann Lärm auf der Strappe, Schritte die
848 1237 3571 1520 sich nähern, Schritte auf der Treppe, immer
848 1416 3490 1740 näher. Endlich wird laut an die Thüre
892 1649 3527 1943 geklopft, einige mal, immer rascher,
885 1794 3386 2142 immer lauter. Ferlich wird die Thür
895 2007 2757 2304 von außer aufgedrükt.
1868 2206 2679 2497 2. Auftrit.
1328 2389 3541 2713 Er erschriere Frid, Florestan, Ala¬
899 2605 3483 2879 mette, Babette, Annette. Fred stellt sich
882 2784 3473 3115 bei der Thüre in Positär, will keines
878 2987 3517 3301 der Mädchen hereinlassen, bevor sie ihm
919 3179 3554 3531 einen Kuß gegeben hat. Endlich hopfen
