2791 3607
2498 561 2597 709 mais
2416 679 2610 796 gasse.
1084 801 1316 924 verbinden
2365 862 2600 941 P.S.H.
2212 916 2597 980 G.C.H.F.S.
911 880 1842 1010 und Olga alles Liebe von Ihrem Hug
1972 941 2607 1105 Redaun Ostersonntag 19
957 962 1763 1094 Schwarzkopf - in der Wohnung.
1472 1043 1577 1084 votre très-diteur.
1768 1054 2487 1186 denn immer?
799 1069 1732 1197 Chur, Grüss Sie Gott, wie gehts Ihn
2237 1107 2493 1171 -   ̃
712 1156 2493 1271 von seit 3 Wochen krank, muss jetzt liegen wegen einer Rippenfell-
587 1235 2579 1357 . Sie waren ja auch diesen Winter einmal recht krank und ich hab es
480 1299 2531 1470 nicht gewuset x Ich bitte Sie Arthur, wegen dieser Antorenorganisation
676 1444 2362 1541 In alter Libbe Ihr Tage xxx.
475 1454 648 1554 etc.
1531 1526 2493 1646 früher oft zusammen. Im Bett
495 1521 1413 1653 Alles Gute an Olga. Wie schön war
628 1617 2426 1732 geniesse ich manches freundliche in der Erinnerung xxx
2362 1643 2475 1717 G.C.F.P.
1804 1686 1896 1735 G.C.F.P.
1232 1699 1345 1760 G.H.F.P
1878 1699 2493 1827 R. 8/XII 19
1291 1717 1885 1822 e Sie, die bis vor kur
799 1702 1253 1809 schen Augenblick,
1658 1768 1776 1811 G.C.H.P.
1804 1773 1921 1806 - ̃
559 1806 2391 1919 lieber Arthur, ich dank Ihnen schön für Ihren Brief, den Sie mir nach
584 1901 2500 2005 geschrieben haben. Ich bin nun zurück und wünsche mir, wie herzlich,
648 1977 2587 2102 chen. Aber ich bin selten in der Stadt. Gert und die Kinder weit öfter.
699 2082 2444 2186 mir hier ein ganz kleines Zimmer bei Rodauner Leuten gemietet, das
745 2171 2069 2288 zerträglich heizen lässt, und so bleibt ich so ver-
786 2248 1865 2383 ne leidliche Productivität im Fluss zu
727 2347 1714 2475 gefangenen Dingen, Plänen und Scenari Wien in
1500 2434 1694 2561 Ihrem
829 2436 1388 2549 e alles weiter kommt
1110 2536 1253 2630 tröhlt.
829 2536 1092 2643 reizend
911 2620 1128 2730 te mich.
799 2641 888 2720 me.
