2736 3594
2219 208 2304 288 3
365 393 2250 581 cotten in Dublin) von denen spricht sie so gifig gut, wie aus einem
360 453 2389 681 ressentiment heraus, sie muss doch etwas unangenehmes erlebt haben) oder
375 586 2252 761 von Henry Irving oder von Sir Laurence Oliphant, dem grossen medium.
378 674 2368 846 Ihre Tochter wäre mir antürlich lieber, aber die ist in Ceylon. Ich lese
381 756 2386 954 Homer, Maupassant, das Linzer Volksblatt, Eichendorff und alte touchante
378 828 2448 1018 histoire de petite Jecousse, die manchmal so schön ist quelle donne presque
386 949 2414 1121 envie de pleurer, trotz boulange, Mysti-, Stoi - und Katholi-cismus. Ich
383 1041 2412 1224 habe gar keine eigenen Empfindungen, citiere fortwährend in Gedanken mich
393 1149 2414 1301 selbst oder andere, habe auch die dumme letzte Soene von "Gestern" noch
393 1224 2396 1412 immer nicht fertig gebracht, dafür aber von Goldmann, der immer auf der
406 1262 2448 1473 Eisenbahn zu sein scheint eine, soweit man sie lesen kann, sehr herzliche
404 1409 2409 1597 Karte bekommen. Jetzt muss ich packen (ganz origineller Zukluss Abgang)
419 1486 2463 1664 schreiben Sie mir, mein verehrter Freund, bitte bald und geben Sie Ihr Pro-
2096 1604 2276 1697 Loris
414 1628 1916 1769 ject mich irgendwo zu besuchen, nicht auf. Herzlichst
1967 1764 2234 1880 12/8 91
419 1838 620 1954 5
427 1867 2435 2036 Infolge Festvorbereitungen für Kaiserbesuch ganz Comite, kurz blöd, mache
429 1977 2376 2129 ich Ihnen folgende Vorschläge: da Strobl Paradies, Ischl Schweinestall
435 2049 2427 2229 so erwarte ich Sie und Hoffmann an einem der beiden Tage bestimmtestens.
437 2150 2337 2312 Wenn das unmöglich, bestimmen Sie mir ein Ischler rendezivus. Sehen
1273 2265 1561 2376 Loris
435 2296 867 2409 müssen wir uns
435 2399 543 2517 $
445 2376 2422 2602 7. Dass Sie mich überhaupt noch grüssen lassen ist wirklich hübsch von
445 2520 2486 2700 Ihnen. Der Anfang von "Reichthum" scheint mir mit seiner Märchenstimmung
442 2605 2363 2767 und seinen unwahrscheinlichen Aristokratennamen etwas phantastisches,
455 2718 2497 2857 arnimeskes zu versprechen. Dann wäre es mir doppelt sympathisch. Aber - es
455 2772 2479 2942 wird doch nicht vielleicht eine sociale Hovelle werden wollen? Ich hoffe
450 2882 2414 3057 Sie und Hoffmann werden mir über die ersten 8 Tage Wien hinweghelfen;
460 2954 2489 3183 Vorläufig kann ich mir das Auf hören oder das Ertragen des Aufhörens nicht
1743 3109 1923 3214 Loris
1162 3111 1486 3258 Herzlichst
463 3142 805 3271 vorstellen.
2016 3111 2116 3242 in
2134 3119 2432 3245 Cegelboot
