2705 3608
2223 304 2393 428 48
1338 302 1428 444 1
2037 408 2179 515 7/VI
1513 400 1705 537 A.M.F.
337 414 452 559 183
337 513 2390 641 Mein lieber Arthur, es ist so lieb von Ihnen, dass Sie schon damals daran
343 589 2418 710 gedacht haben, mir etwas Schönes zu schenken; ich freue mich sehr damit und
340 688 2451 809 freue mich darauf die schöne Truhe irgendwo im Haus aufzustellen. Es ist mir
343 800 2390 896 eine Art Schmerz, dass ich im Beginn eines Sommers nicht die Aussicht habe,
348 863 2473 1017 Sie irgendwo zu sehen, hoffentlich wird es im Herbst sein. Schreiben Sie nicht
337 962 2311 1102 zu selten, ich meine antworten Sie nicht nach zu grossen Zwischenräumen.
1094 1058 2092 1187 Gott behüte Sie Von Herzen Ihr Hugo
2103 1118 2459 1250 6/IX Rodaun
1053 1201 1138 1266 P.S.
2264 1225 2349 1302 01
343 1209 461 1321 184
343 1294 2522 1409 Mein lieber Arthur, es tut mir sehr leid, dass Sie schon so viele Tage in Wien
348 1395 2404 1494 sind und nicht zu mir kommen. Ich freue mich so sehr auf Sie. In den ganzen
343 1469 2423 1615 Jahren war ich, glaub ich, noch nie so lange Zeit ganz ohne Sie und Richard
740 1582 1450 1680 Auf Wiedersehen Ihr Hugo
340 1593 614 1686 zu sehen.
345 1650 1362 1754 Ich gehe circa 18 ten an den Gardasee
340 1752 1127 1859 185, 186, 187, 189, - Karten
2179 1828 2286 1960 901
334 1859 458 1955 190
337 1941 2336 2067 Lieber, falls Sie dem kranken Schriftsteller Hans Wagner keines von Ihren
343 2023 2308 2157 Büchern geschickt haben, so tun Sie es bitte doch noch ; er hat mir einen
348 2135 2314 2245 so merkwürdigen ergreifenden Dankbrief geschrieben, Geld will er absolut
337 2215 2451 2330 nicht, aber die Freude, die er über Bücher hat ist sehr rührend und man kann
343 2305 2390 2421 sich seinen Zustand ganz gut vorstellen. Er ist gewiss ein Dichter d.h. ein
334 2396 2448 2530 Mensch mit einem Fieber der Plantasie, sowie "mein Freund Y" Wahrscheinlich
337 2500 2231 2604 ist natürlich das was er schreibt gar nichts werth. Auf Wiedersehen
2297 2519 2467 2634 5,8.
1151 2574 1689 2675 Von Herzen Ihr Hugo
2286 2626 2464 2700 G.C.F.P
1738 2610 2149 2714 Hendwie durch Be
343 2654 2547 2774 An die Frau Bertha Garlan hab ich mich gleich beim Aufwachen mit Freude erinnert
1508 2747 1637 2810 dun et
1878 2777 2031 2892 Feber
2248 2769 2393 2898 1902
340 2777 447 2903 191
1121 2845 1223 2922 mit
337 2851 2404 3037 Lieber Arthur, es wäre schön wenn man zusammen spazieren gehen könnte! Wir
343 2988 2344 3136 waren heute über Liechtenstein bei Ihnen, leider vergeblich. Es würde
334 3084 2286 3240 mir eine grosse Freude machen, wenn Sie Sonntag gegen ½ 7 zu mir kommen
