2629 3695
2213 321 2301 422 70
310 392 2386 570 kommen dürfen. Die Gedichte von Unterstein gefallen mir sehr gut. Was würde
315 529 1585 631 ihm wünschenswert sein, dass man dafür thäte?
313 620 2383 738 Ich sage mir manchmal, dass vermutlich die Anfänge dieser Erkrankung meiner
313 697 2424 831 Nerven weit zurück liegen und dass meine Verstörtheit über gewisse Dinge wie
321 787 2419 905 Ihrem Roman (menschliche viel mehr als künstlerische, aber nicht im Bereich
315 897 1917 998 des Judenproblems) vielleicht schon nichts normales war.
1001 968 2361 1130 Auf Wiedersehen mein lieber Arthur Ihr alter Gugo
1654 1037 2183 1168 Rodaun 19/III 909
321 1092 433 1204 299
321 1100 2293 1297 Lieber, bitte erwähnen Sie das folgende gegen niemand am wenigsten gegan
335 1251 2419 1363 Wassermanns, am wenigsten gegen Trebitsch, am Wenigsten Gegen Sil Vara, also
321 1316 2331 1462 gut. Nämlich: bitte kommen Sie zur Generalprobe von unserer wohltönenden
2038 1421 2493 1539 Ihr lieber Hugo
329 1415 1906 1602 herzigen Elektra d.h. am Montag um ½ 11 pünktlich etc etc
1901 1497 2156 1618 1/IV 09
337 1558 431 1656 300
326 1566 2529 1755 Mein lieber Arthur, ich danke Ihnen sehr für Ihre guten Worte über Elektra. Dies
335 1722 2452 1824 ist die reinste Freude von einem Menschen, den man so gern hat. Ich habe Ihre
359 1785 483 1848 Sturk
573 1788 708 1843 G.C.F.P.
858 1788 952 1840 G.F.P.
335 1816 2353 1928 Arbeiten immer gern gehabt, aber erst in den letzten 3 - 4 Jahren ist mir
1009 1876 1097 1931 G.H.F.P.
1141 1876 1237 1944 G.H.F.P.
340 1887 2372 2029 eigentlich der Knopf für ihren ganzen Wert aufgegangen und seitdem hab ich
329 1955 1986 2123 mir angewöhnt sie mit so grosser Freude wiederholt zu lesen.
329 2057 2375 2213 Es ist mir sehr hart, Sie so gar selten zu sehen. Nie habe ich eine Stunde
329 2180 2452 2285 mit Ihnen verbracht, die nicht von einem ganz bestimmten positiven Wohlgefühl
337 2287 2427 2383 mehr noch des Gemütes al des Geistes begleitet gewesen wäre. Ich denke daran
332 2323 2507 2446 wenn Sie Ende Mai nach Tirol fahren um Wohnung zu suchen mitzufahren, auch ohne
332 2457 2197 2556 diesen Zweck - es ist nun bald zwanzig Jahre dass wir uns kennen. -
329 2512 2474 2688 Die Gedichte von Winterstein haben mir zum Theil sehr gut gefallen. Ohne allen
332 2625 2331 2745 Zweifel habe ich damals (vor Monaten) an Sie zurückgeschickt, denn ich
332 2729 2479 2849 bin in diesem Punkt sehr genau und an dem einzigen Platz wo sie liegen könnten
332 2800 2460 2948 liegen sie nicht mehr. Es schien mir eine feine aber schwache Persönlichkeit
329 2891 2460 3030 sich zu äussern. Betreffs Elektra, so habe ich Fischer nicht ohne Mühe veran-
329 3033 2507 3129 lasst seine Verlagsrechte an Fürstner abzutreten. Hiefür bezahle ich an Fischer
943 3083 1434 3143 Ich freue mich xxx
343 3080 2370 3214 die Hlfte der von Fürstner mir zufliessenden 25% d.h. von 10000 Exemplaren
329 3173 411 3239 cet
1020 3181 1363 3255 mir denken.
1593 3173 1840 3258 es sich
340 3231 1854 3354 bekommen ich 1250 Mark, Fischer das gleiche. Ihr Hugo
