2701 3592
2220 338 2326 459 22
281 480 645 625 Fortsetz. 82
725 519 2390 676 Ich denke es muss Ihnen eher hübsch vorkommen, dass es einige
284 594 560 710 zu sagen.
287 645 2186 787 Menschen giebt, die das absoluten Wertes Ihrer Arbeiten innerlich so
297 728 2256 885 versichert sins, dass ihnen der äusserliche Erfolg dann ziemlich gleich-
857 805 2217 958 Dass das Telegramm nicht von mir war, werden Sie
299 872 627 986 giltig ist.
305 909 2287 1074 sich wohl später selbst gedacht haben, ich freue mich sehr darauf Sie zu
1378 1025 1520 1125 Hugo
839 1035 1247 1149 Von Herzen Ihr
302 1058 488 1174 sehen.
307 1123 1456 1265 63, 84 (“ Den Erben lass verschwenden
1861 1164 2091 1296 16/1 97
302 1236 392 1350 85
305 1278 2264 1448 Mein lieber Arthur, ich sehe Sie glaub ich, weder heute im Cafer, noch
305 1342 2372 1528 morgen bei E und möchte Ihnen doch sagen, dass die "Frau des Weisen" eine
317 1422 2328 1613 sehr schöne Novelle ist. Ich war von der Führung des Schlusses überrascht
323 1541 2401 1711 wie von einer völlig unerwarteten und doch innerlich einfachen naheliegenden
315 1634 2354 1807 Lösung einer Rechnungsaufgabe, das was man in der Mathematik eine " schöne
317 1719 2328 1895 Lösung nennt. Auch ist alles Äusserliche das die Fortsetzung der Handlung
333 1825 2266 1988 unterstützt, wunderschön, sparsam und durchsichtig. Man sieht die Land-
325 1926 2349 2080 schaft nicht, man glaubt sich in ihr zu bewegen und fühlt unmittelbar ihre
328 1926 413 1988 P.P.
336 2055 1567 2163 Wirkung auf's Gemüth der handelnden Personen.
1897 2039 2065 2130 varen
336 2106 2308 2266 Ich bin schläfrig und kann mich nicht gut ausdrücken. Sie xxx übrigens
338 2228 1895 2359 in den letzten Tagen besonders lieb und nett gegen mich.
1304 2300 1846 2429 Herzlichst Ihr Hugo
1957 2297 2186 2452 9/2 97
341 2375 426 2499 86
336 2406 2302 2633 Lieber Arthur, wolen Sie mir bitte einen grossen Gefallen thun? tele-
343 2537 2367 2674 phonieren Sie zwischen 2 - 4 der Minnie 12140 und fragen Sie irgend etwas
351 2651 2354 2759 gleichgiltiges z.B. Sie hatten gehört dass Sonntag die zweite Vorstellung
346 2713 2401 2852 sein soll, ob es wahr ist? und wenn Sie mit ihr selbst sprechen können und
351 2803 2284 2937 es unauffällig xxx sich anknüpfen lässt (von dem hereinfahren Freitag
351 2925 2380 3054 abends) fragen Sie sie, wie es ihr geht und schreiben mir das pneumatisch
338 3030 2354 3159 bitte! Wenn Sie aber nur für möglich halten, dass es auffallen oder dass
348 3105 2099 3263 man den Zusammenhang errathen könnte, so ist es natürlich besser
