2483 3497
1186 724 1331 846 -5-
601 842 1985 975 zen oder in einzelnen Teilen an Andere zu übertra-
596 938 1932 1063 gen oder Lizenzen zu ihrer Ausübung zu erteilen.
802 1026 1933 1161 Für diejenigen Länder, hinsichtlich deren
608 1112 1926 1248 ein gesetzlicher Urheberrechtsschutz an Schrift-
597 1220 1992 1327 werken nicht besteht, sowie für diejenigen Sprachen
597 1317 1999 1406 hinsichtlich deren das Uebersetzungsrecht frei ist,
606 1385 2015 1516 überträgt H. an Str. ebenfalls alle im Urheberrecht
601 1491 1949 1613 liegenden Rechte, insb. das Recht der Aufführung,
608 1602 1921 1681 der Vervielfältigung und des Vertriebes, ohne je-
610 1674 1914 1768 doch für die Ausschliesslichkeit dieser Rehhte
606 1752 1948 1865 gegenüber dritten Personen eine Gewähr zu über-
608 1842 1941 1962 nehmen. Er verpflichtet sich aber, für diese unge-
608 1953 1904 2044 schützten Länder und Sprachen niemandem ausser
596 2029 2016 2148 Herrn Dr.Str ein Aufführungsrecht oder die Verviel-
606 2120 2022 2258 faltigung und den Vertrieb des Textes zu übertragen
613 2235 1117 2346 oder zu gestatten.
1117 2311 1260 2393 § 4.
906 2321 1054 2408 seroit
862 2371 1999 2492 Für die in § 1-3 ihm übertragenen Rechte
664 2475 1740 2605 hat Herr Dr.Str. an Herrn H. zu zahlen:
