2483 3497
1111 743 1215 863 -4-
1153 825 1528 970 xxxheilen an xxx
709 856 1109 961 zu übertragen.
1837 942 1950 1014 G.H.F.P.
1281 946 1562 1041 ger Ausübung
942 936 1257 1051 § 3.
895 1011 2013 1157 Die Uebertragung der in § 1 bezeichneten
713 1128 1975 1216 Rechte an Str. erfolgt - abgesehen von der Be-
704 1198 1997 1320 stimmung in §2 - ohne jede Einschränkung, insbe-
716 1301 2028 1407 sondere hinsichtlich der Zahl der Auflagen; sie
715 1387 2021 1497 erfolgt für die ganze Dauer des gesetzlichen Ur-
706 1487 1973 1597 heberrechtes in den einzelnen Ländern und ein-
706 1570 1990 1684 schliesslich aller Urheber,-Vervielfältigungs,-
706 1650 1893 1764 und Vertriebsrechte, welche in Zukunft durch
704 1740 2069 1871 Staatsverträge oder durch Veränderung der inneren
716 1827 2050 1924 Gesetztgebung der Länder, insb. hinsichtlich Aus-
709 1931 1979 2053 dehnung des Schutzes auf bisher freie Verviel-
709 2014 1992 2152 fältigungs - oder Aufführungsarten oder auf zur
692 2106 1977 2251 Zeit nicht Schutz gewährende Länder oder hin-
704 2215 1953 2307 sichtlich Verlängerung der Schutzfristen den
706 2309 1725 2421 Urhebern noch gewährt werden sollten.
936 2389 1956 2492 Str. ist befugt die in § 1 unter der
762 2474 1989 2601 Nr. 2-5 ihm übertragenen Rechte sowohl im Gan-
