<?xml version="1.0" encoding="UTF-8" standalone="yes"?>
<PcGts xmlns="http://schema.primaresearch.org/PAGE/gts/pagecontent/2013-07-15" xmlns:xsi="http://www.w3.org/2001/XMLSchema-instance" xsi:schemaLocation="http://schema.primaresearch.org/PAGE/gts/pagecontent/2013-07-15 http://schema.primaresearch.org/PAGE/gts/pagecontent/2013-07-15/pagecontent.xsd">
    <Metadata>
        <Creator>prov=READ-COOP:name=TrHtr:version=2.1.0:model_id=51170:date=25_07_2023_07:01</Creator>
        <Created>2023-05-01T21:59:00.413+02:00</Created>
        <LastChange>2023-07-25T07:01:29.852+02:00</LastChange>
        <TranskribusMetadata docId="1416440" pageId="54947008" pageNr="108" tsid="130587054" status="IN_PROGRESS" userId="64420" imgUrl="https://files.transkribus.eu/Get?id=XHCMNBZAMZUBPTDIWITCCJWG&amp;fileType=view" xmlUrl="https://files.transkribus.eu/Get?id=ANOHCBRXJBTYQBOPPBLBFGBP" imageId="44451093"/>
    </Metadata>
    <Page imageFilename="1416440_0108.jpg" imageWidth="2483" imageHeight="3497">
        <ReadingOrder>
            <OrderedGroup id="ro_1711831090632" caption="Regions reading order">
                <RegionRefIndexed index="0" regionRef="tr_1"/>
                <RegionRefIndexed index="1" regionRef="tr_2"/>
            </OrderedGroup>
        </ReadingOrder>
        <TextRegion id="tr_1" custom="readingOrder {index:0;}">
            <Coords points="728,812 2151,812 2151,1830 728,1830"/>
            <TextLine id="tr_1_tl_1" custom="readingOrder {index:0;}">
                <Coords points="740,890 1917,915 1905,821 1812,813 1768,849 1623,799 1467,835 740,796"/>
                <Baseline points="751,862 796,862 841,865 886,868 930,868 975,868 1020,871 1065,868 1109,871 1154,871 1199,868 1244,871 1288,871 1333,871 1378,871 1423,871 1468,871 1512,874 1557,871 1602,874 1647,871 1691,871 1736,874 1781,874 1826,874 1870,874 1915,877 1921,880"/>
                <TextEquiv>
                    <Unicode>Vertrag Hofmannsthal-Strauss 28.Feber 1916.</Unicode>
                </TextEquiv>
            </TextLine>
            <TextLine id="tr_1_tl_2" custom="readingOrder {index:1;}">
                <Coords points="730,1025 2113,1022 2081,952 730,936"/>
                <Baseline points="739,996 784,996 829,996 874,999 919,999 963,999 1008,1002 1053,1002 1098,1005 1142,1002 1187,1005 1232,1005 1277,1002 1321,1005 1366,1005 1411,1005 1456,1005 1500,1005 1545,1005 1590,1005 1635,1008 1679,1008 1724,1005 1769,1008 1814,1008 1858,1008 1903,1008 1948,1008 1993,1008 2037,1008 2082,1008 2118,1017"/>
                <TextEquiv>
                    <Unicode>H. überträgt Str. das vollständige und ausschliess</Unicode>
                </TextEquiv>
            </TextLine>
            <TextLine id="tr_1_tl_3" custom="readingOrder {index:2;}">
                <Coords points="732,1107 2083,1116 2081,1073 1853,1038 730,1024"/>
                <Baseline points="742,1092 787,1089 832,1089 877,1092 921,1089 966,1092 1011,1092 1056,1092 1101,1092 1145,1095 1190,1095 1235,1095 1280,1095 1324,1095 1369,1098 1414,1098 1459,1098 1503,1098 1548,1098 1593,1098 1638,1101 1682,1101 1727,1101 1772,1101 1817,1101 1861,1104 1906,1104 1951,1104 1996,1104 2040,1101 2085,1109"/>
                <TextEquiv>
                    <Unicode>liche Urheberrecht an der Dichtung "Die Frau ohne</Unicode>
                </TextEquiv>
            </TextLine>
            <TextLine id="tr_1_tl_4" custom="readingOrder {index:3;}">
                <Coords points="732,1194 2020,1223 2019,1164 1962,1139 1693,1111 1369,1134 968,1098 885,1150 730,1139"/>
                <Baseline points="739,1178 784,1181 829,1181 874,1181 919,1184 963,1187 1008,1187 1053,1187 1098,1187 1142,1187 1187,1187 1232,1190 1277,1190 1321,1190 1366,1190 1411,1190 1456,1193 1500,1193 1545,1193 1590,1193 1635,1193 1679,1193 1724,1193 1769,1196 1814,1196 1858,1196 1903,1196 1948,1199 1993,1202 2023,1202"/>
                <TextEquiv>
                    <Unicode>Schatten" und alle hierin inbegriffenen Rechte,</Unicode>
                </TextEquiv>
            </TextLine>
            <TextLine id="tr_1_tl_5" custom="readingOrder {index:4;}">
                <Coords points="726,1276 2095,1307 2056,1209 1178,1194 1077,1255 724,1244"/>
                <Baseline points="736,1271 781,1271 826,1271 871,1271 916,1271 960,1274 1005,1274 1050,1274 1095,1274 1139,1277 1184,1277 1229,1277 1274,1277 1318,1280 1363,1280 1408,1280 1453,1280 1497,1283 1542,1283 1587,1283 1632,1283 1676,1283 1721,1286 1766,1286 1811,1286 1855,1286 1900,1286 1945,1286 1990,1286 2034,1286 2079,1286 2100,1283"/>
                <TextEquiv>
                    <Unicode>insbesondere das ausschliessliche und unbeschränk-</Unicode>
                </TextEquiv>
            </TextLine>
            <TextLine id="tr_1_tl_6" custom="readingOrder {index:5;}">
                <Coords points="732,1376 756,1380 765,1371 778,1380 808,1363 838,1383 879,1367 917,1372 942,1387 974,1380 972,1287 947,1294 927,1282 894,1292 863,1278 835,1294 805,1282 730,1285"/>
                <Baseline points="742,1360 787,1357 832,1360 877,1360 921,1360 966,1360 978,1360"/>
                <TextEquiv>
                    <Unicode>re Recht</Unicode>
                </TextEquiv>
            </TextLine>
            <TextLine id="tr_1_tl_7" custom="readingOrder {index:6;}">
                <Coords points="719,1477 2147,1472 2145,1401 2092,1383 1732,1428 717,1360"/>
                <Baseline points="728,1447 772,1450 817,1450 862,1450 907,1450 951,1450 996,1450 1041,1453 1086,1453 1130,1453 1175,1456 1220,1456 1265,1456 1309,1456 1354,1456 1399,1459 1444,1456 1488,1459 1533,1459 1578,1462 1623,1462 1667,1462 1712,1462 1757,1462 1802,1462 1846,1462 1891,1462 1936,1462 1981,1465 2025,1465 2070,1465 2115,1465 2151,1468"/>
                <TextEquiv>
                    <Unicode>1. Diese Dichtung zu komponieren, d.h. als Text einer</Unicode>
                </TextEquiv>
            </TextLine>
            <TextLine id="tr_1_tl_8" custom="readingOrder {index:7;}">
                <Coords points="739,1552 1525,1558 1525,1476 1018,1472 965,1451 829,1508 739,1481"/>
                <Baseline points="748,1542 793,1536 838,1539 883,1539 927,1542 972,1539 1017,1539 1062,1539 1106,1542 1151,1542 1196,1545 1241,1545 1286,1545 1330,1545 1375,1545 1420,1545 1465,1545 1509,1548 1530,1548"/>
                <TextEquiv>
                    <Unicode>pernkomposition zu benützen.</Unicode>
                </TextEquiv>
            </TextLine>
            <TextLine id="tr_1_tl_9" custom="readingOrder {index:8;}">
                <Coords points="721,1634 1979,1645 2115,1680 2113,1609 1910,1561 872,1543 721,1591"/>
                <Baseline points="731,1626 775,1626 820,1626 865,1629 910,1626 954,1629 999,1629 1044,1629 1089,1629 1133,1629 1178,1632 1223,1635 1268,1632 1312,1632 1357,1635 1402,1635 1447,1632 1491,1635 1536,1638 1581,1638 1626,1638 1670,1638 1715,1641 1760,1641 1805,1641 1849,1641 1894,1641 1939,1641 1984,1641 2028,1641 2073,1641 2118,1644 2121,1641"/>
                <TextEquiv>
                    <Unicode>2. Diese Dichtung oder Teile derselben allein oder</Unicode>
                </TextEquiv>
            </TextLine>
            <TextLine id="tr_1_tl_10" custom="readingOrder {index:9;}">
                <Coords points="721,1730 2095,1746 2093,1677 1972,1650 1061,1636 721,1677"/>
                <Baseline points="731,1715 775,1712 820,1715 865,1715 910,1715 954,1715 999,1718 1044,1721 1089,1721 1133,1718 1178,1721 1223,1721 1268,1721 1312,1721 1357,1721 1402,1721 1447,1721 1491,1724 1536,1724 1581,1724 1626,1724 1670,1727 1715,1727 1760,1727 1805,1727 1849,1730 1894,1730 1939,1730 1984,1730 2028,1727 2073,1730 2100,1733"/>
                <TextEquiv>
                    <Unicode>in Verbindung mit der von Str. dazu zu schafrenden</Unicode>
                </TextEquiv>
            </TextLine>
            <TextLine id="tr_1_tl_11" custom="readingOrder {index:10;}">
                <Coords points="740,1816 1303,1851 1392,1819 1988,1828 1970,1776 1897,1792 1762,1739 740,1732"/>
                <Baseline points="751,1802 796,1805 841,1805 886,1805 930,1808 975,1808 1020,1808 1065,1811 1109,1811 1154,1811 1199,1811 1244,1811 1288,1814 1333,1814 1378,1814 1423,1814 1468,1814 1512,1817 1557,1817 1602,1817 1647,1817 1691,1817 1736,1820 1781,1820 1826,1820 1870,1820 1915,1820 1960,1820 1993,1820"/>
                <TextEquiv>
                    <Unicode>Musik öffentlich aufzuführen oder aufführern zu</Unicode>
                </TextEquiv>
            </TextLine>
        </TextRegion>
        <TextRegion id="tr_2" custom="readingOrder {index:1;}">
            <Coords points="701,1841 2136,1841 2136,2662 701,2662"/>
            <TextLine id="tr_2_tl_1" custom="readingOrder {index:0;}">
                <Coords points="714,1917 728,1921 749,1910 764,1917 790,1915 799,1906 826,1921 844,1921 885,1903 913,1912 924,1906 924,1858 890,1867 856,1865 840,1855 828,1857 792,1833 771,1853 735,1833 710,1839"/>
                <Baseline points="722,1894 766,1891 811,1891 856,1894 901,1897 927,1897"/>
                <TextEquiv>
                    <Unicode>lassen.</Unicode>
                </TextEquiv>
            </TextLine>
            <TextLine id="tr_2_tl_2" custom="readingOrder {index:1;}">
                <Coords points="708,1986 2108,2002 2106,1940 1953,1917 1180,1897 708,1940"/>
                <Baseline points="719,1984 763,1981 808,1981 853,1984 898,1984 942,1984 987,1984 1032,1984 1077,1987 1121,1987 1166,1987 1211,1987 1256,1990 1300,1990 1345,1990 1390,1990 1435,1993 1479,1990 1524,1993 1569,1993 1614,1993 1658,1993 1703,1996 1748,1996 1793,1996 1838,1999 1882,1999 1927,1999 1972,1999 2017,1999 2061,1996 2106,1999 2112,1996"/>
                <TextEquiv>
                    <Unicode>3. Die Dichtung oder Teile derselben sowohl in Ver-</Unicode>
                </TextEquiv>
            </TextLine>
            <TextLine id="tr_2_tl_3" custom="readingOrder {index:2;}">
                <Coords points="712,2093 2134,2109 2132,2029 1857,2004 710,2042"/>
                <Baseline points="722,2073 766,2073 811,2076 856,2076 901,2079 945,2079 990,2079 1035,2079 1080,2079 1124,2079 1169,2082 1214,2082 1259,2082 1303,2082 1348,2082 1393,2085 1438,2085 1482,2085 1527,2085 1572,2085 1617,2088 1661,2088 1706,2088 1751,2088 1796,2091 1840,2088 1885,2091 1930,2091 1975,2094 2020,2094 2064,2091 2109,2091 2136,2091"/>
                <TextEquiv>
                    <Unicode>bindung mit dieser Komposition als auch ohne diesel-</Unicode>
                </TextEquiv>
            </TextLine>
            <TextLine id="tr_2_tl_4" custom="readingOrder {index:3;}">
                <Coords points="708,2209 2056,2207 2056,2124 1994,2115 1780,2157 708,2122"/>
                <Baseline points="719,2169 763,2169 808,2169 853,2172 898,2169 942,2172 987,2172 1032,2172 1077,2172 1121,2175 1166,2175 1211,2178 1256,2178 1300,2178 1345,2178 1390,2178 1435,2178 1479,2178 1524,2178 1569,2181 1614,2181 1658,2181 1703,2181 1748,2184 1793,2187 1838,2187 1882,2187 1927,2190 1972,2187 2017,2187 2061,2190"/>
                <TextEquiv>
                    <Unicode>be zu vervielfältigen und zu vertreiben bezüglich</Unicode>
                </TextEquiv>
            </TextLine>
            <TextLine id="tr_2_tl_5" custom="readingOrder {index:4;}">
                <Coords points="712,2312 1063,2319 1244,2266 1800,2294 1833,2291 1833,2248 710,2216"/>
                <Baseline points="722,2258 766,2258 811,2261 856,2264 901,2264 945,2264 990,2264 1035,2267 1080,2264 1124,2267 1169,2267 1214,2267 1259,2267 1303,2267 1348,2267 1393,2270 1438,2270 1482,2270 1527,2273 1572,2273 1617,2273 1661,2273 1706,2273 1751,2273 1796,2276 1838,2276"/>
                <TextEquiv>
                    <Unicode>verfielfältigen und vertreiben zu lassen.</Unicode>
                </TextEquiv>
            </TextLine>
            <TextLine id="tr_2_tl_6" custom="readingOrder {index:5;}">
                <Coords points="694,2382 1025,2419 1168,2358 2051,2396 2051,2296 1978,2270 1712,2335 694,2303"/>
                <Baseline points="704,2348 748,2351 793,2351 838,2351 883,2351 927,2351 972,2351 1017,2354 1062,2357 1106,2357 1151,2354 1196,2354 1241,2357 1286,2357 1330,2357 1375,2357 1420,2360 1465,2360 1509,2360 1554,2360 1599,2360 1644,2360 1688,2363 1733,2363 1778,2363 1823,2363 1867,2366 1912,2366 1957,2366 2002,2363 2046,2360 2055,2363"/>
                <TextEquiv>
                    <Unicode>4. Die Dichtung oder Teile derselben - sei es al-</Unicode>
                </TextEquiv>
            </TextLine>
            <TextLine id="tr_2_tl_7" custom="readingOrder {index:6;}">
                <Coords points="1185,2401 1210,2401 1214,2405 1223,2405 1228,2401 1237,2408 1241,2405 1253,2410 1264,2408 1264,2362 1244,2360 1232,2369 1210,2362 1205,2364 1196,2358 1185,2358"/>
                <Baseline points="1196,2395 1241,2395 1268,2395"/>
                <TextEquiv>
                    <Unicode>G.C.F.P.</Unicode>
                </TextEquiv>
            </TextLine>
            <TextLine id="tr_2_tl_8" custom="readingOrder {index:7;}">
                <Coords points="694,2481 974,2490 1024,2444 1922,2480 2024,2469 2024,2389 1930,2371 1776,2428 694,2399"/>
                <Baseline points="704,2440 748,2440 793,2440 838,2440 883,2440 927,2443 972,2443 1017,2443 1062,2443 1106,2443 1151,2443 1196,2443 1241,2446 1286,2446 1330,2446 1375,2446 1420,2446 1465,2446 1509,2449 1554,2449 1599,2449 1644,2449 1688,2449 1733,2452 1778,2452 1823,2452 1867,2452 1912,2455 1957,2452 2002,2452 2028,2449"/>
                <TextEquiv>
                    <Unicode>lein, sei es mit Musik - auf mechanische Musikin-</Unicode>
                </TextEquiv>
            </TextLine>
            <TextLine id="tr_2_tl_9" custom="readingOrder {index:8;}">
                <Coords points="1282,2490 1303,2497 1317,2490 1323,2494 1331,2490 1337,2497 1356,2503 1369,2497 1381,2504 1413,2506 1415,2458 1403,2455 1392,2462 1388,2456 1376,2453 1367,2460 1353,2449 1346,2456 1337,2449 1283,2453"/>
                <Baseline points="1291,2485 1327,2485 1372,2482 1417,2482"/>
                <TextEquiv>
                    <Unicode>G.H.F.P</Unicode>
                </TextEquiv>
            </TextLine>
            <TextLine id="tr_2_tl_10" custom="readingOrder {index:9;}">
                <Coords points="691,2533 846,2574 959,2535 1424,2581 2011,2572 2010,2520 1938,2492 691,2499"/>
                <Baseline points="701,2530 745,2527 790,2527 835,2530 880,2530 924,2530 969,2533 1014,2533 1059,2533 1104,2536 1148,2536 1193,2536 1238,2539 1283,2536 1327,2536 1372,2536 1417,2536 1462,2539 1506,2539 1551,2542 1596,2542 1641,2542 1685,2542 1730,2542 1775,2545 1820,2545 1864,2545 1909,2545 1954,2548 1999,2551 2014,2548"/>
                <TextEquiv>
                    <Unicode>strumente jeder Art (Grammophone, Sprechapparste,</Unicode>
                </TextEquiv>
            </TextLine>
            <TextLine id="tr_2_tl_11" custom="readingOrder {index:10;}">
                <Coords points="700,2638 1050,2643 1344,2731 1522,2670 1785,2702 1978,2661 1944,2577 1839,2601 1657,2560 1515,2602 1155,2554 1114,2590 959,2535 831,2583 698,2540"/>
                <Baseline points="710,2628 754,2622 799,2622 844,2625 889,2628 933,2631 978,2631 1023,2631 1068,2634 1112,2634 1157,2631 1202,2634 1247,2637 1291,2637 1336,2637 1381,2634 1426,2634 1471,2637 1515,2640 1560,2640 1605,2643 1650,2643 1694,2643 1739,2646 1784,2646 1829,2649 1873,2649 1918,2649 1963,2649 1981,2652"/>
                <TextEquiv>
                    <Unicode>klavierspiel apparate, Orchestrion u. dergl.) zu</Unicode>
                </TextEquiv>
            </TextLine>
        </TextRegion>
    </Page>
</PcGts>
