2669 3449
754 225 1614 353 fast unhaltbare materielle Situa-
1690 222 1850 331 von der
811 309 1367 434 raus nicht unterhalten
871 407 1413 537 vormittag zu Ihnen
841 502 1470 629 Ich weiss ja dass es Sie
955 594 1459 722 Strauss würde ich
2178 673 2441 773 sichtslos
448 689 1481 814 aber mit Schalk gerne, wenn Sie woll
2053 757 2368 876 n für ihn
293 792 1617 906 ist, da ich den Standpunkt kenne und die anarmen
1807 852 2417 966 die schwere Sorge um
274 865 1636 974 geltend machen kann) nur möchte ich abwarten bis
290 939 2373 1074 seine Frau los ist, die seit Wochen höchst elend darnieder liegt mit einer
279 1058 2409 1175 Gelenksentzündung. Adieu lieber Arthur, von Herzen wie immer Ihr Hugo
1218 1118 2460 1250 In paar Zeilen in Maschin Bad Aussee 14/IX 25
551 1139 1185 1261 die Güte haben wollen
279 1142 561 1267 donneur ai-
279 1207 2425 1348 fleber Arthur, eben kommt ein kleines Buch s eine Erzählung von Ihrer Hand,
274 1299 2458 1438 und ich freue mich riesig darauf, die Abends zu lesen: ein Vorgefühl (genährt
290 1419 2319 1535 durch ein Hineinschauen) sagt mir, dass sie an meinen besonderen Liebling
282 1492 2466 1625 "Leisenbogh "und" Cassian angrenzt.
1847 1560 2010 1619 - - -
2116 1562 2341 1709 mir der
279 1568 2127 1717 Arthur, aber haben Sie in Berlin den "Turm" bekommen? Fast kommt
1842 1660 1977 1725 mehr
279 1693 2284 1809 Gedanken, dass nicht. Und diese Exemplare einer (vorläufige "Luxusausgabe
279 1798 2384 1896 sind wenige, es täte mir leid, wenn eines verloren wäre. Würden Sie eventuell
285 1858 2387 2005 aus Esplanade ein reclamierendes Wort schreiben? Mir liegt viel daran, diese
336 1964 2346 2067 rbeit endlich in Ihren Händen zu wissen! - ich bin in grosser Stille sehr
1950 2024 2335 2129 ellte ich Ihnen
1316 2029 1939 2124 s Buch gelesen habe, xxx
1012 2040 1253 2154 Ihr Hugo
388 2048 854 2159 altend fleissig.
1804 2099 1942 2148 G.C.F.P
2235 2091 2496 2189 Monsieur M. de
1318 2108 1717 2241 ssgen. Aber de
735 2129 993 2222 G.C.F.P.
2249 2173 2425 2211 " "
2056 2091 2262 2251 11 26
2249 2178 2439 2241 dieser
1744 2124 1980 2243 Rodaun
1451 2186 1739 2246 G.C.H.F.P.
496 2224 2436 2344 Dauer Arthur, Lili, das hübsche, Hüte wechselnde schwer wiederzuerkennende
1999 2316 2444 2420 sind, indessen ich
453 2316 1929 2422 Wesen sagt mir, dass Sie schon eine ganze Weile zurück
423 2414 1834 2512 noch in Deutschland glaubte. Sie soll mir nur freundlich
2235 2406 2468 2501 und mich
1939 2411 2064 2493 verz.
1188 2487 1763 2593 Denn ich habe nicht
621 2496 1166 2615 vertraulich anlächelte.
803 2582 1560 2647 an bescheidensten Dimmensionen
643 2593 1665 2734 gedächtnis, sondern etwas viel Sonderbau
537 2683 1587 2778 wir das Erinnerungsbild, sie gestaltet ent-
705 2772 1383 2835 Sie in einer Epoche in der
477 2778 1370 2873 und tritt dann das Original an mit
724 2864 1196 2927 xxxlung sind. In xxx
534 2916 1351 3019 et anzuerkennen. Ich grüsse in
