2791 3607
817 572 1242 673 gerthrieben und ich
561 663 1135 760 menkenk ich so wie Sie
914 660 1297 775 xxx die xxx
418 754 1334 874 in der Erinnerung, und am stärkste
927 806 1357 872 xxx damals keine xxx
384 859 1318 937 chens in Richzrds verhängter und na
731 900 1321 974 eingestellt werden.
392 916 574 981 alors les
2284 906 2391 1005 ganz
2062 911 2153 1013 Sie
368 945 1644 1052 hrtnersxxx gasse - aber auch manche andere.
394 994 1128 1070 Salztisch zieht noch immer
1255 987 2438 1120 in der Wohnung, die Sie vor dieser jetzigen
386 1026 1263 1133 sein- oder mir und Schwarzkopf -
1156 1088 1263 1143 *
480 1088 1101 1159 er, wie achsen ländlich
1339 1067 2438 1227 Freiherrn von Leisenbogh vorlasen, die
1208 1104 1352 1195 des
389 1112 1216 1201 letzt bewohnen - die Geschichte
1206 1164 1349 1232 G.C.F.P.
358 1177 1219 1245 Lzburg und nie bin ich durch den
1130 1193 2372 1321 Wenn ich das Gesellschaftslustspiel fertig
347 1216 1141 1292 h so besonders liebe. -
420 1266 1250 1347 Leopoldskron ohne so herzlich
1360 1263 2472 1394 zu Einzelnen herumbessere, so freue ich
326 1315 1315 1404 habe, an dem ich immer und immer noch
1005 1355 1276 1428 G.C.F.S.
410 1365 1002 1436 letzte xxx das xxx
1362 1357 2459 1488 dann allein oder mit noch ein paar Menschen
313 1404 1323 1503 mich recht sehr, es Ihnen, sei es Ihm
658 1459 1088 1509 und da waren Sie
363 1464 590 1532 peut et les
316 1454 2380 1571 zu lesen. Vielleicht hätte ich die Gesellschaft, die es darstellt, die
431 1545 1036 1616 und sich anzukünden xxx
331 1566 2396 1665 Oesterreichische Arisokrathische ### Gesellschaft, nie mit so viel
365 1636 1112 1699 und Inhaltsvolles Gesicht xxx
334 1639 2427 1749 Liebe in ihrem charme xxx und in Ihrer Qualität darstellen können, als
431 1730 1031 1790 Ihr Gesicht so ver mir
405 1720 2500 1853 dem historischen Augenblick, wo sie, die bis vor kurzem eine Gegebenheit
705 1819 887 1884 G.F.P.
365 1827 632 1897 hier, von
350 1835 2375 1947 a eine Macht war, sich leise und geisterhaft ins Nichts auflöst, wie ein
384 1913 1054 1981 nach - erst in Ferleiten,
1373 1924 2346 2049 Nachrichten ist xxx
373 1931 1383 2059 vergebliebenes Nebelwölkchen am Morgen
389 2004 976 2067 zurückgefunden und nach Ihm
345 2033 2404 2130 Inzwischen ist das Märchen von der Frau ohne Schatten zu Ihnen gewandert und
971 2098 1128 2156 G.C.F.P
603 2098 921 2161 G.C.H.F.S.
378 2119 1441 2216 ffentlich seit langem in Ihren Händen.
1464 2104 1942 2242 xxx seit Ende Juli.
937 2187 1315 2245 Votre MmeUe.
504 2187 924 2260 G.H. So muss xxx
441 2200 2109 2328 habe in fast sieben Jahren unsäglich viel Mühe an dieser klein
438 2276 1060 2336 avität über mich gekannt
423 2305 1597 2419 wandt - hoffentlich merkt man ihr dies nicht
475 2365 1250 2425 re Jahre - nicht gekannt xxx
337 2399 1438 2493 ein bisschen Vergnügen gemacht hat,
585 2461 1295 2524 erwacht, noch andere etwas ge¬
462 2490 1381 2597 Der - wessen Beifall sollte man den
572 2550 1232 2610 dem Sie Beifall geben xxx
504 2589 1323 2688 einen mit denen und durch die man
733 2641 1086 2701 als schltuend haben. xxx
452 2654 1091 2782 Drübergehen möchte ich
