2705 3608
2262 251 2368 351 51
357 334 2597 493 Bewusstsein davon. - - Das ist also vollkommen erledigt und weggeblasen. Aber:
351 443 2471 582 ich habe bis jetzt weder der Gfin Thun, noch Kassner abgesagt. Ich lange also
357 529 2491 683 nochmals an (ein Telephon versuchte ich heute, Sie waren aber nicht in Wien)
359 596 2577 775 b/es Ihnen unbequem wäre Donnerstag 1 Uhr dieses Frühstück zu haben? Jetzt steht
362 716 2502 872 die Sache aber natürlich ganz anders: ich erwarte mir von Ihnen gleichmässig
371 802 2574 958 eine bejahende oder eine verneinende Antwort. Sagen Sie mir ab ohne weitere Moti-
373 894 2608 1025 vierung) so wüsst ich, es ist Ihnen wirklich schwer, einzutheilen, bin natürlich
373 984 2555 1112 weder erstaunt noch im geringsten bös (jetzt ist ja das Formale der Sache nicht
368 1095 883 1223 mehr existierend)
2143 1165 2597 1276 Ostern im Schnee
382 1195 485 1365 195
371 1307 2561 1460 Lieber, ich freue mich, dass es nun doch zusammengeht. Ich werde Donnerstag nach
385 1390 2614 1527 12 Uhr zu Ihnen kommen, so dass wir plaudernd und langsam zusammen hingehen können
376 1505 2432 1649 Karte abzugeben ist ganz überflüssig, da es ja eine ausserhalb aller Formen
379 1583 2516 1708 stehende Zusammenkunft von ein paar Menschen sein soll, und eigentlich ich
379 1661 2243 1842 als der Hausherr zu betrachten bin. Gehen Sie nicht in " Francisie
1569 1769 2098 1906 Von Herzen Ihr Hugo
2293 1811 2566 1973 10/VI 902
382 1819 493 2001 196
382 1917 2563 2067 Lieber Arthur, wenn nächsten Sonntag 15 ten ) schönes Wetter ist, möchte Richard
379 2034 2485 2165 und ich sehr gern um 11 Uhr vormittag auf den Friedhof in Guttenstein bei der
387 2151 2399 2271 Bestattung von Raimund im neuen Grab dabei sein. Mir sagt ein für ge-
393 2249 2209 2366 wöhnlich bei mir nicht so lebhaftes Gefühl, dass ich es thun soll.
1245 2324 2379 2441 Ich möchte dann in Gutenstein mittagessen
387 2329 1156 2460 Wir würden (tete, etc - - - )
390 2421 2466 2552 und den schönen Weg über Vöslau etc nachmittag mit dem Rad zurückmachen. Ich
407 2502 2079 2619 hoffe mit Ihnen. Wenn Sie nichts sagen lassen (etc etc - -)
379 2583 2544 2683 Girca 20 ten hoffe ich wir fahren Salzburg - Lofer - Innsbruck ( Seitenausflug
390 2680 2547 2828 Stubaital ( - Brenner- Toblach (Seitenausflug Ampezzotal) Spital a Drau - Rad
398 2800 1755 2928 stadt - Bischofshofen - Salzburg, circa 12 Tage.
390 2881 1223 3020 197, 198, - Karten, 1R7, 2)0
2140 2909 2555 3068 Ende September
385 2959 488 3062 201
2282 3023 2371 3140 02
379 3084 2374 3257 Lieber bitte schicken Sie den beiliegenden Brief (etc etc.) Ich fahre in
