2695 3547
432 223 1240 365 so wir noch hier si
478 252 712 325 Woche,
779 303 1095 368 die mir hier
1458 328 1606 392 über
325 346 1297 416 Woche fahren wir mit den Friedmanns
1487 381 1595 440 Pr v v
1090 389 1294 454 arken in
333 403 1050 467 sich sehr über den so
330 400 2301 540 Landschaft die ich nicht kenne und mir lange wünsche) dann über den Arbeit in der
1804 454 2113 516 aben es xxx
1396 467 1616 532 Zeiten!
585 491 932 556 überflüssige
317 478 2441 618 nach Tirol hinein und sind ungefähr die ersten 10 Tage des August in Canazei.
408 502 553 558 Sie et
1984 542 2293 604 grosse Freude
419 556 1826 639 am Dienstag um auf Schloss Neubeuern um Inn und macht
322 577 2462 714 Dann sind wir für viele Wochen in Aussee. Kommt doch im September ein bissl.
1517 647 1775 725 Ihr Bage
1713 652 2468 787 Wenn Ihr jemals wieder
338 712 1641 806 dorthin, da ist gewöhnlich eine schöne Zeit.
1965 728 2269 795 R. D. P.
338 754 2419 875 nach Tirol geht, will ich alles tun, um für eine Zeit an den gleichen Ort zu
344 814 2371 918 ein guter Arthur, vielmals danke ich Ihnen für Ihren Brief und Ihre Depesche
623 857 2341 961 Ich habe eine schöne liebe Erinnerung an die Tage in Welsberg und
620 918 2355 1010 xxx, wo wir zwei unvergleichlich wissene Herbstwochenen zuerachten
338 899 634 980 kommen, ich
344 950 631 1020 auch Neubauer
341 969 1509 1058 das ist aber auch schon wieder 4 Jahre her.
1568 969 2320 1082 len für die schönen Stunden
379 1028 1493 1101 Ihre Hilfe in der Besetzungssache und vor
1845 1039 2344 1144 in Wort über meine
338 1066 1777 1146 Vielen Dank für Ihre lieben Zeilen nach der Cristina.
1845 1079 2151 1163 Cette même
362 1117 1777 1195 mir Ihr neues Stück geschenkt hat. Ich glaube diese
341 1122 2497 1240 Arbeit von Ihnen ( auch die Einschränkungen, die ich ganz zu eigen machen kann)
2247 1184 2374 1238 dirente
2084 1192 2207 1251 G.C.F.P
862 1200 2067 1275 beste Arbeit Ihrer xxx guten Arbeiten xxx rexxx
381 1224 873 1289 wirklich die aller
320 1232 2363 1367 das ist so ganz dasselbe was es vor 18 Jahren var und ganz etwas anderes,
1402 1267 2462 1340 so ganz Innen und ist dabei so äusserst
921 1302 1353 1377 Das Stück gehört
392 1321 679 1380 tsperiode.
1353 1332 2347 1428 Wie gerne hätte ich wieder ein neues
341 1351 1181 1428 als was von fremden Mund kommt
1922 1372 2331 1439 leicht in einer
368 1361 1839 1471 tig, so wunderschon zusammengehalten. Als ihre nicht
344 1423 2425 1514 Buch von Ihnen in der Hand. Wie gerne möchte ich Ihnen meine Spieloper vor-
2223 1461 2400 1514 G.C.H.F.P
341 1482 2127 1552 hen aufzusamlenen Vorsage: das so ganz persönliche Lebensgelühl,
639 1509 2484 1630 Schicken Sie mir ein paar Zeilen nach Canazei Südtirol, dann später
341 1547 516 1616 lesen.
556 1568 2129 1654 Soala der Wertungen, die zarte und sichere Gestaltung, die
346 1603 521 1675 sondere
1050 1619 1614 1689 Von Herzen Ihr Hugo
435 1630 2360 1743 für die Soenanführung, die Meläuchelie und der Witz, der höchst nötige
1971 1683 2379 1767 Sanatorium Löw
1165 1713 2360 1837 Menschenverstand, und dazu das tiefere, poe
349 1726 451 1794 „ 314
540 1732 1106 1853 normale (abe seltener
384 1767 507 1847 aenr
1761 1780 2038 1882 April 910
2089 1799 2357 1888 Erfahrung
1788 1839 1976 1898 G.O.P.
483 1810 1710 1920 phische Zusammenschen und Nebeneizanderschen,
413 1880 2347 1976 ein lieber Arthur, Gerty ist schon so ziemlich schmerzfrei und wäre sehr
419 1928 2204 2011 zugleich der entzückende Mängel en Mautine, ein frisches, blühende
1576 1976 1904 2051 etc etc..
405 1984 1479 2097 rfreut wenn Olga sie Sonntag oder Montag
940 1992 2363 2100 alles kommt zusammen um ein Stück herzustellen, das
411 2051 671 2124 xxtes, xxx
2127 2057 2371 2145 Marienbad
1866 2059 2135 2132 München M
2124 2105 2331 2191 H.C.F.P
430 2105 2076 2207 In unvergleichlicher Weise im Gleichgewicht xxx 30/IX 980
2306 2116 2390 2186 P.
467 2204 2435 2306 lieber, wenn Ihnen auch wie mir inliegender Besetzungsvorschlag absurd
403 2266 2416 2403 rscheint und die Besetzung Claudio - Gerasch, Tod - Reimers als die
405 2379 2419 2481 richtigere, so tun Sie mir den grossen Gefallen und bringen diese meine und
408 2459 2309 2583 Ihre Auffassung bei Berger telephonisch in meinem Namen unter Berufung
403 2572 2457 2680 auf diesen Brief vor. Ich finde den Gedanken Tresselr eine geistige Gestalt
2183 2645 2556 2747 sibirien sehen.
462 2677 2073 2771 deren zu sehen, scheuselich und möchte das Ganze fastglieber
572 2763 1364 2868 Dann wieder den überflüssigen Re-
454 2843 1179 2964 gtheater! ekelhaft wenn er
