2736 3594
402 400 2263 594 Lieber Arthur. Ich schreibe zufällig an Richfang begreibtisch, das
402 485 2263 690 macht aber nichts. Ich möchte Ihnen nämlich etwas sagen: wir sollten
410 597 2395 763 doch einmal wieder ein bisschen zusammenkommen. Robert Ehrhardt und Paul
407 701 2281 872 Horn und alle sind je jeder in seiner Art sehr nett aber immer, das
413 794 2398 950 vergröbert und incanailliert naturgemäss Thema und Ton. Ich gehe deshalb
410 887 2297 1056 nicht zu Pfob. Mein Sie nicht auch? Wir haben ja sehr gut ohne das
420 960 2193 1152 alles existiert. Uebrigens auf Wiedersehen  Sonntag Ihr Loris
1972 1022 2224 1168 6/IV 92
423 1129 2406 1316 Lieber Arthur. Ich bin gekommen um Sie noch einmal ein bissel zu sehen
423 1246 2377 1404 hab Sie aber leider versäumt. Soll ich morgen früh kommen? Ein rendez-
436 1331 1817 1513 vous im Café möcht ich nicht, das ist so zuwider.
1622 1396 2359 1596 Herzlich Ihr Freund Hugo
501 1692 2333 1879 Ungeheuer dies London. Zola alles, Bourget Maupassant versuchen zu
436 1762 2400 1975 gruppieren : das ist hier unmöglich. Welte liegen dazwischen. Alles hat
446 1874 2291 2055 seine eigene Welt gemeinsam ist nur.?., Patriotismus, gentility.
449 1996 2491 2143 Gesprächsthemen das grosse Publicum, Influenza und Kaiserbesuch, Politiker
459 2058 2543 2239 ( Stenogramm.. ) Irland und Maupier, xxx der Baccarat Skandak (Stenogram
454 2167 2403 2325 Pless, die Theaterleute die Litteratur, der Tod, alle hat eine berühmte
457 2284 2408 2398 und sehr unbedeutende romanciere vereinigt die Biogr. ihres Vetters des
452 2346 2079 2517 Sir.. des Mystikers und dandys gentleman und Journalisten
1630 2413 2494 2533 Rescke, Maurel, Giulia Ravogli
1214 2489 1505 2608 Lohengrin
452 2502 1056 2626 Die gescheidten Leute
1251 2525 1765 2696 Irvings Halsleiden
462 2585 1487 2816 Congress of Hygiele and Demographie.
1326 2678 1785 2771 vollleicht könnte xxx
1220 2686 2011 2826 Alma Tadema love in idleness
2164 2761 2271 2878 17
1227 2805 1837 2917 Royal naval exibition
457 2849 2530 3085 Heida Gabler in London. Miss Elisabeth Robins und miss Harion Les, Kentucki
1788 2976 2258 3158 und Philadelphia.
