2736 3594
329 345 423 523 24
329 420 2382 596 Lieber Freund. Ich habe nachdrücklich und wiederholt gebenen, meinen Namen
337 517 2399 709 als Uebersetzer auf den Einladungen nicht zu nennen. Man hat zwar mit Herrn
345 628 2426 782 von Goldschmidt diese Rücksicht gehabt, mit mir aber nicht. Ich streiche auf
340 703 2431 889 meinen Einladungen, um weiter keine Geschichten zu machen, das Loris einfach
353 792 2366 973 durch. Ich habe weder Lust für Beratons Uebersetzung, die ich nicht kenne
353 900 2409 1086 einzustehen, noch hätte ich eine von mir unterzeichnete Uebersetzung jemals
361 981 2404 1153 von Beraton corrigieren lassen. Diesen groben Brief bekommen Sie, weil mir
358 1083 2528 1259 des andere wurst sind, und Sie verdienen ihn auch, weil Sie bei der Besprechung
375 1172 2434 1369 (½ 11 ) wahrscheinlich schläfrig waren und nicht aufgelegt Taotlosigkeiten
1102 1269 2428 1404 Ich bitte Sie zu veranlassen, dass mein Name auf
367 1350 773 1463 zu verhindern.
364 1364 2307 1531 den übrigen Einladungen ausgestrichen wird. Uebrigens ist der Stil der
367 1458 2520 1617 Einladungen ebenso hübsch, als ihr Inhalt unzureichend "werden zur Aufführung
377 1536 2299 1730 gelangen "ist gerade lächerlich" werden, wieso? von wem? wodurch?
380 1641 2461 1816 Das ganze sieht aus als ob schon eine (gescheidte) Erklärung vorangegangen
383 1725 2393 1919 wäre. l'Intrus ist eine directe Verfälschung, das Stück heisst 1'Intruse.
388 1819 2458 2010 Seit wann ändert man Titel? Ich weiss noch nicht ob ich mich entschliessen
396 1916 2501 2099 werde diese Wische auszuschicken. Wozu haben Sie denn gestern die Geschichte
399 2010 2496 2186 vor mir festgesetzt? Wozu sind überhaupt Besprechungen wenn hinterdrei? Immer
1512 2110 1679 2269 Loris
396 2129 1291 2307 alles geändert wrd? Eckelhaft!
2005 2237 2493 2401 Fusch 19/Juli 92
396 2293 612 2474 28 26
399 2377 2514 2560 Lieber Arthur. An Ihrem guten und lieben Brief stört mich nur die Nachricht
415 2455 2496 2638 wie viel Arbeit Sie sich jetzt zumuten wollen. xxx Deshalb wünsche ich für
418 2558 2431 2735 Sie so sehr den äusseren Erfolg, den Sie als Künstler vor sich selbst und
415 2665 2364 2846 vor uns gewiss nicht nothwendig haben, damit sich die Perspectiven, in
420 2752 2479 2919 denen Sie selbst und Ihr Vater Ihr äusseres Leben, Ziele Pflichten und Stil
420 2830 2412 3035 der Lebensführung anschauen, endlich ändern. Verläufig ist es sehr gut
423 2962 2396 3107 dass Sie nachts schaffen und so reich und lebhaft aufnehmen können, wie
418 2978 2514 3207 Ihre Hebbeleindrücke dies zeigen. Genies ist Hebbel ein sehr grosser tiefer
539 3380 644 3444 de
