2668 3687
403 383 803 520 municriert
1368 420 2361 568 Venedig Britania 2/X undatiert
271 543 2423 708 in lieber Arthur, was Sie mir schreiben, ist so wahr: für die Momente dankbar
201 629 2451 803 sein, in denen man eine gevisse innere Fülle empfindet. Dass aber das alles unter
243 727 2246 831 so furchtbar dunklen Gesetzen steht und dass die Starrheit manchmal alles
252 814 2305 926 ergreifen kann, segar die Empfindung für die Existenz aller andern Menschn
243 904 2210 1024 Mit meinem Stück geht es sonderbar. Ich hab in Vahrn nochmals einen ganz
252 996 2325 1116 unbrauchbaren 3 ten Act gemacht, recht verschieden von dem, den Sie in Ischl
257 1085 2369 1225 gesehen haben und doch falsch. Eine schlechte Art die Menschen und ihr Schick-
257 1178 2328 1295 sal anzusehen. Der Grundfehler war, wie ich jetzt weiss schon im zweiten Act
257 1276 2294 1390 gelegen. Wollte ganz aufhören mich absolut von dem Stoff losmachen. Das war
263 1382 2252 1480 ich aber auch nicht imstande. Habe wieder den zweiten Act vorgenommen. In
277 1460 2280 1581 dieser weicheren helleren Luft hier nimmt alles weichere Formen an; ich
266 1536 2336 1651 arbeite wieder mit Freude, die Bekanntschaft mit den umgeschmolzenen Figuren
263 1651 2367 1743 kommt mir zu Hilfe und ich hoffe hier sehr rasch weiter zu kommen. Brahm will
274 1734 2386 1841 ich in diesen Tagen schreiben. Es liegt mir aus weitläufigen Gründen sehr viel
271 1818 2383 1930 daran, dass das Stück wenigstens in einem der Theater noch in diesem Spieljahr
691 1902 2342 2025 Richards Stück ist in der Anlage wunderschön und er arbeitet
271 1953 554 2048 drankommt.
271 1997 2392 2123 gar nicht langsam, etwa 30 - 40 Verse im Tag. Wie froh bin ich solche Menschen
271 2104 2330 2204 zu haben wie Sie und Richard, dass man trotzdem so oft so traurig, oed und
862 2193 2344 2314 Ich bin vielleicht noch 14 Tage hier. Kommen Sie nicht
280 2227 719 2325 starr sein kann.
1609 2286 2182 2414 Von Herzen Ihr Hugo
277 2300 1502 2425 vorbei und lesen mir zur Ermutigung was vor?
1698 2487 1950 2602 unersakt.
1670 2602 1799 2688 G.C.H.F.P
1527 2590 1642 2700 A:S:
1723 2674 1863 2817 A:D:S:
