2716 3607
2254 259 2356 353 28
2067 281 2249 468 G.C.P.
313 398 2329 567 entgegenfahren kann. Geht es dann wegen Poldy oder anderem nicht, so habt
1471 529 2051 709 Herzlichst Ihr Hugo
313 564 1305 725 Ihr doch nichts schlechtes gemacht
1612 735 2088 840 Montag 19/7 97
316 722 417 864 98
914 759 2230 963 ich habe erst heute erfahren dass Papa nächsten
318 799 888 968 Mein lieber Arthur,
316 893 2281 1045 Montag von hier abreist, so möchte ich doch nicht gern die letzten Tage
329 1011 2326 1107 von hier fort und wir lassen also lieber das rendez vous. Es tut mir sehr
324 1123 2409 1214 leid, aber wenn wir beide etwas gearbeitet haben werden, wird es eine grosse
324 1174 2243 1302 Freude sein, uns im Spätherbst wieder zu sehen. Sie schreiben mir wohl
318 1299 2270 1382 hie und da eine Zeile nach Italien, ich werde Ihnen immer meine Adresse
326 1372 2345 1521 zukommen lassen. Die Mozartbiographie ist ein entzückendes Buch von einer
332 1449 2390 1596 unglaublichen Ausführlichkeit und Intimität. Man gewinnt ihn sehr lieb. Ich
1064 1548 1324 1620 im August
334 1580 2233 1695 schicke Ihnen die beiden Bande nach Wien. Werde ich von Richard nie
332 1650 578 1717 auch nur
329 1666 1492 1797 eine Zeile bekommen? Es ärgert mich sehr.
332 1727 2390 1874 Ich wünsche Ihnen für die nächsten 2 Monate alles Gute Von Herzen Ihr Hugo
1818 1922 2396 2053 undatiert Dienstag
329 2005 2326 2142 Lieber Arthur, bitte seien Sie noch xxxx vor Ihrer Abreise so gut mir
326 2128 2369 2254 hierher den Namen und die Adresse des Ischler Arztes zu schreiben, den Sie
332 2200 2481 2326 für den besten halten (neben Widerhofer). Poldys Nervosität hat sich nämlich
332 2323 2361 2441 in eine unausgesetzte martervolle Angst vor Schwindsucht verwandelt, zum
334 2390 2342 2500 Theil hervorgerufen durch eine unvorsichtige aber gar nicht beängstigende
337 2476 2315 2580 Aeusserung Schrötters. Er muss also von Aussee aus die Möglichkeit haben
332 2596 2348 2692 sooft er will einen Arzt zu sehen, der ihm die Unschädlichkeit des betref-
334 2671 2364 2797 fenden Symptoms, das er sich von Tag zu Tag wechselnd einredet, nachweist.
1460 2773 1620 2890 Hugo
690 2767 1294 2898 Im Voraus dankt Ihnen
2088 2845 2289 2963 27/VII
329 2888 438 3069 100
326 3051 2329 3171 Bitte seien Sie so lieb und schicken Poldy (Villa Andrian Alt Aussee)
329 3150 2348 3297 möglichst bald ein Buch wo Symptome gewöhnlicher Neurasthenie drinstehen.
