2483 3497
659 806 2041 973 übertragen und diese Uebertragungen zu vertreiben.
664 914 1945 1051 bezw. übertragen und vertreiben zu lassen,sowie
1227 984 1340 1041 G.C.F.P.
653 979 1763 1137 das Werk kinematographisch zu verwerten.
646 1062 1982 1216 5. Die Dichtung in irgend eine andere Sprache zu
646 1190 2026 1312 übersetzen oder übersetzen zu lassen und an diesen
1231 1251 1518 1308 G.C.H.F.P.S.
644 1275 1926 1406 Uebersetzungen alle vorstehend unter 2-4 aufge-
646 1330 1415 1474 führten Rechte zu geniessen.
880 1472 2004 1577 Die Uraufführung der "Frau ohne Schatten"
1098 1516 1253 1570 G.C.H.F.P
635 1507 1949 1671 darf ohne Zustimmung des Herrn von Hofmannsthal
955 1599 1049 1654 G.F.P.
629 1649 2013 1757 nicht vor Wiedereintritt des Friedenszustandes mit
644 1687 1831 1858 England, Russland und Frankreich stattfinden.
1108 1779 1244 1925 § 2.
1496 1875 1573 1925 G.F.P.
870 1840 2015 2015 Die in § 1 erfolgte Uebertragung des aus-
624 1965 1998 2112 schliesslichen Vervielfältigungsrechtes des Werkes
1650 2053 1741 2103 G.F.P.
648 2046 1943 2188 an Herrn Doktor Stranss geschieht mit der Ein-
1137 2142 1218 2188 G.F.P.
615 2125 2094 2291 schränkung, daas Herr v. Hofmannsthal berechtigt bleibt,
672 2258 2017 2374 von seiner Dichtung eine Buchausgabe in deutscher
696 2313 2031 2473 Sprache bei der Firma S. Fischer Verlag zu Berlin
696 2401 1996 2563 erscheinen zu lassen. Diese Buchausgabe darf je-
