<?xml version="1.0" encoding="UTF-8" standalone="yes"?>
<PcGts xmlns="http://schema.primaresearch.org/PAGE/gts/pagecontent/2013-07-15" xmlns:xsi="http://www.w3.org/2001/XMLSchema-instance" xsi:schemaLocation="http://schema.primaresearch.org/PAGE/gts/pagecontent/2013-07-15 http://schema.primaresearch.org/PAGE/gts/pagecontent/2013-07-15/pagecontent.xsd">
    <Metadata>
        <Creator>prov=READ-COOP:name=TrHtr:version=2.1.0:model_id=51170:date=25_07_2023_07:01</Creator>
        <Created>2023-05-01T21:58:49.832+02:00</Created>
        <LastChange>2023-07-25T07:01:04.567+02:00</LastChange>
        <TranskribusMetadata docId="1416440" pageId="54946774" pageNr="44" tsid="130586988" status="IN_PROGRESS" userId="64420" imgUrl="https://files.transkribus.eu/Get?id=KVSRCBEEYHDFHPEJPKNLNJGJ&amp;fileType=view" xmlUrl="https://files.transkribus.eu/Get?id=MKEEOBMVYCQUOPJMFZCHAWFP" imageId="44450859"/>
    </Metadata>
    <Page imageFilename="1416440_0044.jpg" imageWidth="2705" imageHeight="3608">
        <ReadingOrder>
            <OrderedGroup id="ro_1711831042696" caption="Regions reading order">
                <RegionRefIndexed index="0" regionRef="tr_1"/>
            </OrderedGroup>
        </ReadingOrder>
        <TextRegion id="tr_1" custom="readingOrder {index:0;}">
            <Coords points="376,257 2529,257 2529,3292 376,3292"/>
            <TextLine id="tr_1_tl_1" custom="readingOrder {index:0;}">
                <Coords points="2253,313 2267,313 2290,332 2303,337 2322,319 2335,319 2335,240 2301,240 2293,245 2285,242 2267,261 2253,261"/>
                <Baseline points="2269,310 2314,307 2341,310"/>
                <TextEquiv>
                    <Unicode>40</Unicode>
                </TextEquiv>
            </TextLine>
            <TextLine id="tr_1_tl_2" custom="readingOrder {index:1;}">
                <Coords points="376,432 2493,455 2496,324 379,363"/>
                <Baseline points="391,418 436,418 480,415 525,418 570,418 615,418 660,418 704,415 749,415 794,415 839,415 884,412 928,415 973,415 1018,412 1063,412 1108,412 1152,412 1197,412 1242,412 1287,409 1332,412 1376,412 1421,409 1466,409 1511,409 1556,409 1600,409 1645,409 1690,406 1735,406 1780,406 1824,406 1869,403 1914,403 1959,403 2004,403 2048,403 2093,400 2138,403 2183,403 2228,400 2272,400 2317,400 2362,397 2407,394 2452,394 2496,394"/>
                <TextEquiv>
                    <Unicode>heftige physische Schmerzen im Genick und lauter solche Dummheiten. Ich werde</Unicode>
                </TextEquiv>
            </TextLine>
            <TextLine id="tr_1_tl_3" custom="readingOrder {index:2;}">
                <Coords points="382,550 2227,537 2401,516 2403,424 382,479"/>
                <Baseline points="397,510 436,507 480,507 525,507 570,504 615,504 660,504 704,504 749,504 794,504 839,504 884,504 928,504 973,504 1018,504 1063,504 1108,504 1152,504 1197,504 1242,501 1287,504 1332,501 1376,501 1421,501 1466,498 1511,498 1556,498 1600,498 1645,498 1690,498 1735,498 1780,498 1824,495 1869,498 1914,495 1959,495 2004,495 2048,492 2093,492 2138,492 2183,492 2228,492 2272,489 2317,489 2362,486 2407,489"/>
                <TextEquiv>
                    <Unicode>nach dem 28 ten mindestens 14 Tage zu arbeiten aufhören und das Landleben</Unicode>
                </TextEquiv>
            </TextLine>
            <TextLine id="tr_1_tl_4" custom="readingOrder {index:3;}">
                <Coords points="379,650 2359,616 2411,513 379,550"/>
                <Baseline points="394,597 403,597 448,597 492,597 537,597 582,594 627,597 672,597 716,597 761,594 806,594 851,594 896,597 940,594 985,594 1030,594 1075,594 1120,594 1164,594 1209,594 1254,594 1299,594 1344,591 1388,594 1433,591 1478,591 1523,591 1568,591 1612,588 1657,591 1702,591 1747,588 1792,588 1836,588 1881,585 1926,585 1971,585 2016,585 2060,585 2105,582 2150,582 2195,582 2240,582 2284,582 2329,582 2374,579 2419,576"/>
                <TextEquiv>
                    <Unicode>führen, das mir allein ganz wohl thut : tennis, Bad und vielerlei harmlose</Unicode>
                </TextEquiv>
            </TextLine>
            <TextLine id="tr_1_tl_5" custom="readingOrder {index:4;}">
                <Coords points="384,687 561,748 2427,708 2427,603 384,653"/>
                <Baseline points="400,686 418,686 462,686 507,686 552,686 597,686 642,686 686,686 731,686 776,686 821,686 866,686 910,686 955,686 1000,686 1045,683 1090,683 1134,683 1179,683 1224,683 1269,683 1314,683 1358,683 1403,683 1448,683 1493,683 1538,680 1582,680 1627,680 1672,680 1717,677 1762,677 1806,677 1851,677 1896,677 1941,677 1986,677 2030,677 2075,675 2120,675 2165,675 2210,672 2255,672 2299,672 2344,672 2389,672 2434,669"/>
                <TextEquiv>
                    <Unicode>Gesellschaft. Ich gehe daher nach Altaussee entweder zu den Franckenstein</Unicode>
                </TextEquiv>
            </TextLine>
            <TextLine id="tr_1_tl_6" custom="readingOrder {index:5;}">
                <Coords points="392,827 1998,816 2443,787 2443,708 392,745"/>
                <Baseline points="406,779 433,779 477,779 522,779 567,779 612,779 657,779 701,779 746,779 791,779 836,779 881,776 925,776 970,776 1015,776 1060,776 1105,776 1149,776 1194,776 1239,773 1284,776 1329,773 1373,776 1418,776 1463,773 1508,773 1553,773 1597,773 1642,773 1687,770 1732,770 1777,770 1821,770 1866,770 1911,770 1956,770 2001,770 2045,767 2090,767 2135,767 2180,767 2225,764 2269,764 2314,764 2359,764 2404,767 2449,770"/>
                <TextEquiv>
                    <Unicode>oder zum Seewirt. Vor einer Radreise jetzt, hätte ich bei meinem übermässig</Unicode>
                </TextEquiv>
            </TextLine>
            <TextLine id="tr_1_tl_7" custom="readingOrder {index:6;}">
                <Coords points="2148,813 2219,821 2246,813 2253,821 2277,819 2285,827 2298,821 2324,827 2324,779 2274,782 2264,771 2246,782 2230,774 2148,777"/>
                <Baseline points="2162,812 2207,812 2252,812 2296,812 2332,815"/>
                <TextEquiv>
                    <Unicode>wieder</Unicode>
                </TextEquiv>
            </TextLine>
            <TextLine id="tr_1_tl_8" custom="readingOrder {index:7;}">
                <Coords points="382,924 2148,903 2303,885 2303,824 382,837"/>
                <Baseline points="397,872 430,872 474,872 519,872 564,869 609,869 654,869 698,869 743,869 788,869 833,869 878,869 922,869 967,869 1012,869 1057,869 1102,869 1146,869 1191,869 1236,869 1281,866 1326,866 1370,866 1415,869 1460,866 1505,866 1550,866 1594,866 1639,866 1684,866 1729,866 1774,863 1818,863 1863,863 1908,863 1953,863 1998,863 2042,860 2087,860 2132,860 2177,860 2222,860 2266,860 2311,860"/>
                <TextEquiv>
                    <Unicode>montierten und ruhelosen Zustand derart Angst. Ich werd mich schon in</Unicode>
                </TextEquiv>
            </TextLine>
            <TextLine id="tr_1_tl_9" custom="readingOrder {index:8;}">
                <Coords points="1079,987 2240,992 2274,887 1211,932 1079,903"/>
                <Baseline points="1093,961 1117,958 1161,958 1206,958 1251,958 1296,958 1341,958 1385,958 1430,958 1475,958 1520,958 1565,958 1609,958 1654,958 1699,958 1744,955 1789,955 1833,955 1878,955 1923,955 1968,955 2013,952 2057,952 2102,952 2147,952 2192,952 2237,949 2281,949"/>
                <TextEquiv>
                    <Unicode>Mdn Stück ist ein fünfactiges märchenhaftes</Unicode>
                </TextEquiv>
            </TextLine>
            <TextLine id="tr_1_tl_10" custom="readingOrder {index:9;}">
                <Coords points="384,1011 584,1019 653,995 708,1011 756,985 837,979 837,935 777,913 653,932 634,916 608,929 571,916 542,935 479,913 384,921"/>
                <Baseline points="400,964 445,964 489,964 534,964 579,964 624,964 669,961 713,964 758,964 803,964 845,964"/>
                <TextEquiv>
                    <Unicode>Ordnung bringen.</Unicode>
                </TextEquiv>
            </TextLine>
            <TextLine id="tr_1_tl_11" custom="readingOrder {index:10;}">
                <Coords points="390,1114 1748,1056 2277,1103 2303,985 390,1016"/>
                <Baseline points="403,1054 430,1054 474,1051 519,1054 564,1054 609,1054 654,1054 698,1054 743,1054 788,1054 833,1054 878,1054 922,1054 967,1054 1012,1054 1057,1054 1102,1054 1146,1051 1191,1051 1236,1051 1281,1051 1326,1051 1370,1051 1415,1051 1460,1051 1505,1048 1550,1051 1594,1051 1639,1051 1684,1051 1729,1051 1774,1051 1818,1048 1863,1048 1908,1048 1953,1048 1998,1048 2042,1048 2087,1045 2132,1045 2177,1045 2222,1045 2266,1045 2311,1042"/>
                <TextEquiv>
                    <Unicode>Trauerspiel in Versen. 2 Acte sind nahezu fertig. Ich habe noch nie so</Unicode>
                </TextEquiv>
            </TextLine>
            <TextLine id="tr_1_tl_12" custom="readingOrder {index:11;}">
                <Coords points="384,1195 2032,1190 2382,1164 2382,1092 384,1116"/>
                <Baseline points="400,1152 418,1152 462,1149 507,1149 552,1146 597,1146 642,1146 686,1146 731,1146 776,1146 821,1146 866,1143 910,1143 955,1143 1000,1143 1045,1143 1090,1146 1134,1143 1179,1143 1224,1143 1269,1143 1314,1143 1358,1143 1403,1143 1448,1143 1493,1143 1538,1143 1582,1143 1627,1143 1672,1143 1717,1143 1762,1143 1806,1140 1851,1140 1896,1140 1941,1140 1986,1140 2030,1140 2075,1140 2120,1140 2165,1140 2210,1140 2255,1137 2299,1137 2344,1137 2389,1140"/>
                <TextEquiv>
                    <Unicode>gern an etwas gearbeitet. Fangen Sie nur auch zu arbeiten an. Oder machen</Unicode>
                </TextEquiv>
            </TextLine>
            <TextLine id="tr_1_tl_13" custom="readingOrder {index:12;}">
                <Coords points="384,1258 2217,1274 2356,1256 2356,1190 384,1195"/>
                <Baseline points="400,1236 436,1236 480,1239 525,1236 570,1236 615,1236 660,1236 704,1236 749,1236 794,1236 839,1236 884,1236 928,1236 973,1236 1018,1236 1063,1236 1108,1236 1152,1236 1197,1236 1242,1236 1287,1236 1332,1236 1376,1233 1421,1233 1466,1236 1511,1233 1556,1233 1600,1233 1645,1233 1690,1233 1735,1233 1780,1233 1824,1233 1869,1233 1914,1233 1959,1233 2004,1233 2048,1233 2093,1233 2138,1230 2183,1230 2228,1230 2272,1227 2317,1227 2362,1227"/>
                <TextEquiv>
                    <Unicode>Sie jetzt mit Salten eine Radtour und lassen für mich und für September</Unicode>
                </TextEquiv>
            </TextLine>
            <TextLine id="tr_1_tl_14" custom="readingOrder {index:13;}">
                <Coords points="382,1345 2361,1356 2382,1261 382,1287"/>
                <Baseline points="397,1326 415,1329 459,1329 504,1329 549,1329 594,1329 639,1329 683,1329 728,1329 773,1329 818,1326 863,1326 907,1326 952,1329 997,1329 1042,1326 1087,1326 1131,1326 1176,1329 1221,1329 1266,1326 1311,1326 1355,1326 1400,1326 1445,1326 1490,1326 1535,1326 1579,1326 1624,1326 1669,1326 1714,1326 1759,1323 1804,1323 1848,1323 1893,1323 1938,1323 1983,1326 2028,1326 2072,1326 2117,1326 2162,1326 2207,1323 2252,1323 2296,1323 2341,1323 2386,1320"/>
                <TextEquiv>
                    <Unicode>nur den Weg Passau - Nürnberg- Rothenburg - München - Salzburg in Reserve</Unicode>
                </TextEquiv>
            </TextLine>
            <TextLine id="tr_1_tl_15" custom="readingOrder {index:14;}">
                <Coords points="392,1464 2314,1451 2314,1374 2106,1343 392,1369"/>
                <Baseline points="406,1415 439,1418 483,1418 528,1418 573,1418 618,1418 663,1418 707,1418 752,1418 797,1418 842,1418 887,1418 931,1418 976,1418 1021,1418 1066,1415 1111,1418 1155,1418 1200,1418 1245,1418 1290,1418 1335,1418 1379,1415 1424,1415 1469,1418 1514,1418 1559,1415 1603,1418 1648,1415 1693,1415 1738,1415 1783,1415 1827,1415 1872,1415 1917,1415 1962,1415 2007,1415 2051,1415 2096,1415 2141,1415 2186,1415 2231,1415 2275,1415 2320,1412"/>
                <TextEquiv>
                    <Unicode>das wäre schön! Und um den 15 August träfen wir uns bei Richard, ver-</Unicode>
                </TextEquiv>
            </TextLine>
            <TextLine id="tr_1_tl_16" custom="readingOrder {index:15;}">
                <Coords points="384,1564 2364,1551 2364,1461 2264,1432 384,1461"/>
                <Baseline points="400,1505 445,1508 489,1508 534,1508 579,1508 624,1508 669,1508 713,1508 758,1508 803,1508 848,1508 893,1508 937,1508 982,1508 1027,1508 1072,1508 1117,1508 1161,1508 1206,1508 1251,1508 1296,1508 1341,1508 1385,1508 1430,1508 1475,1508 1520,1508 1565,1508 1609,1508 1654,1508 1699,1508 1744,1505 1789,1505 1833,1508 1878,1505 1923,1505 1968,1505 2013,1505 2057,1505 2102,1505 2147,1505 2192,1508 2237,1508 2281,1505 2326,1505 2371,1508"/>
                <TextEquiv>
                    <Unicode>brächten immer den halben Tag arbeitend, giengen dann nach Salzburg noch</Unicode>
                </TextEquiv>
            </TextLine>
            <TextLine id="tr_1_tl_17" custom="readingOrder {index:16;}">
                <Coords points="432,1624 2214,1643 2319,1614 2319,1548 432,1569"/>
                <Baseline points="445,1597 489,1597 534,1597 579,1597 624,1597 669,1597 713,1597 758,1597 803,1597 848,1597 893,1597 937,1597 982,1597 1027,1597 1072,1597 1117,1597 1161,1600 1206,1600 1251,1597 1296,1597 1341,1597 1385,1597 1430,1597 1475,1597 1520,1597 1565,1597 1609,1597 1654,1597 1699,1597 1744,1597 1789,1597 1833,1597 1878,1597 1923,1597 1968,1597 2013,1600 2057,1597 2102,1600 2147,1597 2192,1600 2237,1603 2281,1600 2326,1603"/>
                <TextEquiv>
                    <Unicode>mehr arbeitend und träten Anfang September die Reise an. Mir folgen,</Unicode>
                </TextEquiv>
            </TextLine>
            <TextLine id="tr_1_tl_18" custom="readingOrder {index:17;}">
                <Coords points="382,1719 453,1740 540,1693 750,1748 932,1714 971,1748 1077,1745 1077,1656 1035,1645 716,1656 687,1637 582,1661 537,1630 487,1653 382,1640"/>
                <Baseline points="397,1690 442,1690 486,1690 531,1690 576,1690 621,1690 666,1690 710,1690 755,1690 800,1690 845,1690 890,1690 934,1690 979,1690 1024,1690 1069,1693 1084,1690"/>
                <TextEquiv>
                    <Unicode>ich bin der Gescheidtere.</Unicode>
                </TextEquiv>
            </TextLine>
            <TextLine id="tr_1_tl_19" custom="readingOrder {index:18;}">
                <Coords points="1198,1735 1358,1730 1406,1708 1495,1727 1551,1701 1743,1727 1761,1722 1761,1648 1619,1656 1564,1630 1385,1656 1274,1632 1198,1653"/>
                <Baseline points="1212,1690 1257,1690 1302,1690 1347,1690 1391,1690 1436,1690 1481,1690 1526,1690 1571,1690 1615,1690 1660,1690 1705,1690 1750,1693 1768,1696"/>
                <TextEquiv>
                    <Unicode>Herzlichst Ihr Hugo</Unicode>
                </TextEquiv>
            </TextLine>
            <TextLine id="tr_1_tl_20" custom="readingOrder {index:19;}">
                <Coords points="376,1787 2277,1822 2277,1748 2117,1722 376,1719"/>
                <Baseline points="391,1783 436,1783 480,1783 525,1783 570,1783 615,1783 660,1783 704,1780 749,1783 794,1780 839,1783 884,1783 928,1783 973,1783 1018,1783 1063,1783 1108,1783 1152,1783 1197,1780 1242,1783 1287,1783 1332,1783 1376,1783 1421,1783 1466,1783 1511,1783 1556,1783 1600,1783 1645,1783 1690,1783 1735,1783 1780,1783 1824,1783 1869,1783 1914,1783 1959,1783 2004,1783 2048,1783 2093,1783 2138,1783 2183,1783 2228,1783 2272,1780 2284,1783"/>
                <TextEquiv>
                    <Unicode>P.S. Es ist nicht Ernst dass ich der Gescheidtere bin. Sonst sind Sie</Unicode>
                </TextEquiv>
            </TextLine>
            <TextLine id="tr_1_tl_21" custom="readingOrder {index:20;}">
                <Coords points="379,1903 595,1882 692,1938 779,1909 1185,1938 1277,1885 1451,1893 1451,1837 987,1845 895,1801 734,1837 500,1806 379,1843"/>
                <Baseline points="394,1872 439,1872 483,1872 528,1872 573,1872 618,1872 663,1872 707,1872 752,1872 797,1872 842,1872 887,1875 931,1875 976,1872 1021,1872 1066,1872 1111,1872 1155,1872 1200,1875 1245,1872 1290,1872 1335,1872 1379,1875 1424,1875 1457,1875"/>
                <TextEquiv>
                    <Unicode>vielleicht beleidigt. Immer schreiben</Unicode>
                </TextEquiv>
            </TextLine>
            <TextLine id="tr_1_tl_22" custom="readingOrder {index:21;}">
                <Coords points="376,2090 395,2090 405,2080 429,2080 440,2069 453,2072 458,2067 479,2067 484,1956 429,1953 405,1943 398,1948 382,1945"/>
                <Baseline points="394,2060 400,2060 445,2057 489,2057"/>
                <TextEquiv>
                    <Unicode>155</Unicode>
                </TextEquiv>
            </TextLine>
            <TextLine id="tr_1_tl_23" custom="readingOrder {index:22;}">
                <Coords points="1703,2074 1730,2085 1780,2082 1795,2095 1837,2069 1874,2077 1906,2061 1964,2085 1980,2074 2009,2077 2009,2014 1951,2022 1901,1998 1856,2014 1785,1972 1703,1959"/>
                <Baseline points="1717,2060 1762,2060 1806,2060 1851,2060 1896,2063 1941,2060 1986,2060 2016,2060"/>
                <TextEquiv>
                    <Unicode>15/VII 99</Unicode>
                </TextEquiv>
            </TextLine>
            <TextLine id="tr_1_tl_24" custom="readingOrder {index:23;}">
                <Coords points="376,2206 2314,2180 2314,2061 2022,2122 376,2090"/>
                <Baseline points="391,2150 436,2150 480,2147 525,2150 570,2150 615,2150 660,2147 704,2147 749,2147 794,2147 839,2147 884,2150 928,2150 973,2150 1018,2150 1063,2150 1108,2150 1152,2150 1197,2153 1242,2153 1287,2153 1332,2153 1376,2153 1421,2153 1466,2153 1511,2153 1556,2153 1600,2153 1645,2153 1690,2153 1735,2153 1780,2153 1824,2153 1869,2153 1914,2153 1959,2153 2004,2153 2048,2153 2093,2153 2138,2153 2183,2153 2228,2153 2272,2153 2317,2153 2320,2153"/>
                <TextEquiv>
                    <Unicode>Lieber, bitte sehen Sie keinen Eigensinn darin, wenn ich Sie nochmals</Unicode>
                </TextEquiv>
            </TextLine>
            <TextLine id="tr_1_tl_25" custom="readingOrder {index:24;}">
                <Coords points="379,2288 2335,2272 2385,2196 379,2203"/>
                <Baseline points="394,2237 439,2240 483,2240 528,2240 573,2240 618,2240 663,2240 707,2240 752,2240 797,2240 842,2237 887,2240 931,2240 976,2243 1021,2243 1066,2240 1111,2243 1155,2243 1200,2243 1245,2243 1290,2243 1335,2243 1379,2243 1424,2240 1469,2243 1514,2243 1559,2243 1603,2243 1648,2243 1693,2243 1738,2243 1783,2243 1827,2243 1872,2243 1917,2243 1962,2243 2007,2243 2051,2243 2096,2240 2141,2240 2186,2240 2231,2240 2275,2243 2320,2240 2365,2240 2392,2243"/>
                <TextEquiv>
                    <Unicode>bitte nicht darauf zu rechnen, dass ich unsere Radtour (auf die ich mich</Unicode>
                </TextEquiv>
            </TextLine>
            <TextLine id="tr_1_tl_26" custom="readingOrder {index:25;}">
                <Coords points="382,2375 2177,2380 2380,2359 2380,2272 382,2293"/>
                <Baseline points="397,2329 442,2329 486,2332 531,2329 576,2329 621,2329 666,2329 710,2329 755,2329 800,2329 845,2329 890,2329 934,2332 979,2332 1024,2332 1069,2332 1114,2332 1158,2332 1203,2332 1248,2329 1293,2332 1338,2332 1382,2332 1427,2332 1472,2332 1517,2332 1562,2332 1606,2332 1651,2332 1696,2332 1741,2332 1786,2332 1830,2332 1875,2332 1920,2332 1965,2332 2010,2332 2054,2332 2099,2332 2144,2332 2189,2332 2234,2332 2278,2332 2323,2332 2368,2335 2386,2335"/>
                <TextEquiv>
                    <Unicode>sehr freue vor dem 1 ten September anzutreten im Stande sein werde. Viel</Unicode>
                </TextEquiv>
            </TextLine>
            <TextLine id="tr_1_tl_27" custom="readingOrder {index:26;}">
                <Coords points="379,2461 2406,2446 2406,2380 1909,2346 379,2375"/>
                <Baseline points="394,2419 439,2419 483,2419 528,2419 573,2419 618,2419 663,2416 707,2419 752,2419 797,2419 842,2419 887,2422 931,2422 976,2422 1021,2422 1066,2422 1111,2422 1155,2422 1200,2422 1245,2422 1290,2422 1335,2422 1379,2422 1424,2422 1469,2422 1514,2422 1559,2425 1603,2425 1648,2422 1693,2422 1738,2422 1783,2422 1827,2422 1872,2422 1917,2422 1962,2422 2007,2422 2051,2422 2096,2422 2141,2422 2186,2425 2231,2425 2275,2425 2320,2425 2365,2425 2410,2428 2413,2428"/>
                <TextEquiv>
                    <Unicode>eher wird es mir möglich sein im Laufe des August sonst mit Ihnen zusammen</Unicode>
                </TextEquiv>
            </TextLine>
            <TextLine id="tr_1_tl_28" custom="readingOrder {index:27;}">
                <Coords points="374,2538 2340,2559 2377,2472 374,2482"/>
                <Baseline points="388,2508 433,2511 477,2511 522,2511 567,2511 612,2511 657,2508 701,2511 746,2511 791,2511 836,2511 881,2511 925,2511 970,2511 1015,2511 1060,2511 1105,2511 1149,2514 1194,2514 1239,2511 1284,2511 1329,2511 1373,2511 1418,2511 1463,2514 1508,2514 1553,2514 1597,2514 1642,2514 1687,2514 1732,2514 1777,2514 1821,2514 1866,2514 1911,2514 1956,2517 2001,2514 2045,2517 2090,2517 2135,2517 2180,2517 2225,2517 2269,2517 2314,2517 2359,2517 2383,2517"/>
                <TextEquiv>
                    <Unicode>zu sein aber an einem Ort, sodass ich weiterarbeiten kann. Ich hoffe hier</Unicode>
                </TextEquiv>
            </TextLine>
            <TextLine id="tr_1_tl_29" custom="readingOrder {index:28;}">
                <Coords points="379,2643 2359,2654 2356,2556 2227,2532 379,2548"/>
                <Baseline points="394,2601 439,2604 483,2604 528,2601 573,2601 618,2601 663,2601 707,2601 752,2601 797,2604 842,2601 887,2604 931,2604 976,2604 1021,2604 1066,2604 1111,2607 1155,2607 1200,2604 1245,2604 1290,2607 1335,2607 1379,2607 1424,2607 1469,2607 1514,2607 1559,2607 1603,2607 1648,2607 1693,2607 1738,2610 1783,2607 1827,2607 1872,2607 1917,2610 1962,2610 2007,2610 2051,2610 2096,2610 2141,2610 2186,2610 2231,2610 2275,2613 2320,2613 2362,2610"/>
                <TextEquiv>
                    <Unicode>ungefähr die beiden ersten Acte meines neuen Stückes in Versen fertig zu</Unicode>
                </TextEquiv>
            </TextLine>
            <TextLine id="tr_1_tl_30" custom="readingOrder {index:29;}">
                <Coords points="371,2722 2377,2743 2377,2656 2243,2638 371,2646"/>
                <Baseline points="385,2694 430,2694 474,2697 519,2697 564,2697 609,2697 654,2697 698,2697 743,2697 788,2697 833,2697 878,2697 922,2697 967,2697 1012,2697 1057,2700 1102,2700 1146,2697 1191,2703 1236,2703 1281,2703 1326,2703 1370,2703 1415,2703 1460,2703 1505,2703 1550,2703 1594,2703 1639,2703 1684,2703 1729,2703 1774,2703 1818,2703 1863,2703 1908,2703 1953,2706 1998,2703 2042,2706 2087,2706 2132,2706 2177,2706 2222,2706 2266,2706 2311,2706 2356,2706 2383,2708"/>
                <TextEquiv>
                    <Unicode>bringen, dann etwa in Salzburg 1 - 10 August - noch einen Act. Die beiden</Unicode>
                </TextEquiv>
            </TextLine>
            <TextLine id="tr_1_tl_31" custom="readingOrder {index:30;}">
                <Coords points="371,2809 2375,2848 2322,2746 371,2722"/>
                <Baseline points="385,2789 430,2789 474,2789 519,2789 564,2789 609,2789 654,2789 698,2789 743,2789 788,2789 833,2789 878,2789 922,2789 967,2789 1012,2789 1057,2792 1102,2792 1146,2792 1191,2792 1236,2792 1281,2792 1326,2792 1370,2792 1415,2792 1460,2795 1505,2792 1550,2795 1594,2792 1639,2795 1684,2795 1729,2798 1774,2795 1818,2795 1863,2795 1908,2795 1953,2795 1998,2798 2042,2798 2087,2795 2132,2798 2177,2798 2222,2798 2266,2798 2311,2798 2356,2798 2380,2798"/>
                <TextEquiv>
                    <Unicode>letzten Acte lassen sich vielleicht verschieben, kaum aber werden Sie mir</Unicode>
                </TextEquiv>
            </TextLine>
            <TextLine id="tr_1_tl_32" custom="readingOrder {index:31;}">
                <Coords points="374,2904 2419,2930 2388,2835 374,2804"/>
                <Baseline points="388,2885 433,2885 477,2885 522,2885 567,2885 612,2885 657,2885 701,2885 746,2885 791,2885 836,2885 881,2885 925,2885 970,2885 1015,2888 1060,2888 1105,2888 1149,2888 1194,2891 1239,2891 1284,2888 1329,2888 1373,2888 1418,2891 1463,2888 1508,2888 1553,2891 1597,2891 1642,2891 1687,2891 1732,2891 1777,2891 1821,2891 1866,2891 1911,2891 1956,2891 2001,2891 2045,2891 2090,2891 2135,2891 2180,2891 2225,2891 2269,2891 2314,2891 2359,2891 2404,2891 2425,2894"/>
                <TextEquiv>
                    <Unicode>so radicale Unterbrechung der Stimmung vertragen wie eine Reise. Jedesfalls</Unicode>
                </TextEquiv>
            </TextLine>
            <TextLine id="tr_1_tl_33" custom="readingOrder {index:32;}">
                <Coords points="369,3017 2367,3030 2367,2933 2311,2927 369,2927"/>
                <Baseline points="382,2983 427,2983 471,2983 516,2983 561,2983 606,2983 651,2983 695,2983 740,2980 785,2980 830,2980 875,2980 919,2980 964,2980 1009,2983 1054,2986 1099,2986 1143,2986 1188,2986 1233,2983 1278,2983 1323,2983 1367,2983 1412,2983 1457,2983 1502,2983 1547,2983 1591,2983 1636,2983 1681,2983 1726,2983 1771,2983 1815,2983 1860,2983 1905,2983 1950,2983 1995,2983 2039,2983 2084,2983 2129,2983 2174,2983 2219,2983 2263,2983 2308,2983 2353,2983 2374,2983"/>
                <TextEquiv>
                    <Unicode>bleiben wir in Verbindung. Bitte fahren Sie zu Richard nicht nur auf</Unicode>
                </TextEquiv>
            </TextLine>
            <TextLine id="tr_1_tl_34" custom="readingOrder {index:33;}">
                <Coords points="361,3112 2377,3130 2356,3027 361,3009"/>
                <Baseline points="376,3082 421,3082 465,3082 510,3079 555,3079 600,3079 645,3079 689,3079 734,3079 779,3079 824,3079 869,3079 913,3079 958,3079 1003,3079 1048,3079 1093,3079 1137,3079 1182,3079 1227,3079 1272,3079 1317,3082 1361,3079 1406,3079 1451,3079 1496,3079 1541,3079 1585,3079 1630,3079 1675,3079 1720,3079 1765,3079 1809,3079 1854,3076 1899,3079 1944,3079 1989,3079 2033,3076 2078,3076 2123,3076 2168,3076 2213,3076 2257,3076 2302,3076 2347,3076 2383,3082"/>
                <TextEquiv>
                    <Unicode>Stunden, sondern für mehrere Tage; bringen Sie bitte seinem Zustand</Unicode>
                </TextEquiv>
            </TextLine>
            <TextLine id="tr_1_tl_35" custom="readingOrder {index:34;}">
                <Coords points="369,3225 2472,3191 2472,3120 2398,3117 369,3106"/>
                <Baseline points="382,3186 415,3186 459,3186 504,3186 549,3186 594,3186 639,3186 683,3183 728,3183 773,3183 818,3180 863,3180 907,3180 952,3180 997,3180 1042,3180 1087,3177 1131,3177 1176,3177 1221,3174 1266,3174 1311,3174 1355,3174 1400,3174 1445,3177 1490,3177 1535,3177 1579,3174 1624,3174 1669,3174 1714,3171 1759,3171 1804,3171 1848,3171 1893,3168 1938,3171 1983,3171 2028,3171 2072,3168 2117,3168 2162,3168 2207,3165 2252,3165 2296,3165 2341,3165 2386,3171 2431,3177 2476,3183"/>
                <TextEquiv>
                    <Unicode>denselben Ernst aber mehr Vernunft entgegen als er selber. Ich werde auch in</Unicode>
                </TextEquiv>
            </TextLine>
            <TextLine id="tr_1_tl_36" custom="readingOrder {index:35;}">
                <Coords points="940,3346 2522,3309 2522,3209 2377,3180 1895,3177 1680,3233 1456,3185 1398,3225 940,3201"/>
                <Baseline points="955,3267 1000,3264 1045,3267 1090,3267 1134,3267 1179,3264 1224,3264 1269,3264 1314,3264 1358,3264 1403,3267 1448,3267 1493,3270 1538,3270 1582,3270 1627,3270 1672,3267 1717,3267 1762,3270 1806,3270 1851,3273 1896,3276 1941,3276 1986,3279 2030,3279 2075,3276 2120,3273 2165,3273 2210,3273 2255,3270 2299,3270 2344,3273 2389,3273 2434,3276 2479,3276 2523,3279 2529,3282"/>
                <TextEquiv>
                    <Unicode>August hinzukommen trachten Bitte schreiben</Unicode>
                </TextEquiv>
            </TextLine>
        </TextRegion>
    </Page>
</PcGts>
