2705 3608
2354 284 2458 416 50
368 349 2433 509 erfreut mich (ich gebrauche das Wort in seiner wirklichen Bedeutung ) seit
363 492 2430 608 jeher durch ihre warme und kluge Auffassung aller IhrerereArbeiten. Und diese
360 568 2483 692 Frau spricht mir ganz ausnahmsweise, ihrer Art gar nicht entsprechend lebhaft
368 641 2531 785 und nochmals den Wunsch aus Sie einmal zu sehen. Ich antworte: ganz gern, ganz
368 773 2481 875 leicht, einmal bei mir draussen. Es vergeht der Herbst, derßWinter
368 830 2531 951 es kommt das unfreundliche Frühjahr und da sie furchtbar an Neuralgien leidet so
377 951 2475 1060 sagt sie: so werde ich wieder nicht nach Rodaun kommen, und ich füge hinzu:
366 1015 2455 1131 und das mit dem Schnitzler wird nicht zusammengehen. Im Augenblick fällt uns
377 1131 2557 1240 ein, dass sie in ihrer Wohnung ganz allein ist, ihre Söhne in Prag, ihr Mann an
368 1223 2579 1319 der Riviera und es kommt uns, mit der halb kindischen Freude, etwas ungewöhnlich-
377 1308 2458 1426 es zu arrangieren, der Gedanke an dieses Frühstück. Aus Bescheidenheit, fügt
368 1395 2498 1510 sie hinzu, man sollte, damit Sie sich nicht langweilen, jemand Geschehrten ein-
366 1499 2534 1612 laden, der Ihnen neu und unterhaltend sein könnte, ich schlage Kassner vor, den
371 1603 2582 1690 ich Ihnen schon lange bekannt machen wollte, man wählt die Stunde des Frühstückes
371 1685 2565 1792 die Sie in nichts stören kann, ich weiss dass Sie nachmittags gern arbeiten und
368 1749 2506 1876 Ruhe haben, es ist eine Wohnung in der einneren Stadt, - - - ich überschreite
368 1845 2602 1946 eine seit 10 Jahren geübte Zurückhaltung und trage Ihnen diese Sache als herzlich-
371 1952 2582 2053 en Wunsch oder Bitte von mir vor, und Sie antworten dass Ihnen Mittagseinladungen
363 2025 2590 2138 un der nächsten Zeit unbequem sind! Ich kann wirklich nicht weiterschreiben
368 2152 2509 2258 weil ich zu erregt bin, und die Thränen in den Augen habe, natürlich nicht vor
368 2225 1114 2340 Rührung, sondern vor Zorn
366 2315 2481 2422 Da Sie aus dieser Heftigkeit vielleicht gerade bemerken wie herzlich gern ich
371 2410 2613 2531 Sie habe, so hoffe ich, dass dieser Brief Sie in keiner hässlichen Art ärgern wird
1170 2492 1716 2616 Von Herzen Ihr Hugo
2092 2568 2360 2680 30/3 902
366 2599 484 2689 194
360 2672 2399 2796 mein lieber Arthur ich danke Ihnen herzlich für Ihren lieben Brief. Ich
366 2787 2506 2886 denke Sie müssen wissen, dass eine solche Heftigkeit wie die meinige, eben nur
363 2872 2621 2973 gegen einen Menschen ausbrechen kann, der einen so nahe steht, dass ein " pickiert
357 2962 2450 3094 sein gar nicht eintreten kann, sondern eben nur ein plötzlicher Ausbruch von
357 3057 2528 3215 Ungeduld, wenn man merkt, dass der andere einem etwas unangenehmes tut, ohne das
