2711 3578
2241 209 2334 318 27
310 356 2396 519 das complexe Glück von Bewegung, Blick und Gedanken, sich Hergeben und sich-
307 457 2353 604 Behalten, Mitleid, Verliebtheit und Einsamkeit, dunklen Gewittern am Abend
313 532 2436 693 und blosgelben lautlosen Blitzen in der Nacht; um Anfang mehr die Melancholie
321 634 2348 802 der kleinen Eisenbahn mit dem Roth vom Sonnenuntergang auf den Kupfernägel
316 733 2353 893 der Bänke, mit den geschminkten und laut xxx redenden Frauen in allen
329 802 2361 984 stationen, mit dem plötzlichen Dunkel und Kaltwerden in dem kleinen Tunnel
326 893 2262 1061 und gleich darauf den harmlosen von nichts wissenden Bauernhäusern und
329 1008 2313 1147 kleinen Gärten; am Ende mehr die stundenlangen Gespräche in der Nacht im
332 1099 2283 1249 Regen, im Wald und auf der weissen nassen Landstrasse mit Edgar und das
334 1203 2182 1340 so starke aufgeregte Fühlen von sein und meinem Leben wie in einem.
337 1249 2345 1449 Als ein besonders merkwürdiger Tag erscheint mir der, wo wir mit Goldmann
337 1348 2398 1503 vor seiner Abreise zuerst beim Leopold waren und dann ein grosses Gewitter
345 1503 1644 1607 gekommen ist. Ich kann aber nicht finden warum.
342 1556 2388 1709 Heute nachmittag gehe ich auf Patrouille und bleib über Nacht aus. Morgen
350 1644 2428 1791 wann ich zurückgekommen bin und gebadet hab, wird der Pan daliegen, den mir
358 1727 2420 1893 der Salten geschickt hat. An solchen kleinen Freuden bringe ich mich wie an
356 1821 2152 1992 Springstöcken von Stein zu Stein über diese Oede hinüber.
1840 1933 2083 2061 Ihr Hugo
358 1936 1658 2110 Adieu, schreiben Sie und Richird mir doch bald.
1858 2094 2409 2217 Göding 9 August 95
366 2091 452 2262 74
877 2198 2473 2323 Es ist doch merkwürdig so wider seine Natur zu leben, wie
361 2246 783 2364 Lieber Arthur.
361 2273 2511 2430 ich es jetzt thus, unter Menschen, denen jeder Antheil schon fast wie Affesta-
369 2374 2420 2540 tion erscheint. Ich bin begierig wie ich das sehen werde, wenn ich von dem
380 2457 2444 2612 unmittelbraen Zwang befreit bin. Euch vermuthe ich mit den dänischen Buchten
374 2564 2479 2711 und der Münchner Bilderausstellung in Gedanken so spielend, wie mit Spieler-
382 2650 2412 2799 einn, die noch in der Schachtel sind. Es kränkt mich dass mir der Richard
377 2746 2441 2912 nicht schreibt. Seit 6 Wochen hat er mir einen Brief geschrieben, obwohl er
380 2845 2463 2989 weiss dass ich eine kindische Freude über jeden Brief hab= und hier wirklich
382 2936 2340 3075 wenig hab was mir Freude macht. Sonntag ist das Bannen. Wenn ich an der
382 3029 2516 3171 Bretterwund hinflieg und mir das Genick brach (unwahrscheinlich aber möglich)
