<?xml version="1.0" encoding="UTF-8" standalone="yes"?>
<PcGts xmlns="http://schema.primaresearch.org/PAGE/gts/pagecontent/2013-07-15" xmlns:xsi="http://www.w3.org/2001/XMLSchema-instance" xsi:schemaLocation="http://schema.primaresearch.org/PAGE/gts/pagecontent/2013-07-15 http://schema.primaresearch.org/PAGE/gts/pagecontent/2013-07-15/pagecontent.xsd">
    <Metadata>
        <Creator>prov=READ-COOP:name=TrHtr:version=2.1.0:model_id=51170:date=25_07_2023_07:01</Creator>
        <Created>2023-05-01T21:58:56.434+02:00</Created>
        <LastChange>2023-07-25T07:01:21.030+02:00</LastChange>
        <TranskribusMetadata docId="1416440" pageId="54946915" pageNr="84" tsid="130587030" status="IN_PROGRESS" userId="64420" imgUrl="https://files.transkribus.eu/Get?id=NJFUYTKWNSFVALDTZCEQTUCT&amp;fileType=view" xmlUrl="https://files.transkribus.eu/Get?id=ODEBPJIUYMZYWEUXXFJPBUAM" imageId="44451000"/>
    </Metadata>
    <Page imageFilename="1416440_0084.jpg" imageWidth="2311" imageHeight="3553">
        <ReadingOrder>
            <OrderedGroup id="ro_1711831072796" caption="Regions reading order">
                <RegionRefIndexed index="0" regionRef="tr_1"/>
            </OrderedGroup>
        </ReadingOrder>
        <TextRegion id="tr_1" custom="readingOrder {index:0;}">
            <Coords points="11,311 2272,311 2272,2956 11,2956"/>
            <TextLine id="tr_1_tl_1" custom="readingOrder {index:0;}">
                <Coords points="0,427 59,424 100,395 127,395 146,379 176,379 181,387 211,370 243,381 246,322 197,316 187,327 176,319 130,327 116,311 89,303 68,316 49,311 27,327 3,327"/>
                <Baseline points="14,370 26,370 71,370 116,367 161,364 206,361 250,361"/>
                <TextEquiv>
                    <Unicode>sehen und</Unicode>
                </TextEquiv>
            </TextLine>
            <TextLine id="tr_1_tl_2" custom="readingOrder {index:1;}">
                <Coords points="1319,460 1344,457 1360,465 1387,454 1398,465 1411,452 1419,457 1433,452 1449,465 1474,462 1476,357 1455,351 1441,357 1433,351 1422,362 1398,362 1374,373 1346,360 1322,365"/>
                <Baseline points="1334,420 1346,423 1391,418 1436,418 1480,418"/>
                <TextEquiv>
                    <Unicode>freut</Unicode>
                </TextEquiv>
            </TextLine>
            <TextLine id="tr_1_tl_3" custom="readingOrder {index:2;}">
                <Coords points="925,468 949,465 963,473 979,468 992,454 1006,454 1008,368 976,368 949,381 938,373 925,373"/>
                <Baseline points="940,435 967,432 1012,432"/>
                <TextEquiv>
                    <Unicode>abge=</Unicode>
                </TextEquiv>
            </TextLine>
            <TextLine id="tr_1_tl_4" custom="readingOrder {index:3;}">
                <Coords points="700,481 719,481 730,470 749,479 760,470 800,473 800,308 754,308 741,316 727,303 700,306"/>
                <Baseline points="716,441 761,441 806,441"/>
                <TextEquiv>
                    <Unicode>a ets</Unicode>
                </TextEquiv>
            </TextLine>
            <TextLine id="tr_1_tl_5" custom="readingOrder {index:4;}">
                <Coords points="519,476 533,479 565,454 570,460 587,454 598,460 614,457 627,470 649,465 652,384 611,379 581,387 570,387 565,381 557,387 525,387"/>
                <Baseline points="537,450 567,447 612,447 656,444"/>
                <TextEquiv>
                    <Unicode>niem.</Unicode>
                </TextEquiv>
            </TextLine>
            <TextLine id="tr_1_tl_6" custom="readingOrder {index:5;}">
                <Coords points="300,465 322,462 338,470 346,462 365,465 379,460 387,468 395,460 419,462 419,403 406,403 400,408 389,403 384,408 362,403 357,406 322,373 300,373"/>
                <Baseline points="316,453 361,453 406,453 423,453"/>
                <TextEquiv>
                    <Unicode>dener</Unicode>
                </TextEquiv>
            </TextLine>
            <TextLine id="tr_1_tl_7" custom="readingOrder {index:6;}">
                <Coords points="0,479 27,487 41,473 59,473 76,484 100,470 124,484 203,462 265,468 268,408 235,392 181,395 173,387 157,403 127,392 97,395 62,424 0,427"/>
                <Baseline points="11,462 44,462 89,459 134,459 179,456 223,456 268,456"/>
                <TextEquiv>
                    <Unicode>und von</Unicode>
                </TextEquiv>
            </TextLine>
            <TextLine id="tr_1_tl_8" custom="readingOrder {index:7;}">
                <Coords points="3,573 78,608 178,560 965,576 1146,552 1149,484 625,452 5,508"/>
                <Baseline points="17,558 59,561 104,558 149,555 194,555 238,552 283,549 328,546 337,546 346,546 391,543 435,543 480,543 525,543 570,540 615,540 659,540 704,537 749,537 794,534 838,534 883,531 928,528 973,528 1018,528 1062,525 1107,525 1152,522"/>
                <TextEquiv>
                    <Unicode>zu sehen, ehe das Haus und die Kinder seit</Unicode>
                </TextEquiv>
            </TextLine>
            <TextLine id="tr_1_tl_9" custom="readingOrder {index:8;}">
                <Coords points="1298,635 1336,635 1357,654 1419,633 1484,649 1565,635 1568,541 1503,541 1474,552 1460,538 1422,560 1403,552 1368,560 1349,546 1301,541"/>
                <Baseline points="1316,606 1352,606 1397,603 1442,603 1486,603 1531,600 1576,600"/>
                <TextEquiv>
                    <Unicode>wirklich g</Unicode>
                </TextEquiv>
            </TextLine>
            <TextLine id="tr_1_tl_10" custom="readingOrder {index:9;}">
                <Coords points="197,662 611,638 635,668 776,643 984,676 1030,638 1255,646 1257,554 200,600"/>
                <Baseline points="211,641 232,644 277,644 322,641 367,641 412,638 456,638 501,635 546,635 591,635 635,635 680,632 725,632 770,627 815,627 859,627 904,624 949,624 994,624 1039,618 1083,618 1128,615 1173,612 1218,612 1262,612"/>
                <TextEquiv>
                    <Unicode>diret wieder Ihr im Fortgehen, da war ich</Unicode>
                </TextEquiv>
            </TextLine>
            <TextLine id="tr_1_tl_11" custom="readingOrder {index:10;}">
                <Coords points="0,762 1668,733 1776,719 1779,641 3,681"/>
                <Baseline points="14,743 53,743 98,743 143,743 188,740 232,740 277,737 322,737 367,734 412,734 456,731 501,731 546,728 591,728 635,725 680,725 725,722 770,722 815,719 859,719 906,720 906,720 934,716 979,713 1024,713 1068,713 1113,710 1158,707 1203,707 1248,704 1292,704 1337,701 1382,701 1427,698 1471,695 1516,692 1561,692 1606,692 1651,689 1695,689 1740,686 1785,683"/>
                <TextEquiv>
                    <Unicode>Uhr wieder und so wird dieser Brief Sie bald finden und man wird</Unicode>
                </TextEquiv>
            </TextLine>
            <TextLine id="tr_1_tl_12" custom="readingOrder {index:11;}">
                <Coords points="0,868 2071,819 2104,719 3,800"/>
                <Baseline points="14,838 50,838 95,838 140,836 185,833 229,833 274,833 319,833 364,830 409,827 453,827 498,827 543,824 588,821 632,821 677,818 722,815 767,815 812,815 856,812 901,812 946,812 991,809 1036,806 1080,806 1125,803 1170,803 1215,800 1259,800 1304,797 1349,794 1394,794 1439,791 1483,791 1528,791 1573,788 1618,788 1663,785 1707,785 1752,782 1797,782 1842,779 1886,779 1931,773 1976,773 2021,770 2066,767 2110,767"/>
                <TextEquiv>
                    <Unicode>mehr lang sein, ohne sich zu sehen. Vieles Gute Liebe an Olga Ihr Hugo</Unicode>
                </TextEquiv>
            </TextLine>
            <TextLine id="tr_1_tl_13" custom="readingOrder {index:12;}">
                <Coords points="1268,944 1595,890 1728,919 2241,892 2244,789 1271,830"/>
                <Baseline points="1285,893 1304,889 1349,886 1394,886 1439,886 1483,883 1528,880 1573,880 1618,880 1663,877 1707,877 1752,874 1797,871 1842,871 1886,868 1931,865 1976,865 2021,865 2066,865 2112,864 2112,864 2158,856 2203,859 2248,853"/>
                <TextEquiv>
                    <Unicode>2/VI 11</Unicode>
                </TextEquiv>
            </TextLine>
            <TextLine id="tr_1_tl_14" custom="readingOrder {index:13;}">
                <Coords points="3,957 143,981 365,922 1082,898 1260,933 1282,830 1109,865 984,814 362,871 5,852"/>
                <Baseline points="17,928 32,928 77,928 122,925 167,922 211,922 256,922 301,916 346,919 391,916 435,919 480,916 528,914 528,914 567,913 612,910 656,910 701,910 746,907 791,907 836,907 880,907 925,907 970,898 1015,901 1059,898 1104,895 1149,895 1194,895 1239,892 1285,893"/>
                <TextEquiv>
                    <Unicode>3322eren Sommer in Wien, ist jetzt bei uns, fr</Unicode>
                </TextEquiv>
            </TextLine>
            <TextLine id="tr_1_tl_15" custom="readingOrder {index:14;}">
                <Coords points="8,1036 1998,1006 2144,992 2147,917 11,965"/>
                <Baseline points="26,1018 47,1018 92,1018 137,1018 182,1015 226,1015 271,1012 316,1012 361,1009 406,1009 450,1006 495,1006 540,1006 585,1006 629,1003 674,1003 719,1003 764,997 809,997 853,997 898,994 943,994 988,991 1033,991 1077,988 1122,988 1167,985 1212,985 1256,982 1301,979 1346,979 1391,976 1436,973 1480,973 1525,973 1570,973 1615,970 1660,967 1704,967 1749,964 1794,964 1839,961 1883,961 1928,958 1973,958 2018,955 2063,955 2107,952 2152,949"/>
                <TextEquiv>
                    <Unicode>mein lieber Arthur, ich will unbedingt auf den Semmering hinauf, dort 2 Tage</Unicode>
                </TextEquiv>
            </TextLine>
            <TextLine id="tr_1_tl_16" custom="readingOrder {index:15;}">
                <Coords points="3,1119 2055,1092 2163,1079 2166,1008 3,1065"/>
                <Baseline points="17,1113 23,1110 68,1110 113,1110 158,1107 203,1104 247,1104 292,1104 337,1104 382,1101 426,1098 471,1098 516,1098 561,1098 606,1095 650,1092 695,1092 740,1089 785,1089 830,1086 874,1086 919,1083 964,1083 1009,1080 1053,1077 1098,1077 1143,1077 1188,1074 1233,1071 1277,1071 1322,1071 1367,1068 1412,1068 1457,1068 1501,1068 1546,1065 1591,1062 1636,1059 1680,1059 1725,1056 1770,1056 1815,1053 1860,1053 1904,1053 1949,1050 1994,1047 2039,1045 2084,1045 2128,1042 2173,1045"/>
                <TextEquiv>
                    <Unicode>mit Ihnen verbringen. Es ist ein freundlicher Gebrauch, dass man gleichzeitig</Unicode>
                </TextEquiv>
            </TextLine>
            <TextLine id="tr_1_tl_17" custom="readingOrder {index:16;}">
                <Coords points="5,1244 2104,1182 2136,1076 8,1155"/>
                <Baseline points="20,1200 38,1200 83,1203 128,1200 173,1200 217,1197 262,1197 307,1197 352,1194 397,1194 441,1191 486,1191 531,1188 576,1188 621,1185 665,1185 710,1182 755,1182 800,1179 844,1179 889,1176 934,1176 979,1176 1024,1176 1068,1173 1113,1170 1158,1170 1203,1167 1248,1167 1292,1164 1337,1161 1382,1161 1427,1158 1471,1158 1516,1155 1561,1155 1606,1155 1651,1152 1695,1149 1740,1149 1785,1146 1830,1146 1875,1143 1919,1143 1964,1140 2009,1140 2054,1137 2098,1134 2143,1128"/>
                <TextEquiv>
                    <Unicode>Sauf der Welt ist und man soll daran möglichst festhalten. Aber Schönherr ist</Unicode>
                </TextEquiv>
            </TextLine>
            <TextLine id="tr_1_tl_18" custom="readingOrder {index:17;}">
                <Coords points="3,1311 2139,1279 2141,1179 5,1260"/>
                <Baseline points="17,1292 38,1295 83,1292 128,1289 173,1289 217,1289 262,1289 307,1286 352,1286 397,1283 441,1280 486,1280 531,1280 576,1277 621,1277 665,1277 710,1274 755,1274 800,1271 844,1271 889,1268 934,1265 979,1265 1024,1265 1068,1262 1113,1262 1158,1262 1203,1259 1248,1259 1292,1256 1337,1256 1382,1254 1427,1251 1471,1251 1516,1251 1561,1248 1606,1248 1651,1248 1695,1245 1740,1242 1785,1242 1830,1236 1875,1236 1919,1233 1964,1233 2009,1233 2054,1230 2098,1227 2143,1239"/>
                <TextEquiv>
                    <Unicode>mir ausgesucht fatal, mit ihm näher bekannt zum werden, bei Mahlzeiten zu-</Unicode>
                </TextEquiv>
            </TextLine>
            <TextLine id="tr_1_tl_19" custom="readingOrder {index:18;}">
                <Coords points="27,1422 2125,1374 2198,1265 30,1311"/>
                <Baseline points="44,1385 56,1382 101,1382 146,1382 191,1382 235,1382 280,1379 325,1379 370,1376 415,1376 459,1376 504,1373 549,1373 594,1373 638,1370 683,1370 728,1367 773,1364 818,1361 862,1361 907,1361 952,1358 997,1355 1042,1355 1086,1352 1131,1352 1176,1349 1221,1352 1265,1352 1310,1349 1355,1346 1400,1346 1445,1343 1489,1343 1534,1340 1579,1337 1624,1337 1669,1334 1713,1334 1758,1331 1803,1331 1848,1328 1892,1328 1937,1328 1982,1325 2027,1325 2072,1322 2116,1319 2161,1316 2206,1316"/>
                <TextEquiv>
                    <Unicode>sammensitzen u.s.f. ein wirklich kaum erträglicher Gedanke. Ueberhaupt werden</Unicode>
                </TextEquiv>
            </TextLine>
            <TextLine id="tr_1_tl_20" custom="readingOrder {index:19;}">
                <Coords points="5,1492 2055,1465 2133,1368 8,1414"/>
                <Baseline points="20,1480 32,1480 77,1477 122,1477 167,1477 211,1474 256,1474 301,1474 346,1471 391,1468 435,1465 480,1465 525,1465 570,1465 615,1463 659,1463 704,1460 749,1457 794,1457 838,1457 883,1454 928,1454 973,1454 1018,1451 1062,1448 1107,1445 1152,1445 1197,1442 1242,1442 1286,1442 1331,1442 1376,1439 1421,1436 1465,1436 1510,1433 1555,1433 1600,1430 1645,1430 1689,1430 1734,1430 1779,1427 1824,1427 1869,1424 1913,1424 1958,1421 2003,1421 2048,1418 2092,1415 2137,1415"/>
                <TextEquiv>
                    <Unicode>mir Litteraten immer bedenklicher. Aber er kommt wohl auch nur auf 1-2 Tage</Unicode>
                </TextEquiv>
            </TextLine>
            <TextLine id="tr_1_tl_21" custom="readingOrder {index:20;}">
                <Coords points="1795,1541 1817,1549 1844,1549 1855,1541 1868,1547 1879,1544 1890,1552 1922,1547 1933,1463 1909,1460 1903,1465 1890,1457 1868,1455 1852,1468 1803,1465"/>
                <Baseline points="1813,1524 1860,1519 1904,1513 1934,1507"/>
                <TextEquiv>
                    <Unicode> reçu:g-</Unicode>
                </TextEquiv>
            </TextLine>
            <TextLine id="tr_1_tl_22" custom="readingOrder {index:21;}">
                <Coords points="14,1601 695,1644 935,1560 1322,1538 1501,1598 1733,1549 1736,1460 16,1498"/>
                <Baseline points="29,1567 35,1570 80,1570 125,1570 170,1567 214,1570 259,1570 304,1567 349,1564 394,1564 438,1561 483,1558 528,1558 573,1558 618,1558 662,1555 707,1555 752,1555 797,1552 841,1552 886,1549 931,1546 976,1546 1021,1546 1065,1543 1110,1540 1155,1540 1200,1537 1245,1540 1289,1540 1334,1537 1379,1534 1424,1534 1468,1531 1513,1528 1558,1534 1603,1531 1648,1525 1692,1519 1739,1523"/>
                <TextEquiv>
                    <Unicode>hinauf, kommt vielleicht gar nicht, etc etc...</Unicode>
                </TextEquiv>
            </TextLine>
            <TextLine id="tr_1_tl_23" custom="readingOrder {index:22;}">
                <Coords points="1463,1641 1576,1666 1655,1638 1757,1663 1830,1633 1971,1655 2087,1625 2141,1647 2149,1538 1812,1544 1679,1576 1614,1557 1498,1598 1465,1587"/>
                <Baseline points="1477,1636 1513,1639 1558,1636 1603,1624 1603,1624 1648,1618 1692,1618 1737,1615 1782,1612 1827,1609 1872,1612 1916,1609 1961,1606 2006,1606 2051,1603 2095,1603 2140,1600 2152,1600"/>
                <TextEquiv>
                    <Unicode>Aussee 11/IX 911</Unicode>
                </TextEquiv>
            </TextLine>
            <TextLine id="tr_1_tl_24" custom="readingOrder {index:23;}">
                <Coords points="59,1674 81,1674 100,1690 111,1684 138,1711 146,1706 168,1706 170,1622 138,1620 89,1595 73,1603 59,1603"/>
                <Baseline points="74,1663 86,1660 131,1663 176,1657"/>
                <TextEquiv>
                    <Unicode>am 322.</Unicode>
                </TextEquiv>
            </TextLine>
            <TextLine id="tr_1_tl_25" custom="readingOrder {index:24;}">
                <Coords points="16,1776 2128,1741 2147,1644 1127,1674 919,1606 684,1695 184,1711 19,1655"/>
                <Baseline points="32,1746 47,1746 92,1752 137,1749 182,1749 226,1749 271,1749 316,1746 361,1746 406,1743 450,1743 495,1743 540,1740 585,1740 629,1740 674,1737 719,1737 764,1734 809,1734 853,1731 898,1731 943,1728 988,1728 1033,1725 1077,1722 1122,1722 1167,1722 1212,1722 1256,1719 1301,1719 1346,1716 1391,1716 1436,1716 1480,1716 1525,1713 1570,1710 1615,1710 1660,1707 1704,1707 1749,1707 1794,1704 1839,1704 1883,1701 1928,1698 1973,1698 2018,1695 2063,1695 2107,1692 2152,1692"/>
                <TextEquiv>
                    <Unicode>mein lieber Arthur, die traurige Nachricht fand ich, nach einigen trüben An-</Unicode>
                </TextEquiv>
            </TextLine>
            <TextLine id="tr_1_tl_26" custom="readingOrder {index:25;}">
                <Coords points="14,1868 1876,1841 2131,1801 2133,1741 16,1776"/>
                <Baseline points="32,1839 35,1842 80,1842 125,1845 170,1842 214,1842 259,1842 304,1839 349,1836 394,1836 438,1836 483,1836 528,1836 573,1833 618,1830 662,1830 707,1830 752,1827 797,1827 841,1824 886,1824 931,1824 976,1821 1021,1821 1065,1818 1110,1818 1155,1815 1200,1815 1245,1815 1289,1812 1334,1812 1379,1809 1424,1809 1468,1806 1513,1806 1558,1803 1603,1803 1648,1800 1692,1800 1737,1797 1782,1797 1827,1794 1872,1794 1916,1794 1961,1791 2006,1794 2051,1794 2095,1785 2140,1785"/>
                <TextEquiv>
                    <Unicode>Heutungen durch Freunde, heute morgens in der Zeitung - so war es unmöglich</Unicode>
                </TextEquiv>
            </TextLine>
            <TextLine id="tr_1_tl_27" custom="readingOrder {index:26;}">
                <Coords points="130,1944 1809,1947 1874,1925 1876,1833 132,1887"/>
                <Baseline points="146,1931 176,1931 220,1931 265,1931 310,1928 355,1928 400,1925 444,1925 489,1925 534,1925 579,1925 624,1922 668,1919 713,1919 758,1919 803,1919 847,1919 892,1916 937,1913 982,1913 1027,1910 1071,1910 1116,1910 1161,1907 1206,1907 1251,1904 1295,1904 1340,1901 1385,1898 1430,1898 1474,1898 1519,1898 1564,1895 1609,1892 1654,1892 1698,1889 1743,1892 1788,1889 1833,1886 1878,1889"/>
                <TextEquiv>
                    <Unicode>knecht zu kommen um dem Begräbnis Ihrer guten Mutter beizuwohnen.</Unicode>
                </TextEquiv>
            </TextLine>
            <TextLine id="tr_1_tl_28" custom="readingOrder {index:27;}">
                <Coords points="268,2036 2171,2017 2187,1928 270,1976"/>
                <Baseline points="283,2018 313,2021 358,2021 403,2018 447,2018 492,2015 537,2015 582,2015 627,2015 671,2015 716,2015 761,2012 806,2009 850,2006 895,2006 940,2006 985,2003 1030,2003 1074,2000 1119,2000 1164,2000 1209,1997 1254,1997 1298,1994 1343,1994 1388,1991 1433,1991 1477,1991 1522,1988 1567,1988 1612,1985 1657,1985 1701,1985 1746,1985 1791,1985 1836,1982 1881,1982 1925,1979 1970,1976 2015,1973 2060,1973 2104,1970 2149,1967 2194,1967"/>
                <TextEquiv>
                    <Unicode>nicht mehr ist, ist auch für die Fernstehenden unfassbar, ja es ist</Unicode>
                </TextEquiv>
            </TextLine>
            <TextLine id="tr_1_tl_29" custom="readingOrder {index:28;}">
                <Coords points="257,2141 2063,2112 2195,2085 2198,2009 260,2039"/>
                <Baseline points="274,2110 277,2113 322,2110 367,2110 412,2110 456,2110 501,2107 546,2107 591,2104 635,2104 680,2104 725,2101 770,2101 815,2098 859,2098 904,2098 949,2095 994,2095 1039,2092 1083,2092 1128,2092 1173,2090 1218,2090 1262,2087 1307,2087 1352,2087 1397,2084 1442,2084 1486,2081 1531,2081 1576,2081 1621,2081 1666,2081 1710,2078 1755,2075 1800,2072 1845,2072 1889,2072 1934,2069 1979,2069 2024,2066 2069,2066 2113,2066 2158,2063 2203,2057"/>
                <TextEquiv>
                    <Unicode>wortete das menschliche Innere auf die Zumutung, dies hinzunehmen, mit</Unicode>
                </TextEquiv>
            </TextLine>
            <TextLine id="tr_1_tl_30" custom="readingOrder {index:29;}">
                <Coords points="273,2233 2028,2209 2125,2201 2128,2101 276,2133"/>
                <Baseline points="289,2206 295,2206 340,2203 385,2206 429,2203 474,2200 519,2200 564,2197 609,2197 653,2194 698,2194 743,2194 788,2194 833,2191 877,2191 922,2188 967,2188 1012,2185 1056,2185 1101,2185 1146,2182 1191,2182 1236,2179 1280,2179 1325,2179 1370,2176 1415,2176 1460,2176 1504,2173 1549,2173 1594,2170 1639,2167 1683,2167 1728,2164 1773,2164 1818,2164 1863,2161 1907,2158 1952,2158 1997,2161 2042,2158 2087,2158 2133,2156"/>
                <TextEquiv>
                    <Unicode>verdoppelten Lebhaftigkeit der Vorstellung. So lebt Ihre Mutter immer</Unicode>
                </TextEquiv>
            </TextLine>
            <TextLine id="tr_1_tl_31" custom="readingOrder {index:30;}">
                <Coords points="1200,2306 1895,2279 2068,2301 2149,2277 2152,2212 1866,2182 1547,2195 1490,2225 1206,2198"/>
                <Baseline points="1217,2276 1262,2272 1307,2269 1352,2269 1397,2266 1442,2263 1486,2260 1531,2263 1576,2263 1621,2263 1666,2260 1710,2260 1755,2257 1800,2257 1845,2254 1889,2254 1934,2251 1979,2251 2024,2248 2069,2248 2113,2248 2155,2245"/>
                <TextEquiv>
                    <Unicode>und immer wieder nach 10 nach 15</Unicode>
                </TextEquiv>
            </TextLine>
            <TextLine id="tr_1_tl_32" custom="readingOrder {index:31;}">
                <Coords points="330,2323 462,2350 635,2323 687,2287 806,2287 984,2336 1165,2301 1168,2209 330,2250"/>
                <Baseline points="346,2296 361,2296 406,2293 450,2293 495,2293 540,2290 585,2290 629,2290 674,2287 719,2287 764,2287 809,2287 853,2284 898,2281 943,2281 988,2278 1033,2278 1077,2275 1122,2275 1170,2272"/>
                <TextEquiv>
                    <Unicode>xxx für mich in diesen Stunden</Unicode>
                </TextEquiv>
            </TextLine>
            <TextLine id="tr_1_tl_33" custom="readingOrder {index:32;}">
                <Coords points="273,2441 1593,2358 2266,2409 2268,2285 276,2328"/>
                <Baseline points="292,2388 301,2388 346,2388 391,2385 435,2385 480,2385 525,2382 570,2382 615,2382 659,2382 704,2379 749,2379 794,2376 838,2373 883,2373 928,2373 973,2370 1018,2370 1062,2370 1107,2367 1152,2367 1197,2364 1242,2364 1286,2364 1331,2364 1376,2361 1421,2361 1465,2364 1510,2361 1555,2358 1600,2355 1645,2352 1689,2352 1734,2352 1779,2349 1824,2349 1869,2346 1913,2343 1958,2343 2003,2343 2048,2343 2092,2343 2137,2340 2182,2340 2227,2340 2272,2337"/>
                <TextEquiv>
                    <Unicode>Jahren kommt für mich ein einsamer Spaziergang, eine stockende Arbeits-</Unicode>
                </TextEquiv>
            </TextLine>
            <TextLine id="tr_1_tl_34" custom="readingOrder {index:33;}">
                <Coords points="484,2496 633,2482 695,2506 792,2474 849,2498 984,2493 1092,2466 1117,2487 1157,2471 1160,2412 1017,2420 979,2398 857,2431 665,2385 487,2409"/>
                <Baseline points="498,2475 537,2478 582,2478 627,2475 671,2475 716,2472 761,2472 806,2469 850,2469 895,2466 940,2466 985,2463 1030,2463 1074,2460 1119,2460 1164,2457"/>
                <TextEquiv>
                    <Unicode>ein Todter so völlig auf</Unicode>
                </TextEquiv>
            </TextLine>
            <TextLine id="tr_1_tl_35" custom="readingOrder {index:34;}">
                <Coords points="987,2861 1044,2861 1092,2890 1165,2863 1317,2890 1417,2863 1471,2890 1533,2871 1533,2763 1465,2777 1414,2761 1360,2782 1328,2761 1298,2779 1209,2766 1165,2790 1106,2774 1033,2804 987,2788"/>
                <Baseline points="1003,2836 1047,2836 1092,2836 1137,2836 1182,2833 1227,2833 1271,2833 1316,2830 1361,2833 1406,2830 1451,2830 1495,2830 1540,2824"/>
                <TextEquiv>
                    <Unicode>wie in den Kindern,</Unicode>
                </TextEquiv>
            </TextLine>
            <TextLine id="tr_1_tl_36" custom="readingOrder {index:35;}">
                <Coords points="1314,2947 1330,2947 1346,2961 1363,2963 1392,2950 1406,2961 1417,2952 1444,2950 1463,2969 1492,2966 1495,2882 1468,2890 1444,2871 1428,2874 1417,2863 1398,2877 1392,2871 1371,2874 1357,2885 1355,2879 1317,2879"/>
                <Baseline points="1328,2926 1364,2923 1409,2923 1454,2923 1498,2923"/>
                <TextEquiv>
                    <Unicode>giebt,</Unicode>
                </TextEquiv>
            </TextLine>
            <TextLine id="tr_1_tl_37" custom="readingOrder {index:36;}">
                <Coords points="457,2966 500,2982 506,2977 525,2977 538,2993 565,2982 579,2985 584,2898 568,2893 538,2896 514,2874 508,2877 497,2869 489,2858 465,2858"/>
                <Baseline points="474,2946 498,2946 543,2940 588,2940"/>
                <TextEquiv>
                    <Unicode>gleich</Unicode>
                </TextEquiv>
            </TextLine>
        </TextRegion>
    </Page>
</PcGts>
