2705 3608
2171 221 2259 318 41
2312 263 2392 384 99
1609 301 2292 426 Alt Aussee 31/VII
229 371 348 517 156
224 371 2389 617 Mein lieber Arthur, denken Sie doch was uns ein neues Stück von Ihnen für eine
235 495 2408 683 Freude ist, dem Richard und mir. Ich war so froh, dass Sie mir über Ihre Arbeit
238 586 2417 791 und über eine Besserung in Richards Stimmung schreiben. Ich lebe jetzt hier ein
241 688 2447 868 gedankenloses Leben mit Teunis und byciole - polo, nach einer Zeit werde ich
241 780 2466 959 an den 3 ten Act gehen. Vielleicht wenn Sie nach Ischl gehen in Isohl! Oder beide
1136 865 2444 1023 Ich wünsche Ihnen und den andern möglichst viel
243 946 617 1059 in Salzburg?
246 973 2394 1145 Freude von der Fusspartie. Clemes Frankenstein lässt den Wassermann fragen was
1175 1059 1745 1230 Herzlichst Ihr Hugo
246 1125 899 1247 mit dem Operntext ist.
2002 1211 2190 1335 6/8 99
260 1313 384 1430 158
268 1302 2226 1493 Ich freu mich zu denken, dass Sie alle beisammen sind und diese schönen
274 1416 2284 1595 Sternennächte geniesst. Franckenstein freut sich sehr auf Wassermann. Ich
271 1535 2394 1687 erbitte von Richard noch nähere Nachrichten wo er vom 13 - 16 ten ist, ebenso
274 1595 2121 1789 von Ihnen. Alt Aussee Gasthaus Brunthaler. Bin sehr erholt und wohl
1219 1698 1872 1861 Herzlichst Euer Hugo
274 1938 888 2060 x̆8 „ xⱥ9, 1ῆ „ 1§X„
1994 1933 2433 2074 Vahrn 27/9 99
271 2046 401 2162 162
282 2041 2461 2253 Mein lieber Arthur, wir sind heute recht fleissig so öhnlich wie wir 2 in Ischl
279 2173 2328 2336 Mein Stück aber wird immer schwerer oder ich immer dümmer. Morgen geht der
1297 2262 1380 2320 ich
296 2270 2461 2414 Richard nach St Michael in Eppan und dh nach Venedig Hotel Britania. Vielleicht
1897 2331 2143 2441 Ihr Hugo
299 2353 1767 2527 werde ich dort gescheidter. Dieses wünscht Ihnen sehr
1629 2472 2309 2630 192 Bd Haussmann  Paris
296 2538 409 2715 163
1759 2599 2176 2701 15 März 1900
299 2668 2317 2806 Mein lieber Arthur, es geht einem hier merkwürdig ohne einzelnen Menschen
307 2768 2345 2892 übermässig nahezutreten ist man doch von einem solchen Gewirr von Menschen
307 2856 2469 2989 und Bestrebungen umgeben, dass einem zuhause und Deutschland ungeheuer weit weg
307 2947 2444 3069 vorkommt. Für mich hat eine solche Augustion etwas sehr gutes. Schon lang habe
307 3064 2419 3218 ich mich nicht so frei gefühlt, michnicht so zusammenfassen können. Es fällt
