2503 3555
2073 141 2212 261 73:
2242 130 2364 245 mais
1245 130 1367 250 -
258 234 2378 348 lesen haben war es nicht - das hatte ich weder getan noch vermeinte ich Ihnen
361 321 2294 435 h. extra noch nach Jahren mitzuteilen, dass ich es getan hätte. Kein 4.
340 435 2332 522 ndern wenn ich schrieb; halb absichtlich, halb unabsichtlicht,? so meinte
299 492 2446 620 ch einen jener Schweberzustände des Willens, zwischen Bewusstamte und Unber-
261 611 2446 701 wusst, aber doch ziemlich tief im Unbewussten, dem Freud in der asychopathelogie
258 693 2402 807 des Alltagslebens ganze Nester und Ketten sehr geistreich nachgewiesen hat,
258 783 2402 899 jenes scheinbar völlig unbewusste fallen - lassen eines Bildesd weil man gegen
261 867 2394 978 die Person die das Bild darstellt, etwas verborgenes böses auf dem Herzen hat,
296 970 2291 1063 kurz eine Tat, die von keinerlei Ferum gezogen werden kann, kaum vor das
1671 1033 1769 1087 sie
245 1052 2310 1174 des allerzartesten eigenen Gewissens, so sehr verbirgt sich xxx ins dunkel
253 1155 2321 1255 des Unbewussten - und wenn ich das heute ausspreche, so nehme ich xxxx zum
247 1236 2405 1345 intim erregten Zustand gegen das Buch, aber heute historisch, fühle mich frei
250 1340 2424 1454 davon und darf darum gerade aus Ihrer Hand mit allem, auch dem zartesten Recht
247 1419 2323 1541 ein neues Exemplar erbitten. xxx Dass ich ein Examplar mit einer Zueignung
239 1514 2326 1617 im bürgerlichen Sinn ebenso wenig in der Eisenbahn liegen lassen wollte,? X
242 1609 2372 1712 als meine Regenschirm oder Spazierstock, das lieber Arthur, bitte ich Sie, zu
231 1693 2247 1807 glauben. So. Ich habe dies ausgesprochen weil ich finde, dass man in so
247 1807 2291 1900 zarten Dingen, wie Freundschaft und Libbe, auch das auf sich nehmen muss,
258 1886 2367 1995 was man hätte begehen können. Und dass ich ein solches symbolisches Liegen-
258 1981 2375 2084 lassen des Buches damals hätte vollbringen können, glaube ich darum, weil ich
280 2068 2389 2174 mir eben eingebildet hatte, ich hätte es wirklich in der Eisenbahn verloren.
258 2160 2397 2275 Nun weiss ich seit gestern, dass gar nicht ich das Buch verloren habe, sondern
280 2256 2383 2356 ertz, die darüber natürlich sehr unglücklich war, eben der Widmung wegen,
272 2353 2381 2451 vergeblich bei Conducteuren und Stationschefs sich bemühte es wiederzubekommen
250 2454 1391 2560 und es aber nicht wiedererlangen konnte.
1432 2451 2326 2563 Es war also eine Gedächtnis¬
2275 2487 2402 2573 le reste de ses
266 2527 2410 2644 täuschung meinerseits, und die unglücklichen Worte jener Nachschrift aus Graetz
228 2620 2364 2737 haben sich auf ein doppelt - nichtgeschehenes bezogen, auf den Schatten eines
247 2704 1054 2840 Schattens oder noch weniger.
1103 2709 2060 2843 Also seien Sie mir wieder gut,
2239 2737 2364 2840 liebe:
190 2815 1889 2929 Arthur, und glauben Sie weiter was Sie zu glauben, denke ich
212 2889 1913 3006 haben, dass es sehr wenige Menschen auf der Welt geben wird,
