2736 3594
1914 312 2041 447 1 ij
317 349 420 481 27
510 293 769 468 G.C.H.F.S
333 431 1711 579 Theophil Morren ; Hohe Gitter, Taxushecken...
1935 473 2374 590 1892 27/VII
333 558 426 658 28
658 568 751 648 G.F.P.
336 595 2364 730 Rieber Arthur. Besten Dank für die übergrosse Rücksicht. Natürlich keine
338 658 2252 838 Erwähnung im Inhaltsverzeichnis. Als Titel gienge nur: "Einleitung
357 761 2279 933 " als Einleitung " oder dergleichen, wie Sie wollen. Unter dem Gedicht
346 851 2379 1034 glaub ich, sollte stehen etwa : Loris Herbst 1892. oder ein noch genaueres
349 978 2300 1097 Datum. Ich freue mich, dass es endlich zustande kommt gekommen ist und
357 1068 1853 1221 erwarte recht bald einen Brief. Herzlichst Loris
1925 1058 2070 1169 G.H.F.P
2390 1116 2477 1229 92
1980 1124 2345 1256 Fusch 4/VIII
584 1203 674 1319 G.H.F.P.
346 1208 444 1393 29
357 1317 2350 1475 Lieber Arthur. Da haben Sie die Märchenkritik der Herzfeld. Ich habe ihr
357 1414 2424 1576 für die sympathische Ausführlichkeit gedankt und ihr von dem Erscheinen des
362 1510 1927 1639 Anatol Buches gesprochen ; wie heisst denn der Verlag? -
370 1597 2451 1740 Ich habe den ersten Act ( 654 Verse) vollendet, den zweiten beinahe. Unsere
367 1695 2422 1845 Arbeit zu arbeiten (im Drama) ist nicht gar so verschieden, wie Sie anzu-
233 1705 354 1888 (art3)
367 1792 2345 1909 nehmen scheinen: was ich aus spätere Acten vorausarbeiten kann, sind
370 1874 2398 2001 nicht geschlossene Scenen, sondern reine Farbenscizzen i Worte und Dialog-
381 1972 2435 2099 stellen, die immoft dann gar nicht aufgenommen werden, mir aber als Parfum
375 2052 2366 2194 flaschen, als Stimmungsaocumulatoren und Condensatoren dienen, damit die
383 2152 2395 2284 Suppestion im Laufe der Detailarbeit nicht verloren geht; das Ganze hängt
383 2245 2371 2398 wahrscheinlich mit meiner Ihnen gegenüber mehr lyrischen, mehr auf Farbe
381 2334 2401 2469 hinarbeitenden Technik zusammen. Wie lange bleiben Sie in Wien? Kann man
389 2411 2498 2557 Ihnen während der Waffenübung schreiben? Ich freue mich sehr auf die Novell-
381 2517 2451 2668 ich hoffe Sie werden nichts vor meiner Rückkehr vorlesen. Ich bin vom 7-31
2038 2607 2395 2705 Loris
1306 2612 1869 2736 Herzlichst grüssend
389 2620 1158 2765 August in Streel bei Ischl.
383 2702 2453 2837 PS Was die Herzfeld von nothwendiger Technik für Bühnenfernbirkung und
394 2794 2356 2935 von "concentrierter" Natürlichkeit des Dalogs sagt, scheint mir sehr
389 2853 2509 3017 vernünftig.; es ist dies thatsächlich die Erfahrung des allerletsten Theater-
383 2972 2393 3138 jahres für jeden Objestiven und für künftige Arbeiten nicht unwichtig:
381 3077 2340 3241 ganz die gleichen Ratschläge, mit zahllosen andern höchst wertvollen,
