2616 3535
238 162 2284 359 solche Dingen vier Wochen den Kopf verderben können., telegraphiert in der
238 327 2282 454 ersten halben Stunde, hofft doch ein bisschen, dass der andere auch irgend
235 418 2368 543 etwas von dieser Ungeduld hat, hofft in diesem Fall es wird heissen
238 516 2282 632 übermorgen kommen wir zu Euch und dann müssen Sie zu uns konnen, ich lese
235 608 2333 740 Ihnen was vor.. und dann bekommt man die Antwort aus der man so sehr spürt
238 697 2357 813 dass der andere sich nicht will aus seiner "Einteilung" bringen lassen. Ich
240 796 2411 937 etwas traurig darüber. Wahrscheinlich ist das ganz dumm, aber es ist vielleicht
2114 880 2260 961 G.C.H.F.P
1571 891 1663 969 G.F.P.
1110 894 1204 950 G.C.F.P.
238 888 1507 1013 das Resultat von 200 kleinen Dingen. Ihr Hugo
1544 956 1666 1053 peut
842 988 1045 1080 mais" zu
235 991 745 1104 258 - 261 Karten
2141 1048 2357 1177 27 /7 0a
508 1066 905 1196 Ansichtskarte
240 1083 359 1188 262
235 1137 2225 1280 Freuen uns herzlichst von Ihnen gutes zu hören. Gehen nächste Woche nach
238 1253 2230 1374 Beireuth, sind hier bis Ende August mit allen Kindern. Bitte bald wieder
240 1355 837 1469 paar Zeilen. Ihr Hugo
686 1444 775 1555 G.H.F.P.
1933 1442 2206 1561 4/3 906
232 1447 532 1563 263 264
238 1536 2333 1671 Mein lieber Arthur, ich wünsche mir so sehr, ein paar Stunden mit Ihnen ruhig
238 1625 2282 1733 zu verbringen, von Ihrem Stück zu reden, das ich so sehr schön finde (habs
251 1725 2317 1836 wieder gelesen) und von anderen Dingen. Bitte schlagen Sie uns einen Abend
251 1817 2330 1920 der Woche vor, uns ist jeder recht. Soll man denn alt werden und einander so
251 1917 2311 2022 wenig gehabt haben? - Völlig bestürzt, direct getroffen wie von etwas ganz
251 2001 2260 2109 Schlechtem, die Nerven aufregendem bin ich von diesem unsinnigen brutalen
238 2079 2290 2203 Aufsatz von Harden. So muss man sich denn entschliessen diesen bedeutenden
238 2190 2233 2298 Menschen zu den pathologischen Existenzen deren Gefährlichkeit mit ihrer
240 2276 2190 2384 Unberechenbarkeit wächst, zu werfen? Wie traurig. Ich mühe mich es zu
235 2376 2206 2468 begreifen, die Wurzel dieser wilden, um sich fressenden Parteilichkeit,
243 2457 2392 2576 dieser fieberhaften Zerrüttung zu fassen - Ich habe an ihn geschrieben mit den
235 2554 2141 2670 bittersten Vorwürfen und ihn gefragt, ob er mir erlauben will, in der
230 2654 2298 2749 Zukunft ein „ Gespräch über einige neue Theaterstücke“ (ich denke an Ruf
238 2735 2408 2873 des Lebens - Pippa - Leidenschaft) zu bringen. Bin neugierig was er antwortet
1698 2835 1968 2973 Ihr Hugo
1855 2870 2244 3035 München 29/XI
