2716 3607
2144 264 2268 373 30
315 328 397 439 G.F.P.
2155 383 2239 457 P.S.
1597 357 2073 502 Jänner 96
315 449 2443 632 Mein lieber Arthur. "Kaiser und Hexe " gefällt Brahm nicht sehr (offenbar)
338 423 463 563 106
336 582 2263 748 und er wird es nicht spielen. Die künftigen Beziehungen der Sorma zun
336 677 2276 833 Deutschen Theater sind sehr unsicher; er denkt also daran die beiden
344 735 2398 920 andern Stücke, oder nur die "junge Frau" mit einem fremden Einaster heuer
346 827 2393 1002 ohne die Sorma zu spielen etc... lauter unangenehme Sachen worüber weiter
344 939 2152 1142 nichts zu reden. Morgen abends bin leider nicht frei. Ihr Hugo
349 1097 632 1206 197, 1&8
2059 1060 2152 1206 G.C.P.
1726 1118 2007 1221 25/1 98
362 1182 2416 1380 Poldy ist wegen " mangelnder Patelarreflexe" ausser sich und will durchaus
354 1192 476 1282 109
365 1269 2443 1465 ich soll Ihnen die " Wahrheit " telephonieren, ihm dann schreiben. Ich halte
370 1401 2329 1547 das für Zeitverlust, schreibe ihm beruhigend pneumatisch als ob ich Sie
373 1443 2440 1639 gefragt hätte. Sollte er zu Ihnen kommen, so tun Sie als ob ich Sie gefragt
373 1581 2472 1726 hätte. Sollte etwas zu sagen sein, was ich nicht glaube, bitte schreiben Si
1325 1689 1565 1803 Ihr Hugo
381 1716 767 1835 mir sogleich.
1705 1837 2324 1970 Donnerstag März 98
391 1890 835 2036 11/9, lxx „112
386 1925 2498 2102 Lieber Arthur, entschuldigen Sie dass ich Sie wegen einer Dummheit belästige
407 2041 2453 2189 Am zweiten Jänner oder einem diesem Datum sehr nahem Sonn oder Feiertag hat
404 2123 2488 2287 die Rejane im Carltheater nachmittag die Madame Sans Gene gespielt. Ich wäre
407 2223 2411 2382 sehr froh, wenn ich den Theaterzettel von dieser Vorstellung haben könnte
418 2321 2406 2472 den sicher noch irgend ein Dienerm Beamter oder so Jemand im Carltheater
418 2398 2356 2559 besitzt. Vielleicht könnten Sie mir durch die Glümer oder so wie einen
2215 2490 2313 2607 M.F.P.
1369 2517 1673 2628 Ihr Hugo
423 2543 1317 2638 verschaffen. Das wäre sehr lieb.
2017 2583 2313 2686 Aussage
1684 2588 1806 2712 G.H.F.P.
1295 2612 1401 2718 G.C.F.P.
1607 2654 2311 2797 19/4 98
1145 2694 1504 2810 er, ich würde
415 2720 753 2839 XIII, 114
423 2784 2427 2929 Lieber Arthur. Möchten Sie am Donnerstag eine Rad-tages - partie mit mir,
423 2887 2406 3038 Mutter und Tochter Schlesinger und den beiden Franckenstein, natürlich
436 3009 986 3146 eine kleine Parthie
