2705 3608
220 323 2360 513 mir manchmal mehr ein als ich aufschreiben kann, kleinere und grössere Stücke,
228 489 2339 606 Erzählungen und anderes Phantastisches. Ich hoffe dass ich was halbwegs Abge-
236 595 2328 682 schlossenes fertig bringe. Die Stadt und das bois sind noch nicht sehr hübsch
239 657 2208 769 man freut sich hier doppelt auf das Frühjahr, das Licht und die Blätter.
239 766 2320 869 Anatole France zu sehen ist recht interessant; es kommen viel junge Leute zu
236 831 2317 970 ihm, das Gespräch fast ausschliesslich politisch, die Färbung socialistisch
247 934 2279 1051 (die Gesellschaft ist fast vollständig nationalistisch, zum Teil in einer
1456 1010 2407 1127 Eine grosse Freude ist es Rodin in
242 1029 1122 1154 widerwärtigen bornierten Weise )
242 1095 2398 1225 seinem Atelier zu besuchen. Da isteman in einer ganz andern, sehr grossen Welt.
239 1203 2222 1323 Er selbst ist von einer merkwürdigen Güte und Freundlichkeit. Ich werde
242 1298 2333 1423 nächstens auch nach Meudon zu ihm hinausfahren. Wie heisst der kleine Ort am
247 1396 2355 1499 Wasser wo Sie einen so schönen und traurigen Abend verbrachten haben? Ich
250 1467 2274 1589 denke sehr oft daran. Ich beschäftige mich mit Ihnen in Gedanken in einer
250 1562 2431 1698 sehr lebhaften sonderbaren Weise. Mir ist unter anderm ein ganz incommensurables
239 1673 2396 1790 kleines groteskes Stück eingefallen, in welchem Sie und Paracelsius (der wirk-
250 1763 2396 1882 liche, von dem ich ganz ausserordentliche Bücher hier, übersetzt, auszugsweise
242 1839 2409 1964 mithabe) die Hauptfiguren sind. Es ist ein Stoff, der mich merkwürdig aufregt
255 1945 2260 2064 Wenn ich es fertig bringe, müssten wir es beim Richard spielen. Ich spüre
253 2059 2303 2151 dabei sehr stark, dass mir an dem Verkehr mit Ihnen gar nichts un-
247 2135 2195 2227 fruchtbar ist; auch nicht die kleinste Sache, mit der sich nicht in der
1556 2219 2276 2314 Was thuen Sie? von diesen
247 2222 1157 2341 Erinnerung etwas anfangen liesse.
255 2322 2233 2428 Tagen jetzt gerade kann ich es mir denken, beinahe fühlen, aber nachher
253 2388 2309 2515 woran arbeiten Sie, lieber Arthur? Ist Richard in Wien? Ich erwartete auf
250 2491 459 2551 mehrere
242 2488 2404 2605 Karten lange eine Antwort, erhielt endlich eine sehr flüchtige, dürftige
247 2613 2379 2730 aus Florenz. Mein Papa wird Ihnen in den nächsten Tagen ein typiertes Exemplar
250 2697 2388 2817 des kleinen Vorspiels schicken, das ich für eine Berliner Antigone Vorstellung
247 2779 2385 2887 26 ten März geshrieben habe. Bitte schicken Sie es mit meinem herzlichen Gruss
250 2890 2355 2982 an Goldmann. Es wäre mir natürlich angenehm, wenn er etwa in die Vorstellung
244 2953 2404 3091 gehen und darüber schreiben würde, aber natürlich absolut nur wenn er Lust hat.
244 3088 2404 3213 Ich hoffe bals einen Brief von Ihnen, sehe Masterlinok sehr viel, eine überaus
