<?xml version="1.0" encoding="UTF-8" standalone="yes"?>
<PcGts xmlns="http://schema.primaresearch.org/PAGE/gts/pagecontent/2013-07-15" xmlns:xsi="http://www.w3.org/2001/XMLSchema-instance" xsi:schemaLocation="http://schema.primaresearch.org/PAGE/gts/pagecontent/2013-07-15 http://schema.primaresearch.org/PAGE/gts/pagecontent/2013-07-15/pagecontent.xsd">
    <Metadata>
        <Creator>prov=READ-COOP:name=TrHtr:version=2.1.0:model_id=51170:date=25_07_2023_07:01</Creator>
        <Created>2023-05-01T21:58:59.623+02:00</Created>
        <LastChange>2023-07-25T07:01:28.379+02:00</LastChange>
        <TranskribusMetadata docId="1416440" pageId="54946987" pageNr="103" tsid="130587049" status="IN_PROGRESS" userId="64420" imgUrl="https://files.transkribus.eu/Get?id=LMKDXSKXPCEVIJLBYDLSPZTS&amp;fileType=view" xmlUrl="https://files.transkribus.eu/Get?id=EMHDUGLNFNBKPIDAGIPWAOZD" imageId="44451072"/>
    </Metadata>
    <Page imageFilename="1416440_0103.jpg" imageWidth="2681" imageHeight="3727">
        <ReadingOrder>
            <OrderedGroup id="ro_1711831086949" caption="Regions reading order">
                <RegionRefIndexed index="0" regionRef="tr_1"/>
            </OrderedGroup>
        </ReadingOrder>
        <TextRegion id="tr_1" custom="readingOrder {index:0;}">
            <Coords points="453,884 2454,884 2454,2584 453,2584"/>
            <TextLine id="tr_1_tl_1" custom="readingOrder {index:0;}">
                <Coords points="706,976 792,986 886,956 948,983 988,958 1067,990 1137,971 1372,990 1426,968 1471,993 1468,847 1441,839 1194,830 1102,862 1000,807 924,849 703,844"/>
                <Baseline points="718,937 764,934 809,934 854,934 898,934 943,934 988,934 1033,934 1078,937 1122,937 1167,937 1212,937 1257,940 1302,940 1346,940 1370,940 1382,940 1427,940 1472,946"/>
                <TextEquiv>
                    <Unicode>ich wirklich wie unter den</Unicode>
                </TextEquiv>
            </TextLine>
            <TextLine id="tr_1_tl_2" custom="readingOrder {index:1;}">
                <Coords points="2164,983 2224,978 2239,966 2268,971 2283,958 2328,976 2395,966 2422,976 2424,906 2372,899 2343,909 2286,874 2243,891 2214,874 2167,872"/>
                <Baseline points="2177,955 2203,955 2248,952 2293,952 2338,952 2383,949 2427,952"/>
                <TextEquiv>
                    <Unicode>wesund ge-</Unicode>
                </TextEquiv>
            </TextLine>
            <TextLine id="tr_1_tl_3" custom="readingOrder {index:2;}">
                <Coords points="706,1060 1478,1067 1476,990 1416,966 1369,990 703,976"/>
                <Baseline points="719,1033 764,1027 809,1027 854,1027 898,1024 943,1027 988,1027 1033,1024 1078,1027 1122,1027 1167,1027 1212,1030 1257,1030 1302,1027 1346,1027 1391,1030 1436,1033 1481,1036 1484,1036"/>
                <TextEquiv>
                    <Unicode>und von einem inneren Reichtungen und</Unicode>
                </TextEquiv>
            </TextLine>
            <TextLine id="tr_1_tl_4" custom="readingOrder {index:3;}">
                <Coords points="2313,1057 2333,1055 2343,1067 2350,1070 2357,1065 2377,1080 2390,1072 2409,1077 2414,973 2402,971 2399,966 2382,973 2372,971 2372,966 2362,971 2360,966 2345,973 2318,973"/>
                <Baseline points="2329,1039 2371,1036 2415,1033"/>
                <TextEquiv>
                    <Unicode>and</Unicode>
                </TextEquiv>
            </TextLine>
            <TextLine id="tr_1_tl_5" custom="readingOrder {index:4;}">
                <Coords points="688,1142 864,1161 956,1129 1038,1154 1092,1132 1270,1171 1491,1151 1491,1077 1340,1052 1171,1080 768,1047 688,1077"/>
                <Baseline points="701,1116 746,1113 791,1113 836,1113 880,1116 925,1113 970,1113 1015,1116 1060,1116 1104,1116 1149,1119 1194,1119 1239,1119 1284,1119 1328,1119 1373,1116 1418,1116 1463,1119 1496,1122"/>
                <TextEquiv>
                    <Unicode>steile Berglehne hinaufkletten.</Unicode>
                </TextEquiv>
            </TextLine>
            <TextLine id="tr_1_tl_6" custom="readingOrder {index:5;}">
                <Coords points="2229,1159 2246,1161 2276,1147 2291,1164 2315,1147 2352,1161 2387,1139 2407,1147 2409,1075 2390,1072 2380,1080 2333,1057 2293,1060 2276,1075 2231,1072"/>
                <Baseline points="2242,1125 2278,1125 2323,1125 2368,1125 2412,1122"/>
                <TextEquiv>
                    <Unicode>im Kopf</Unicode>
                </TextEquiv>
            </TextLine>
            <TextLine id="tr_1_tl_7" custom="readingOrder {index:6;}">
                <Coords points="589,1246 693,1268 763,1233 825,1253 958,1223 1018,1248 1312,1253 1379,1228 1449,1253 1449,1169 1402,1149 1273,1171 1156,1144 1055,1169 906,1142 589,1149"/>
                <Baseline points="603,1200 648,1203 692,1200 737,1203 782,1203 827,1200 872,1203 916,1203 961,1203 1006,1206 1051,1206 1096,1206 1140,1206 1185,1203 1230,1203 1275,1203 1319,1206 1364,1206 1409,1209 1454,1215"/>
                <TextEquiv>
                    <Unicode>gleiten und den unaufhörlichen Zu</Unicode>
                </TextEquiv>
            </TextLine>
            <TextLine id="tr_1_tl_8" custom="readingOrder {index:7;}">
                <Coords points="2102,1251 2159,1238 2201,1258 2318,1243 2387,1285 2409,1273 2434,1280 2437,1159 2390,1169 2313,1147 2293,1161 2271,1149 2169,1171 2102,1151"/>
                <Baseline points="2117,1209 2162,1215 2206,1218 2251,1218 2296,1215 2341,1212 2386,1209 2430,1212 2442,1215"/>
                <TextEquiv>
                    <Unicode>xx 3itua.</Unicode>
                </TextEquiv>
            </TextLine>
            <TextLine id="tr_1_tl_9" custom="readingOrder {index:8;}">
                <Coords points="451,1322 1241,1352 1538,1325 1520,1236 995,1258 775,1228 691,1268 451,1233"/>
                <Baseline points="465,1290 510,1290 555,1290 600,1290 645,1293 689,1293 734,1290 779,1293 824,1296 869,1293 913,1296 958,1296 1003,1296 1048,1296 1093,1296 1137,1299 1182,1296 1227,1296 1272,1296 1316,1296 1361,1296 1406,1296 1451,1296 1496,1299 1540,1299 1543,1299"/>
                <TextEquiv>
                    <Unicode>tionen, abzuleiten. Es ist mir schwer,</Unicode>
                </TextEquiv>
            </TextLine>
            <TextLine id="tr_1_tl_10" custom="readingOrder {index:9;}">
                <Coords points="1877,1340 1961,1325 2016,1337 2040,1322 2102,1342 2132,1327 2204,1350 2224,1337 2258,1355 2298,1317 2340,1320 2338,1255 2172,1260 2050,1231 1983,1255 1934,1255 1914,1238 1875,1248"/>
                <Baseline points="1890,1299 1935,1299 1979,1299 2006,1299 2012,1299 2057,1299 2102,1299 2147,1302 2192,1299 2236,1299 2281,1299 2326,1302 2347,1308"/>
                <TextEquiv>
                    <Unicode>weiten ein Buch zu</Unicode>
                </TextEquiv>
            </TextLine>
            <TextLine id="tr_1_tl_11" custom="readingOrder {index:10;}">
                <Coords points="461,1404 2451,1431 2451,1340 2300,1317 461,1325"/>
                <Baseline points="474,1382 519,1382 564,1382 609,1382 654,1382 698,1382 743,1382 788,1382 833,1382 877,1382 922,1385 967,1385 1012,1388 1057,1385 1101,1388 1146,1388 1191,1388 1236,1388 1281,1388 1325,1388 1370,1385 1415,1382 1460,1385 1505,1388 1549,1388 1582,1388 1597,1388 1642,1388 1687,1385 1732,1391 1776,1391 1821,1394 1866,1394 1911,1391 1956,1391 2000,1391 2045,1391 2090,1391 2135,1391 2180,1391 2224,1391 2269,1394 2314,1388 2359,1388 2404,1388 2448,1391 2454,1391"/>
                <TextEquiv>
                    <Unicode>lesen. Ich möchte alles, was mir in die Hand fällt, dramatisieren, selbst</Unicode>
                </TextEquiv>
            </TextLine>
            <TextLine id="tr_1_tl_12" custom="readingOrder {index:11;}">
                <Coords points="448,1493 2271,1508 2271,1439 2087,1402 448,1416"/>
                <Baseline points="462,1472 507,1472 552,1475 597,1475 642,1472 686,1472 731,1472 776,1472 821,1472 866,1475 910,1475 955,1475 1000,1475 1045,1475 1090,1475 1134,1475 1179,1478 1224,1478 1269,1475 1314,1475 1358,1475 1403,1475 1448,1478 1493,1481 1537,1481 1582,1481 1627,1481 1672,1481 1717,1478 1761,1478 1806,1478 1851,1481 1896,1481 1941,1481 1985,1481 2030,1481 2075,1481 2120,1481 2165,1484 2209,1484 2254,1484 2278,1487"/>
                <TextEquiv>
                    <Unicode>den Goethe-Schiller'schen Briefwechsel, oder die Linzer Tagespost.</Unicode>
                </TextEquiv>
            </TextLine>
            <TextLine id="tr_1_tl_13" custom="readingOrder {index:12;}">
                <Coords points="706,1595 2239,1605 2350,1585 2350,1511 706,1523"/>
                <Baseline points="719,1567 764,1564 809,1564 854,1567 898,1564 943,1564 988,1564 1033,1564 1078,1564 1122,1564 1167,1567 1212,1564 1257,1567 1302,1567 1346,1567 1391,1567 1436,1567 1481,1567 1526,1570 1570,1567 1615,1567 1660,1567 1705,1570 1750,1570 1794,1570 1839,1570 1884,1570 1929,1573 1973,1570 2018,1570 2063,1570 2108,1570 2153,1570 2197,1570 2242,1573 2287,1570 2332,1573 2353,1573"/>
                <TextEquiv>
                    <Unicode>Das "Gersttete Venedig" habe ich heute abgeschlossen. Vas</Unicode>
                </TextEquiv>
            </TextLine>
            <TextLine id="tr_1_tl_14" custom="readingOrder {index:13;}">
                <Coords points="696,1694 2385,1689 2385,1595 2305,1582 696,1582"/>
                <Baseline points="710,1663 734,1663 779,1660 824,1657 869,1657 913,1657 958,1660 1003,1657 1048,1657 1093,1657 1137,1660 1182,1660 1227,1657 1272,1657 1316,1657 1361,1657 1406,1657 1451,1660 1496,1657 1540,1660 1585,1660 1630,1660 1675,1660 1720,1660 1764,1663 1809,1663 1854,1663 1899,1660 1944,1660 1988,1660 2033,1660 2078,1663 2123,1660 2168,1660 2212,1660 2257,1660 2302,1660 2347,1660 2392,1660"/>
                <TextEquiv>
                    <Unicode>an zu tun ist, das wenige lässt sich unter dem Abschreiben tun.</Unicode>
                </TextEquiv>
            </TextLine>
            <TextLine id="tr_1_tl_15" custom="readingOrder {index:14;}">
                <Coords points="654,1775 2234,1788 2367,1773 2367,1684 654,1689"/>
                <Baseline points="668,1750 713,1747 758,1750 803,1747 848,1747 892,1747 937,1750 982,1750 1027,1750 1072,1750 1116,1750 1161,1747 1206,1747 1251,1747 1296,1750 1340,1750 1385,1750 1430,1750 1475,1750 1520,1747 1564,1750 1609,1750 1654,1753 1699,1753 1744,1750 1788,1750 1833,1750 1878,1753 1923,1753 1968,1753 2012,1753 2057,1753 2102,1753 2147,1753 2192,1750 2236,1750 2281,1750 2326,1747 2371,1750 2374,1750"/>
                <TextEquiv>
                    <Unicode>den sind aber, wie leuchtende Volkeninzeln hinter den Bergen her-</Unicode>
                </TextEquiv>
            </TextLine>
            <TextLine id="tr_1_tl_16" custom="readingOrder {index:15;}">
                <Coords points="730,1860 1664,1870 1642,1763 1441,1793 730,1771"/>
                <Baseline points="743,1836 788,1836 833,1836 877,1836 922,1839 967,1842 1012,1842 1057,1842 1101,1842 1146,1842 1191,1839 1236,1839 1281,1842 1325,1842 1370,1839 1415,1836 1460,1839 1505,1839 1549,1842 1594,1839 1639,1839 1669,1842"/>
                <TextEquiv>
                    <Unicode>he Stoffe gestiegen, zum Teil aus den</Unicode>
                </TextEquiv>
            </TextLine>
            <TextLine id="tr_1_tl_17" custom="readingOrder {index:16;}">
                <Coords points="2172,1855 2206,1852 2216,1865 2221,1860 2231,1867 2243,1862 2258,1865 2263,1773 2251,1771 2231,1783 2211,1778 2201,1768 2196,1771 2177,1768"/>
                <Baseline points="2189,1842 2221,1842 2266,1839"/>
                <TextEquiv>
                    <Unicode>ogre</Unicode>
                </TextEquiv>
            </TextLine>
            <TextLine id="tr_1_tl_18" custom="readingOrder {index:17;}">
                <Coords points="730,1971 1481,1966 1540,1956 1540,1855 1426,1882 1290,1857 1216,1879 730,1860"/>
                <Baseline points="743,1926 788,1929 833,1926 877,1926 922,1926 967,1926 1012,1926 1057,1926 1101,1929 1146,1932 1191,1932 1236,1929 1281,1926 1325,1926 1370,1926 1415,1926 1460,1926 1505,1926 1546,1926"/>
                <TextEquiv>
                    <Unicode>es schlafenden, unbildenden Ge</Unicode>
                </TextEquiv>
            </TextLine>
            <TextLine id="tr_1_tl_19" custom="readingOrder {index:18;}">
                <Coords points="1912,1956 1964,1956 1993,1931 2028,1951 2048,1939 2117,1971 2224,1941 2298,1939 2298,1860 2226,1862 2174,1887 2137,1865 2075,1875 2006,1852 1991,1867 1912,1857"/>
                <Baseline points="1926,1932 1971,1932 2015,1929 2060,1929 2105,1929 2150,1932 2194,1929 2239,1929 2284,1932 2305,1932"/>
                <TextEquiv>
                    <Unicode>s * Leben ein</Unicode>
                </TextEquiv>
            </TextLine>
            <TextLine id="tr_1_tl_20" custom="readingOrder {index:19;}">
                <Coords points="641,2050 795,2068 830,2043 906,2065 1025,2035 1392,2033 1478,2068 1548,2043 1548,1961 983,1981 867,1951 641,1976"/>
                <Baseline points="654,2018 698,2018 743,2018 788,2018 833,2018 877,2015 922,2015 967,2018 1012,2021 1057,2021 1101,2021 1146,2018 1191,2018 1236,2018 1281,2015 1325,2015 1370,2015 1415,2018 1460,2018 1505,2015 1549,2018 1555,2018"/>
                <TextEquiv>
                    <Unicode>dieser fast zu grosse Stoff, hat</Unicode>
                </TextEquiv>
            </TextLine>
            <TextLine id="tr_1_tl_21" custom="readingOrder {index:20;}">
                <Coords points="1974,2048 1998,2040 2031,2055 2063,2053 2107,2035 2174,2045 2194,2031 2281,2055 2283,1961 2246,1969 2189,1956 2117,1971 2070,1959 2045,1939 2001,1964 1976,1961"/>
                <Baseline points="1988,2021 2015,2021 2060,2021 2105,2015 2150,2015 2194,2015 2239,2021 2284,2018"/>
                <TextEquiv>
                    <Unicode>dem Calderen</Unicode>
                </TextEquiv>
            </TextLine>
            <TextLine id="tr_1_tl_22" custom="readingOrder {index:21;}">
                <Coords points="448,2125 735,2157 1659,2130 1639,2043 778,2070 448,2040"/>
                <Baseline points="462,2111 498,2108 543,2111 588,2111 633,2111 677,2111 722,2111 767,2111 812,2111 857,2111 901,2111 946,2111 991,2111 1036,2108 1081,2108 1125,2111 1170,2108 1215,2108 1260,2108 1305,2108 1349,2111 1394,2111 1439,2108 1484,2108 1529,2111 1573,2111 1618,2105 1663,2105"/>
                <TextEquiv>
                    <Unicode>fast entgegengesetzten Schluss gefunden,</Unicode>
                </TextEquiv>
            </TextLine>
            <TextLine id="tr_1_tl_23" custom="readingOrder {index:22;}">
                <Coords points="1969,2142 1998,2147 2016,2132 2048,2135 2065,2122 2095,2135 2110,2125 2132,2135 2152,2122 2231,2139 2276,2125 2276,2053 2258,2055 2241,2040 2211,2038 2194,2050 2117,2038 2080,2053 2031,2055 1996,2040 1969,2053"/>
                <Baseline points="1982,2108 2027,2108 2072,2108 2117,2108 2162,2105 2206,2105 2251,2108 2281,2114"/>
                <TextEquiv>
                    <Unicode>Steff den</Unicode>
                </TextEquiv>
            </TextLine>
            <TextLine id="tr_1_tl_24" custom="readingOrder {index:23;}">
                <Coords points="458,2234 1597,2239 1597,2152 1518,2130 1139,2159 1077,2130 733,2157 458,2127"/>
                <Baseline points="471,2200 483,2200 528,2197 573,2197 618,2197 662,2197 707,2197 752,2197 797,2200 842,2200 886,2200 931,2200 976,2197 1021,2197 1066,2197 1110,2197 1155,2197 1200,2200 1245,2200 1290,2197 1334,2197 1379,2197 1424,2194 1469,2197 1514,2197 1558,2194 1603,2194"/>
                <TextEquiv>
                    <Unicode>Bacchen des Euripides nahe, aber viel reie</Unicode>
                </TextEquiv>
            </TextLine>
            <TextLine id="tr_1_tl_25" custom="readingOrder {index:24;}">
                <Coords points="703,2318 1307,2305 1434,2335 1501,2303 1590,2333 1686,2305 1686,2219 1577,2246 1483,2221 1449,2251 1404,2221 1171,2251 703,2231"/>
                <Baseline points="716,2296 752,2293 797,2296 842,2293 886,2293 931,2293 976,2290 1021,2290 1066,2290 1110,2290 1155,2290 1200,2290 1245,2290 1290,2290 1334,2290 1379,2290 1424,2290 1469,2293 1514,2287 1558,2287 1603,2287 1648,2287 1693,2290"/>
                <TextEquiv>
                    <Unicode>rarium gegliedert, xweiactig: "Orest i</Unicode>
                </TextEquiv>
            </TextLine>
            <TextLine id="tr_1_tl_26" custom="readingOrder {index:25;}">
                <Coords points="443,2399 584,2424 646,2399 738,2432 1364,2399 1364,2338 1251,2310 1142,2335 1077,2308 958,2335 443,2325"/>
                <Baseline points="456,2386 474,2383 519,2383 564,2383 609,2383 654,2386 698,2386 743,2386 788,2386 833,2386 877,2386 922,2386 967,2386 1012,2383 1057,2383 1101,2383 1146,2380 1191,2380 1236,2380 1281,2380 1325,2380 1370,2383"/>
                <TextEquiv>
                    <Unicode>2 ter Teil zeigt seine Gestalten</Unicode>
                </TextEquiv>
            </TextLine>
            <TextLine id="tr_1_tl_27" custom="readingOrder {index:26;}">
                <Coords points="443,2499 535,2523 683,2501 750,2533 827,2499 1463,2494 1463,2424 1377,2397 1112,2432 995,2402 738,2432 443,2399"/>
                <Baseline points="456,2478 483,2478 528,2475 573,2475 618,2475 662,2475 707,2475 752,2478 797,2478 842,2478 886,2475 931,2472 976,2472 1021,2472 1066,2472 1110,2472 1155,2472 1200,2472 1245,2472 1290,2469 1334,2472 1379,2472 1424,2472 1469,2475"/>
                <TextEquiv>
                    <Unicode>gehe ich am 31. ten nach Markt Aussee,</Unicode>
                </TextEquiv>
            </TextLine>
            <TextLine id="tr_1_tl_28" custom="readingOrder {index:27;}">
                <Coords points="438,2588 574,2625 612,2598 1047,2588 1184,2622 1315,2585 1451,2625 1451,2508 1409,2496 438,2516"/>
                <Baseline points="453,2565 498,2565 543,2568 588,2568 633,2568 677,2568 722,2568 767,2568 812,2568 857,2568 901,2568 946,2568 991,2571 1036,2571 1081,2574 1125,2571 1170,2568 1215,2568 1260,2568 1305,2568 1349,2568 1394,2568 1439,2571 1457,2571"/>
                <TextEquiv>
                    <Unicode>Lassen Sie mich hier und dort nicht</Unicode>
                </TextEquiv>
            </TextLine>
        </TextRegion>
    </Page>
</PcGts>
