2716 3607
2152 262 2273 402 59
248 392 2344 526 sehr froh mit Ihnen zu fahren und würde dafür eventuell bis zum 5 ten warten
246 473 2392 618 Viel lieber wäre es ihr freilich den 2 ten oder 3 ten zu fahren, was auch wohl
248 599 2322 718 möglich sein wird, da mir Idchen Grünwald heute aus Harlem anzeigt dass sie
248 688 2282 818 pünktlich den 26 ten zurück sein wird. So werden wir dann hoffentlich eine
259 770 2341 899 schöne Woche zusammen haben. Nur dürfte ich mich kaum in Ischl selber nieder
256 861 2271 980 lassen wo ich mit Sicherheit Migräne bekomme, sondern nahe davon, etwa am
259 948 2422 1077 Wolfgangsee. Wie schön aber wenn wir doch ein paar Tage im gleichen Hotel wären
251 1045 2419 1174 Nur Ischl ist mir absolut unerträglich, wegen des Klima und wegen der Gesichter
270 1142 2384 1245 der Leute, die ich immer weniger vertrag. Mein Aufenthalt ist nicht durch die
267 1226 2365 1350 Rückkehr nach Rodaun begrenzt, sondern durch den Wunsch, ungefähr 15 ten oder
259 1323 2430 1426 16 ten September für einen ruhigen und mehrwöchentlichen Aufenthalt in Veneidig
267 1428 2360 1520 einzutreffen. Denn das ist die Stadt meiner arbeitsamsten Arbeit, meiner con-
265 1485 2346 1604 centriertesten Consentration und meiner einfältigsten Einfälle und so hoffe
267 1596 2400 1696 ich dass dort wieder ein nicht ganz sterbliches Drama aufs erbleichende Papier
267 1669 2282 1796 zu schleudern. Wir nehmen den Weg dorthin etwa über Trient und durchs Val-
270 1779 2211 1885 Sugana und so ist man etwa bis Bozen zusammen. (niedlich!) Ihr Hug o
2179 1866 2325 1974 18/8
270 1887 381 1985 233
262 1971 2392 2082 Lieber, den Inhalt Ihres grossen Briefes werde ich mit V.S. genau durchsprech-
270 2060 2354 2160 en und seine Energie wird es gewiss gelingen Ordnung in die Sache zu bringen
267 2136 2425 2241 Jetzt etwas anderes. Bite schreiben Sie mir gleich ob Ihr Plan erste Tage Sept.
265 2219 2357 2346 Salzkammergut feststeht. Gerty bringt 25/8 die Kinder nach Rodaun zurück und
278 2346 2379 2441 wäre sehr erfreut mit Ihnen und Olga etwa den 2 ten 3 September nach Ischl zu
597 2416 832 2546 Ihr Hugo
262 2419 502 2533 fahren.
1669 2498 2322 2619 — Ramgut Markt Aussee
2111 2573 2325 2676 12/8 04
265 2573 386 2684 234
1342 2595 1450 2668 G.H.F.P.
270 2668 2349 2768 Lieber, ich gieng gegen Abend vom Markt herauf, begegnete drei Frauen, deren
265 2735 2300 2862 Gesichter ich nicht sehen konnte. Hinter mir sagte eine davon ihr Gespräch
267 2846 2295 2948 fortsetzend : und dann sind wir mit ihnen auseinander gekommen, das war zu
275 2932 2319 3046 der Zeit wie sie mit dem Arthur Schnitzler verlobt war... " und die andere
275 3035 2408 3137 sagte bestätigend : ja, zu der Zeit war sie mit dem Arthur Schnitzler verlobt
