2621 3607
2030 311 2296 462 28/6 904
1308 325 1536 489 Monsieur Mlle
231 362 529 489 29, 240.
228 454 2255 572 Mein lieber Arthur, im Grund bin ich froh, dass sich Ihr schleichendes
228 526 2247 669 Uebelbefinden, das mich besorgt gemacht hatte in dieser verhältnismässig
228 634 2285 760 harmlosen Form erklärt hat. Aber dass sich immer was dazwischenstellt und
242 709 2323 846 diese kleinen Zusammenkünfte nicht will schneller aufeinander folgen lassen
234 814 2269 942 Und doch weiss ich unter allem, was das Leben mit sich bringt fast nichts
239 905 2253 1031 so schönes als ein Nachmittag wie der neulich im Gespräch, das manchmal
244 993 2344 1120 in die tiefsten Tiefen untertaucht und sich dann wieder mit harmloser Freude
242 1112 2293 1211 an die Oberfläche hält, ein paar Lieder dazwischen, der Spaziergang, alles
244 1181 2247 1297 das fast ungalublich viel und schön und harmonisch. Ich wollte folgendes
247 1302 2274 1418 vorschlagen: sind Sie anfangs nächster Woche vielleicht wohl genug um an
271 1377 2325 1463 unserer Gesellschaft Vergnügen zu finden, noch aber zu schwach um etwas zu
2070 1439 2220 1501 G.C.F.P.
666 1455 816 1517 G.C.F.P.
1120 1447 1453 1506 Sache zurück,
328 1463 411 1520 G.F.P.
263 1439 2328 1560 unternehmen, so würden wir sehr gern wieder zu Tisch hinkommen und uns dann
2057 1533 2148 1590 G.C.H.F.P
1514 1539 1692 1600 G.C.H.F.P
639 1539 1490 1611 wie zufällig heute, wohl bin.
271 1552 615 1616 xxxn xxx nicht
274 1552 2355 1659 für den gleichen Tag gegen 6 Uhr zu Saltens ansagen, diese spaziergangsweise
964 1632 1326 1729 türgend einer
575 1643 685 1700 G.C.F.P.
395 1646 553 1697 G.C.F.P.
1410 1627 1944 1740 Von Herzen Ihr Hugo
290 1667 1112 1743 aufsuchen. Vielleicht etc. etc
588 1705 1385 1837 anzen zu lesen. Dem "Zwischen
1418 1705 2116 1834 (früher einzureilen 3 904
250 1804 371 1885 241
1122 1796 1415 1880 e Aufführung
266 1799 2274 1925 Mein lieber Arthur, Maria Zustand ist - wie ja nicht anders zu erwarten -
744 1909 1012 1976 erklärlich
266 1906 2261 2033 genau so elend wie vor ein paar Tagen. Geprüft durch jahrelangen Anblick
771 2003 889 2062 G.C.H.F.F:D'H.D'F.H:F.D:D:H:D
279 2011 486 2073 G.C.H.F.
274 2000 2266 2121 eines solchen complicierten psychophysischen Leidens sind wir ja
231 2086 2390 2212 auch nicht ungeduldig. Nicht wahr, aber Sie sind nicht bös, dass das Leben es
244 2188 2288 2306 mit sich gebracht hat, dass zwei so verschiedene Dinge wie Ihre zufällige
247 2282 2331 2427 Arzt-eigenschaft und unsere Freundschaft mich jetzt ermutigen, Sie um Hilfe
252 2382 2277 2502 zux anzubetteln. Es erscheint halt alles rings um, alles was man herbei-
250 2481 2371 2586 rufen kann, so erschöpft. Das ist der Gegenstand von meiner und meines
263 2570 2416 2690 Vaters hauptsächlicher Bitte: dass Sie Ihr Verständnis der Gesamterscheinung
263 2685 2309 2800 dieser kranken Frau in einem Gespräch Ihrem Bruder nahebringen, so dass er
268 2755 2306 2868 von seinem nächsten Besuch an - und bei öfteren Besuchen, die man erbitten
1598 2854 1971 2983 zt der leitend
247 2849 1474 2986 wird xxx - neben dem Hausarzt oder über den Ha###
263 2951 1402 3072 Ganzen wird, derjenige gute Arzt, der die
550 3053 776 3192 Narbung.
