2681 3727
1065 524 1219 628 sehr
946 597 1374 724 Instinct hingese
870 690 1372 808 ungeheuren rythmise.
2095 749 2222 845 gefe
1571 766 1656 865 be
814 780 1380 896 e Lebenserzählung Theres
2123 828 2546 938 den Stoff wählten.
1549 859 1648 972 nen
907 862 1448 989 der Stoff gehört ganz
729 887 918 997 schon
389 893 558 1008 beschä
1926 893 2473 1048 hineingestellt, und
577 952 1484 1090 eines Wiener Gouverinte - war schon
279 997 549 1107 das Leben
1881 1019 2506 1138 sind gedankenhaften Halb-
434 1039 518 1101 G.C.F.P
304 1039 1577 1194 ein grosser/ Reichtum von Aspecten, Stimmungen,
282 1076 2549 1287 gefühlen im verstehenden Leser geschezt. Ganz besonders gross aber tritt Ihr Vorzug
299 1191 2501 1372 einem Stoff den Rythmus zu geben, wodurch er Dichtung wird, hier hervor. Eben was
293 1310 2430 1408 dem stumpfen Leser monoton scheinen könnte, dass sich sezusagen die Figur des
566 1363 2428 1535 es bis zur beabsichtigten Unzählbarkeit wiederholt, das hat Ihnen er-
293 1405 377 1456 P.S.
293 1442 496 1555 Erlebni
625 1464 2481 1633 ihre rythmische Kraft bis zum Zauberhaften zu entfalten. Es sind diese
301 1521 563 1625 möglicht,
566 1563 2450 1701 die ein Kunstwerk über viele andere scheinbar ähnliche, bis zur Unver-
406 1580 490 1636 G.C.P.
296 1608 575 1726 Vorzüge,
566 1664 667 1715 G.F.P.
304 1656 2188 1800 gleichbarkeit erheben, und die es auf lange lebendig erhalten werden.
310 1735 2540 1890 Dass Sie wie ich von Freunden öfters gehört habe, an Ihrem Schwiegersohn wirklich
313 1808 2464 1985 einen Freundgewonen haben, ist eine Bereichrung Ihres Lebens, nehme ich als ein
304 1946 2242 2107 gutes Omen. Ich drücke Ihnen herzlichst die Hand, lieber guter Arthur,
1678 2008 1932 2140 Ihr Hugo
2033 2045 2495 2191 Rodaun 3 Juni 29
332 2118 434 2253 372.
346 2115 2394 2309 mein liebrArthur, So waren Sie also in der Zwischenzeit nicht verreist, Sie
386 2259 2453 2419 ben den Besuh Ihres Schwiegersohnes hier empfangen, statt mit ihm zu reisen.
355 2349 2405 2498 Sie waren eine Woche lang nicht unwohl, sind aber gottlob wieder völlig
330 2430 2495 2588 davon hergestellt, dies alles wenn ich den Bericht der guten Freundin B.Z recht
406 2554 2492 2681 rstehe. Ich war 14 Tage, genau 13 Tage in Italien bis gegen Rom hin, ohne
459 2625 2250 2760 eigentlich römische Gebiet zu berühren. Es waren sehr schöne Tage.
442 2712 2436 2856 dem Wegähren las ich sehr viel in Ihren Sachen, erzählendes, dramatisches,
425 2811 2307 2949 reheinander, alles mit dem grössten Vergnügen. J, so gut Leutnant Gustl
1828 2887 2337 3011 ; das ist innerhal
453 2901 1766 3067 mit ist, "Fräulein Eise" schlägt ihn freilich mit
349 2996 1377 3154 deutschne Literatur wirklich ein genre
341 3092 1349 3239 grossen Eindruck machte mir auch der
513 3185 1062 3306 ein so grosser Reichtung
