2716 3607
2265 240 2347 337 38
452 322 2357 475 Sie und ich kann nicht einmal ein bissl um Sie sein, ich denk fast den
447 437 2309 569 ganzen Tag an Sie. Heut war meine Promotion, von morgen bin ich in
455 521 2436 664 Berlin Hotel Windsor Behrenstrasse. Bitte, bitte schreiben Sie mir und
457 633 1800 810 arbeiten Sie, zwingen Sie sich. Ihr alter Hugo
2030 695 2446 802 Berlin Sonntag
1890 751 2171 858 20f 3 99
460 771 577 866 143
462 835 2454 1034 Lieber, eben bekomme ich dieses Telegramm von dem armen Poldy. Er bildet
475 932 2513 1085 sich diesmal ein, dass er wahnsinnig wird. Vielleicht können Sie irgendwas
460 1039 2429 1177 machen. Ich komme, da Sie nicht herkommen schon spätestens Samstag nach
472 1134 2421 1264 Wien. Ich sehe viele Menschen: Hauptmann, Ludwig von Hofmann, Kessler,
475 1205 2508 1343 Bodenhausen, Kainz, die Dumont etc. etc. auch viele gute Vorstellungen, wie
478 1333 2344 1428 Fuhrmann Henschel. Bin aber nicht im stand einen Brief zu schreiben.
996 1425 1532 1560 Von Herzen Ihr Hugo
1839 1563 2569 1696 Berlin Windsor Behrenstras
2112 1642 2355 1719 23/3 99
485 1632 608 1737 144
490 1714 2500 1895 Mein guter lieber Arthur  könnten Sie nicht hierher kommen? wir konnten
495 1826 2549 1936 sehr viel beisammen sein und auch sonst sieht man viele ernste und liebens-
508 1900 2556 2023 würdige Menschen und es wäre Ihnen doch leichter, sich ein bissl in die höh
503 1987 2536 2125 zu bringen, als in Wien, wo die Erinnerung Ihnen bei jedem Schritt frisch
503 2094 2490 2201 weh tut. Ich sehne mich sehr mit Ihnen zu sprechen, zu schreiben bin ich
498 2178 2441 2303 nicht im Stunde. Dass diese Erinnerung immer mit meinen ersten Stücken
1295 2273 1828 2385 Von Herzen Ihr Hugo
508 2280 1177 2398 verknüpft bleiben muss!
508 2355 2375 2477 P.S. Hier sind meine armen Stücke von einer beispiellos bösen Presse
513 2472 2372 2587 erschlagen worden und mussten nach dem dritten Mal abgesetzt werden.
508 2587 815 2707 145 „ 146
2086 2587 2324 2722 Mai 99
521 2697 2464 2817 traduction medioore, sans vigueur, sans subtilite, exemple de qualites
2347 2789 2490 2916 H.H.
508 2791 2250 2914 litteraires; elle trahit un esprit pedant et d'une sotte vanite
508 2904 1645 3021 j'ai ajoute quelques eclaireissements.
506 2998 636 3116 147
725 3003 835 3108 G.C.F.P.
506 3090 2498 3210 Das Wortspiel mit dem Sitzen ist unverstanden geblieben, ist auch schwer
