2720 3428
411 241 1836 333 aben, und es ist zu mitt von Olga, dass sie es Ihnen
1711 306 1860 360 aller’t
1374 300 1690 362 mich von xxx
403 314 1336 373 Mein lieber Arthur, Mostag begebe
2314 303 2466 400 sicht
365 346 2066 427 hat. Ja, ja, die eigenen Frauen sind doch etwas sehr nettes
406 387 2079 462 bei Wacht und zornig wie Beethoven, sondern bei Tag freundlich
368 438 2531 516 noch netter als Frauen der andern, was meinen Sie geübter roue,niertierter...
400 484 2214 560 Automobil auch wird mir auf dem Weg zwischen hier und Troppa nicht
373 508 2547 616 Anatol etc, Sie Julian Fichtner, Waldemar von Sala - nein der Sala bin ja ich!
403 568 2417 641 cript der Eroica das den Mantel falls und in einen köthigen Strassengrab
362 616 2463 703 Kurz ich freue mich sehr, dass für Heini der einsame Weg nun zu Ende ist und
411 665 2414 735 rollen, weil ich es leider! nicht bei mir habe. Von Dienstag an bin ich
370 706 2428 800 eine kleine Dämmerseele ihm Gesellschaft leisten wird, die sich hoffentlich
411 754 2436 830 in Bodann uns warte auf den Ruf Euer Hads zum ersten Mal zu betreten und xxx
2233 806 2382 854 de la faveur ses
376 800 1868 892 bald zu einer griechischen Tänzerin entwickelt.
408 849 2447 914 Stunde durch die Vorlesung des tiefsinnigen "Roseneswallers" eine höhere
370 892 2477 973 Ich hab Sie sehr lieb, mein lieber Arthur und auch Ihre Arbeit habe ich sehr
1014 944 2504 1011 Ich kann mir aber sehr wohl denken, dass die Froben zur
414 963 857 1017 Weihe zu geben.
370 987 2509 1065 lieb, das gehört dazu - von diesen allen hat mir aber die letzte: Brüderlein
403 1038 2379 1098 Medardus sehr hernehmend sind und Sie ein dringendes Bedürfnis haben, das
365 1084 2485 1157 Medardus-Hiergeist " den allergrössten Eindruck gemacht, sowohl die Gestalten
411 1136 2455 1200 Abends Ruhe zu finden, dann lassen wir es halt bis naenüer. Von Herzen Ihr
373 1179 2355 1246 als die Fabel, kommt das vielleicht daher weil ich beides nicht kenne?
392 1230 2355 1290 P.S. Ich möchte nicht gern mit einem Ihrer Kinder im dauernden Unfrieden
373 1238 2439 1341 Ich habe eine Spieloper gemacht, die glaub ich hübsch ist (nicht so hübschen
406 1311 2398 1374 leben, und da ich den Romen damals halb zufällig, halb absichtlich in der
376 1333 2482 1428 wie der tapfere Cassian) Und ferner bilde ich mir in den letzten Tagen stark
576 1406 2317 1463 sahm liegen lassen habe, so bitte ich Sie jetzt, wo zwei Jahre da
411 1417 554 1476 Eisen
376 1447 2325 1520 ein, dass ich meine (äusserst sehr veränderte ) Florindecomödie in den
406 1487 2425 1557 nigegangen sind, mir das Buch wieder einmal zu schicken wenn Sie ein über-
376 1549 2406 1641 nächsten Wochen fertig kriegen werde. Ich wende mich zu diesem Zweck etwas
411 1601 1073 1657 Flussiges Exemplar haben
376 1614 2333 1739 isalieren, vielleicht in München oder so. Auf ein gutes Wiesersehen und
1322 1709 1565 1793 Ihr Hugo
384 1711 1187 1801 vieles sehr Herzliche an Olga
1601 1747 2509 1844 schmerzlich leid, Ihnen weh getan
419 1784 1079 1841 min guter lieber Arthur,
1219 1768 1574 1847 mit mir so tiet
379 1822 476 1920 3###7
527 1847 2566 1933 Sie geärgert zu haben - und wenn sich das Ganze auch (wie Sie sehen werden
376 1909 484 1979 306
554 1930 2566 2025 nicht in Wirklichkeit abgespielt hat - so haben Sie darum nicht minder eine
568 2009 1471 2060 Seit Olga uns ein Zweites bracht
549 2025 2423 2114 genehme Stunde durch mich erfahren, haben auch haben sich müde und
568 2095 1506 2144 wird sie noch doppelt hochgedahht
562 2117 2498 2214 iert nach einer langen Probe hinsetzen und mir diesen begreiflichen und
570 2193 1509 2250 und gar noch schöner sie zu machen
1130 2233 1533 2285 an müssen - das
1552 2209 2447 2323 alles tut mir so furchtbar leid,
568 2279 1511 2336 schenkt man ihr nette Siebensachen
557 2301 2528 2409 ra und heute nacht gegen morgen, jedesmal zur gleichen Stunde, wache ich
619 2393 1503 2482 danke an Sie und Ihre Verstimung
1547 2401 1833 2496 gegen mich
570 2469 1536 2525 Worauf sie fröhlich sich bespiegelt
433 2504 554 2582 a eu de
649 2485 1795 2582 gesern nachmittag wollte ich zu Ihnen, hat
562 2558 1538 2623 und seufzt s Ach ist der Hugé frech
671 2598 1709 2666 es wir uns wenn auch nur für einen Augen einen
584 2671 1752 2747 sollten - so schreibe ich lieber und bitte
589 2736 1795 2801 Das Schächtelchen ist nicht - " versiegelt
708 2785 1652 2855 rückliche Sache zu verzeihen und Sie
592 2836 1593 2896 und was darin ist - nicht von Blech
1409 2893 1517 2950 18 W
922 2885 1044 2963 nen.
