2736 3594
462 290 2347 457 und reicher Geist, mit den innerlichsten und eindringlichsten
462 430 2500 557 Anschauungen vom Wesen der Naturdinge und des Menschen, aufwühlend und an-
465 515 2542 702 regend wie keiner sonst, so dass sich einem die geheimsten, sonst erstarrten
459 591 2471 715 inneren Tiefen regen und das eigentlich dümonishce in uns, das naturver-
465 689 2542 837 wandte, cumpf und berauschend mittönt. Eine Ueberschrift bei Goethe irgendwo
467 784 2418 927 " Urworte, orphisch "suggeriert mir immer den Duft der Poesie Hebbelz.
462 882 2091 1014 Papa ist befriedigend wohl und grüsst Sie, Bahr und Salten.
467 942 2545 1111 Ich habe mich vor einer gewissen inneren Oede und Abspannung in die Tragödie
473 1088 2540 1191 gerettet eine 5 actige Renaissancetragödien, dramatisierte Novelle, äusser-
465 1185 2526 1288 lich im Stil von Romeo und Julie für die wirkliche brutale Bühne gearbeitet
462 1270 2394 1381 mit grossen schlanken Aufbau und grellen Farbenfeloken, frescotechnik;
473 1338 2426 1463 ich hoffe vorläufig noch genug lebendige Peychologie in mir zu haben um
473 1428 2450 1568 das grosse Gerippe mit lebendigem Fleisch zu umkleiden; ich arbeite ohne
467 1536 2592 1653 Soenarium, mit einzelnen suggestiven Notizen ; geschrieben habe ich bis jetzt
473 1655 2479 1745 ein paar Scenen aus dem zweiten und aus den 5 ten Act; das ist zwar nicht
475 1732 2513 1832 viel aber ich sehe alle andere recht deutlich und arbeite leicht. Was mich
462 1816 2534 1922 lockt und worauf ich eigentlich innerlich hinarbeite, ist die eigenthümlich
465 1890 2381 2001 dunkelglühende, dionysische Lust im Erfinden und Ausführen tragischer
465 1967 2550 2109 Menschen in tragischen Situationen. Diese Lust, deren symbolisches Aequiva-
462 2083 2458 2191 lent etw das Anhören feierlicher prunkvoll-trauriger Musik ist oder das
473 2162 2569 2307 Anschauen mancher Bilder der wordissance mit dunkelgoldnnn Panzern und blas
475 2260 2439 2387 sen schönen Profilen auf sehr finsterem Grund. Es wäre sehr schön, wenn
467 2355 2542 2458 October nachmittage würden, mit diesen zwei Lesepremieren. Wie weit ist die
473 2466 2492 2563 Familie? Richard schreibt mir ungern und nur weil er von Papas Krankheit
465 2540 2455 2651 gehört hat. Er ist verstimmt, arbeitet aber doch an seiner Novelle. Wann
467 2629 2434 2764 ist Ihre Waffenübigung? Was ist es mit der Verlagsanstalt für Anatol?
467 2727 2497 2851 Lassen Sie sich doch nicht durch ganz gleichgiltige Misserfolgevom Weiter-
465 2814 2381 2973 suchen abschrecken. Bitte schreiben Sie mir bald. Briefe bekommen ist
1600 2917 1785 3031 Loris
465 2922 1016 3049 hier das lustigste.
