<?xml version="1.0" encoding="UTF-8" standalone="yes"?>
<PcGts xmlns="http://schema.primaresearch.org/PAGE/gts/pagecontent/2013-07-15" xmlns:xsi="http://www.w3.org/2001/XMLSchema-instance" xsi:schemaLocation="http://schema.primaresearch.org/PAGE/gts/pagecontent/2013-07-15 http://schema.primaresearch.org/PAGE/gts/pagecontent/2013-07-15/pagecontent.xsd">
    <Metadata>
        <Creator>prov=READ-COOP:name=TrHtr:version=2.1.0:model_id=51170:date=25_07_2023_07:01</Creator>
        <Created>2023-05-01T21:58:51.049+02:00</Created>
        <LastChange>2023-07-25T07:01:07.154+02:00</LastChange>
        <TranskribusMetadata docId="1416440" pageId="54946795" pageNr="51" tsid="130586995" status="IN_PROGRESS" userId="64420" imgUrl="https://files.transkribus.eu/Get?id=HWJLFGQPNVFVDAZTYRZGKAUK&amp;fileType=view" xmlUrl="https://files.transkribus.eu/Get?id=DLZJHPRLHAHHAMXWABAAKPYG" imageId="44450880"/>
    </Metadata>
    <Page imageFilename="1416440_0051.jpg" imageWidth="2705" imageHeight="3608">
        <ReadingOrder>
            <OrderedGroup id="ro_1711831047845" caption="Regions reading order">
                <RegionRefIndexed index="0" regionRef="tr_2"/>
                <RegionRefIndexed index="1" regionRef="tr_1"/>
            </OrderedGroup>
        </ReadingOrder>
        <TextRegion id="tr_2" custom="readingOrder {index:0;}">
            <Coords points="322,281 2535,281 2535,1485 322,1485"/>
            <TextLine id="tr_2_tl_1" custom="readingOrder {index:0;}">
                <Coords points="2033,339 2065,355 2108,347 2143,374 2162,361 2176,377 2213,377 2286,353 2321,366 2340,347 2396,347 2402,256 2275,269 2224,258 2178,288 2097,307 2036,288"/>
                <Baseline points="2048,346 2090,346 2135,340 2180,340 2225,337 2269,337 2314,334 2359,331 2404,334"/>
                <TextEquiv>
                    <Unicode>46</Unicode>
                </TextEquiv>
            </TextLine>
            <TextLine id="tr_2_tl_2" custom="readingOrder {index:1;}">
                <Coords points="307,431 1459,463 1562,436 1564,277 1408,328 1187,291 929,339 759,293 307,334"/>
                <Baseline points="322,388 358,391 403,385 448,385 492,382 537,379 582,376 627,376 672,373 716,373 761,373 806,370 851,370 896,370 940,370 985,367 1030,367 1075,367 1120,367 1164,367 1209,367 1254,364 1299,364 1344,364 1388,361 1433,361 1478,358 1523,358 1568,361"/>
                <TextEquiv>
                    <Unicode>77, 177 174, 175, 176, 177, 178, 179</Unicode>
                </TextEquiv>
            </TextLine>
            <TextLine id="tr_2_tl_3" custom="readingOrder {index:2;}">
                <Coords points="2359,404 2386,412 2396,404 2412,415 2431,404 2477,407 2482,350 2464,342 2447,342 2434,345 2407,366 2399,366 2394,355 2377,342 2364,342"/>
                <Baseline points="2374,403 2395,400 2440,397 2484,394"/>
                <TextEquiv>
                    <Unicode>wohl:</Unicode>
                </TextEquiv>
            </TextLine>
            <TextLine id="tr_2_tl_4" custom="readingOrder {index:3;}">
                <Coords points="1785,460 1820,477 1866,447 1933,468 2095,439 2124,455 2289,436 2310,450 2326,447 2329,366 2065,393 1933,363 1887,388 1788,380"/>
                <Baseline points="1801,442 1839,436 1884,436 1929,436 1974,436 2019,433 2063,433 2108,433 2153,430 2198,430 2243,430 2287,427 2332,418"/>
                <TextEquiv>
                    <Unicode>Ende Juni 1901</Unicode>
                </TextEquiv>
            </TextLine>
            <TextLine id="tr_2_tl_5" custom="readingOrder {index:4;}">
                <Coords points="2321,455 2340,458 2351,450 2367,466 2391,452 2412,458 2469,450 2528,455 2531,401 2507,388 2482,407 2437,404 2418,420 2407,404 2372,407 2340,374 2324,372"/>
                <Baseline points="2335,448 2356,451 2401,445 2446,445 2490,445 2535,436"/>
                <TextEquiv>
                    <Unicode>... Castelli »?</Unicode>
                </TextEquiv>
            </TextLine>
            <TextLine id="tr_2_tl_6" custom="readingOrder {index:5;}">
                <Coords points="334,522 350,528 361,522 366,525 385,509 442,514 444,431 423,428 415,436 398,425 377,433 372,428 361,428 353,417 339,415"/>
                <Baseline points="352,474 361,471 406,471 451,468"/>
                <TextEquiv>
                    <Unicode>180</Unicode>
                </TextEquiv>
            </TextLine>
            <TextLine id="tr_2_tl_7" custom="readingOrder {index:6;}">
                <Coords points="342,606 2299,547 2429,533 2429,458 1282,431 749,530 345,512"/>
                <Baseline points="358,567 373,564 418,561 462,558 507,558 552,558 597,558 642,555 686,555 731,555 776,552 821,552 866,552 910,552 955,549 1000,549 1045,549 1090,549 1134,546 1179,546 1224,543 1269,543 1314,543 1358,543 1403,540 1448,537 1493,537 1538,537 1582,537 1627,534 1672,534 1717,534 1762,531 1806,531 1851,528 1896,528 1941,528 1986,525 2030,525 2075,522 2120,522 2165,519 2210,519 2255,519 2299,516 2344,516 2389,513 2434,516"/>
                <TextEquiv>
                    <Unicode>Lieber bitte schicken Sie mir nach Radaun die Selbstbiographie von Capelli</Unicode>
                </TextEquiv>
            </TextLine>
            <TextLine id="tr_2_tl_8" custom="readingOrder {index:7;}">
                <Coords points="345,708 2412,638 2415,525 347,622"/>
                <Baseline points="361,660 406,657 451,654 495,654 540,654 585,651 630,651 675,651 719,648 764,648 809,648 854,648 899,645 943,645 988,645 1033,642 1078,642 1123,642 1167,639 1212,639 1257,639 1302,636 1347,636 1391,633 1436,633 1481,630 1526,630 1571,630 1615,630 1660,627 1705,627 1750,624 1795,624 1839,621 1884,621 1929,618 1974,618 2019,618 2063,615 2108,615 2153,615 2198,615 2243,612 2287,609 2332,606 2377,606 2422,606"/>
                <TextEquiv>
                    <Unicode>ferner wenn Sie xxx eine gute Biographie von Raimund haben, sowie Brief und</Unicode>
                </TextEquiv>
            </TextLine>
            <TextLine id="tr_2_tl_9" custom="readingOrder {index:8;}">
                <Coords points="350,759 2307,732 2377,660 350,708"/>
                <Baseline points="364,749 367,749 412,749 456,749 501,746 546,746 591,743 636,743 680,740 725,740 770,743 815,740 860,737 904,737 949,734 994,734 1039,734 1084,734 1128,731 1173,731 1218,728 1263,728 1308,728 1353,725 1397,725 1442,725 1487,722 1532,722 1577,722 1621,719 1666,719 1711,719 1756,716 1801,713 1845,713 1890,713 1935,710 1980,710 2025,710 2069,707 2114,704 2159,704 2204,701 2249,701 2293,698 2338,698 2383,701"/>
                <TextEquiv>
                    <Unicode>Tagebücher von Raimund. Ferner wenn Sie etwas dergleichen das näheres über</Unicode>
                </TextEquiv>
            </TextLine>
            <TextLine id="tr_2_tl_10" custom="readingOrder {index:9;}">
                <Coords points="342,875 2461,827 2504,730 345,784"/>
                <Baseline points="358,842 361,842 406,842 451,842 495,839 540,839 585,836 630,836 675,836 719,833 764,833 809,830 854,830 899,827 943,827 988,827 1033,824 1078,824 1123,824 1167,821 1212,821 1257,821 1302,821 1347,818 1391,818 1436,818 1481,818 1526,815 1571,815 1615,812 1660,812 1705,809 1750,809 1795,809 1839,806 1884,806 1929,803 1974,803 2019,800 2063,797 2108,797 2153,797 2198,797 2243,794 2287,794 2332,791 2377,791 2422,788 2467,791 2511,797"/>
                <TextEquiv>
                    <Unicode>Raimund enthält nicht haben oder wissen, so schreiben Sie mir bitte den Titel g</Unicode>
                </TextEquiv>
            </TextLine>
            <TextLine id="tr_2_tl_11" custom="readingOrder {index:10;}">
                <Coords points="342,964 2361,934 2431,837 345,875"/>
                <Baseline points="358,940 373,940 418,937 462,934 507,931 552,931 597,928 642,928 686,925 731,925 776,925 821,922 866,922 910,919 955,919 1000,919 1045,916 1090,916 1134,916 1179,916 1224,913 1269,913 1314,913 1358,913 1403,910 1448,910 1493,907 1538,904 1582,904 1627,907 1672,904 1717,902 1762,902 1806,902 1851,899 1896,899 1941,896 1986,893 2030,893 2075,893 2120,890 2165,890 2210,890 2255,887 2299,887 2344,884 2389,884 2434,884"/>
                <TextEquiv>
                    <Unicode>gleich. Bitte schicken Sie das alles möglichst baßd. Ich bin Ihnen herzlich</Unicode>
                </TextEquiv>
            </TextLine>
            <TextLine id="tr_2_tl_12" custom="readingOrder {index:11;}">
                <Coords points="353,1072 2038,1007 2041,921 1475,918 1403,975 967,994 353,964"/>
                <Baseline points="367,1027 391,1027 436,1024 480,1024 525,1021 570,1021 615,1021 660,1018 704,1018 749,1018 794,1015 839,1015 884,1015 928,1015 973,1015 1018,1012 1063,1012 1108,1009 1152,1009 1197,1006 1242,1006 1287,1006 1332,1006 1376,1003 1421,1003 1466,1003 1511,1000 1556,1000 1600,997 1645,997 1690,994 1735,994 1780,991 1824,991 1869,991 1914,988 1959,988 2004,988 2048,985"/>
                <TextEquiv>
                    <Unicode>dankbar dafür. Den..... schick ich per Post an Sie zurück.</Unicode>
                </TextEquiv>
            </TextLine>
            <TextLine id="tr_2_tl_13" custom="readingOrder {index:12;}">
                <Coords points="358,1185 512,1144 740,1179 851,1150 1373,1177 1405,1160 1408,1018 1155,1074 361,1074"/>
                <Baseline points="373,1120 379,1117 424,1117 468,1114 513,1114 558,1114 603,1114 648,1111 692,1108 737,1108 782,1108 827,1108 872,1108 916,1105 961,1105 1006,1105 1051,1102 1096,1105 1140,1102 1185,1099 1230,1099 1275,1099 1320,1099 1364,1099 1409,1102"/>
                <TextEquiv>
                    <Unicode>Wie lange sind Sie noch da! Ihr Hugo</Unicode>
                </TextEquiv>
            </TextLine>
            <TextLine id="tr_2_tl_14" custom="readingOrder {index:13;}">
                <Coords points="1920,1317 1990,1298 2025,1268 2114,1268 2122,1279 2154,1268 2170,1284 2240,1268 2270,1290 2299,1284 2299,1206 2205,1204 2176,1177 2046,1206 1990,1182 1920,1204"/>
                <Baseline points="1935,1263 1947,1263 1992,1260 2036,1263 2081,1263 2126,1260 2171,1260 2216,1257 2260,1257 2305,1257"/>
                <TextEquiv>
                    <Unicode>Rodau n 12VIII</Unicode>
                </TextEquiv>
            </TextLine>
            <TextLine id="tr_2_tl_15" custom="readingOrder {index:14;}">
                <Coords points="358,1306 388,1309 415,1333 423,1327 442,1333 447,1327 463,1327 463,1241 436,1241 407,1260 382,1241 358,1239"/>
                <Baseline points="373,1299 418,1299 462,1299 468,1299"/>
                <TextEquiv>
                    <Unicode>181</Unicode>
                </TextEquiv>
            </TextLine>
            <TextLine id="tr_2_tl_16" custom="readingOrder {index:15;}">
                <Coords points="353,1424 2219,1384 2305,1360 2307,1284 1134,1263 355,1352"/>
                <Baseline points="370,1391 385,1388 430,1385 474,1385 519,1385 564,1382 609,1382 654,1379 698,1379 743,1379 788,1376 833,1376 878,1376 922,1373 967,1373 1012,1373 1057,1370 1102,1370 1146,1370 1191,1370 1236,1367 1281,1367 1326,1367 1370,1367 1415,1367 1460,1364 1505,1364 1550,1364 1594,1361 1639,1361 1684,1358 1729,1358 1774,1358 1818,1358 1863,1358 1908,1355 1953,1355 1998,1353 2042,1353 2087,1353 2132,1350 2177,1350 2222,1350 2266,1347 2311,1347"/>
                <TextEquiv>
                    <Unicode>Mein lieber Arthur. Ich freue mich so herzlich darüber, dass Sie diesen</Unicode>
                </TextEquiv>
            </TextLine>
            <TextLine id="tr_2_tl_17" custom="readingOrder {index:16;}">
                <Coords points="361,1516 2243,1475 2458,1457 2461,1381 361,1432"/>
                <Baseline points="376,1475 406,1475 451,1475 495,1475 540,1472 585,1472 630,1472 675,1469 719,1469 764,1466 809,1466 854,1466 899,1466 943,1463 988,1463 1033,1463 1078,1463 1123,1460 1167,1460 1212,1460 1257,1457 1302,1460 1347,1457 1391,1457 1436,1457 1481,1454 1526,1454 1571,1454 1615,1454 1660,1454 1705,1451 1750,1448 1795,1448 1839,1448 1884,1445 1929,1445 1974,1442 2019,1442 2063,1442 2108,1442 2153,1442 2198,1439 2243,1439 2287,1439 2332,1436 2377,1436 2422,1433 2467,1436"/>
                <TextEquiv>
                    <Unicode>Sommer zufrieden hinbringen. Daran kann man, glaub ich am deutlichsten selbst</Unicode>
                </TextEquiv>
            </TextLine>
        </TextRegion>
        <TextRegion id="tr_1" custom="readingOrder {index:1;}">
            <Coords points="376,1479 2529,1479 2529,3149 376,3149"/>
            <TextLine id="tr_1_tl_1" custom="readingOrder {index:0;}">
                <Coords points="369,1616 2388,1559 2388,1489 2054,1459 372,1516"/>
                <Baseline points="385,1568 424,1568 468,1568 513,1568 558,1565 603,1565 648,1565 692,1562 737,1562 782,1559 827,1559 872,1559 916,1556 961,1559 1006,1556 1051,1556 1096,1553 1140,1553 1185,1553 1230,1550 1275,1550 1320,1550 1364,1547 1409,1547 1454,1547 1499,1544 1544,1547 1588,1547 1633,1544 1678,1544 1723,1541 1768,1541 1812,1541 1857,1538 1902,1538 1947,1538 1992,1538 2036,1535 2081,1535 2126,1532 2171,1532 2216,1532 2260,1532 2305,1529 2350,1529 2395,1532"/>
                <TextEquiv>
                    <Unicode>sehen, wie gern man jemanden hat: ob es einen sehr greut, zu hören dass er</Unicode>
                </TextEquiv>
            </TextLine>
            <TextLine id="tr_1_tl_2" custom="readingOrder {index:1;}">
                <Coords points="361,1696 2426,1653 2466,1564 361,1621"/>
                <Baseline points="376,1660 409,1657 453,1657 498,1657 543,1657 588,1654 633,1654 677,1651 722,1651 767,1651 812,1651 857,1651 902,1648 946,1645 991,1645 1036,1645 1081,1645 1126,1642 1170,1642 1215,1642 1260,1642 1305,1639 1350,1639 1394,1639 1439,1636 1484,1636 1529,1636 1574,1633 1618,1633 1663,1633 1708,1633 1753,1630 1798,1630 1842,1630 1887,1630 1932,1627 1977,1627 2022,1627 2066,1627 2111,1624 2156,1624 2201,1624 2246,1621 2290,1621 2335,1621 2380,1621 2425,1618 2470,1615"/>
                <TextEquiv>
                    <Unicode>sich wohlfühlt. Könnte ich das Gleiche nur auch einmal von Richard hören. Was</Unicode>
                </TextEquiv>
            </TextLine>
            <TextLine id="tr_1_tl_3" custom="readingOrder {index:2;}">
                <Coords points="366,1804 2482,1758 2482,1672 1968,1634 369,1691"/>
                <Baseline points="385,1750 430,1750 474,1750 519,1747 564,1747 609,1747 654,1747 698,1744 743,1741 788,1741 833,1741 878,1741 922,1738 967,1738 1012,1738 1057,1738 1102,1738 1146,1735 1191,1735 1236,1735 1281,1732 1326,1732 1370,1729 1415,1729 1460,1729 1505,1729 1550,1726 1594,1726 1639,1726 1684,1726 1729,1726 1774,1723 1818,1723 1863,1720 1908,1720 1953,1720 1998,1720 2042,1717 2087,1717 2132,1717 2177,1717 2222,1714 2266,1714 2311,1717 2356,1714 2401,1714 2446,1711 2490,1711"/>
                <TextEquiv>
                    <Unicode>für ein sonderbares Verhängnis ist über diesen Menschen bei fast lauter glück-</Unicode>
                </TextEquiv>
            </TextLine>
            <TextLine id="tr_1_tl_4" custom="readingOrder {index:3;}">
                <Coords points="366,1871 2377,1842 2520,1823 2520,1753 369,1804"/>
                <Baseline points="382,1842 421,1842 465,1842 510,1839 555,1839 600,1839 645,1836 689,1836 734,1836 779,1833 824,1833 869,1830 913,1830 958,1830 1003,1830 1048,1830 1093,1830 1137,1827 1182,1827 1227,1827 1272,1824 1317,1824 1361,1824 1406,1821 1451,1821 1496,1821 1541,1818 1585,1821 1630,1818 1675,1818 1720,1815 1765,1815 1809,1815 1854,1815 1899,1815 1944,1812 1989,1812 2033,1809 2078,1809 2123,1809 2168,1809 2213,1806 2257,1806 2302,1806 2347,1809 2392,1806 2437,1806 2481,1804 2526,1804"/>
                <TextEquiv>
                    <Unicode>lichen Anlagen und Umständen. Das ist eine besonders schöne Ueberraschung, dass</Unicode>
                </TextEquiv>
            </TextLine>
            <TextLine id="tr_1_tl_5" custom="readingOrder {index:4;}">
                <Coords points="369,1974 2496,1920 2493,1861 2302,1826 372,1877"/>
                <Baseline points="385,1935 394,1932 439,1935 483,1932 528,1932 573,1932 618,1929 663,1929 707,1929 752,1926 797,1926 842,1926 887,1923 931,1923 976,1923 1021,1920 1066,1920 1111,1920 1155,1920 1200,1920 1245,1920 1290,1917 1335,1917 1379,1917 1424,1914 1469,1914 1514,1914 1559,1911 1603,1914 1648,1911 1693,1911 1738,1911 1783,1908 1827,1908 1872,1908 1917,1905 1962,1905 2007,1905 2051,1905 2096,1905 2141,1902 2186,1902 2231,1902 2275,1902 2320,1899 2365,1899 2410,1896 2455,1896 2499,1896"/>
                <TextEquiv>
                    <Unicode>ich Sie bald wiedersehen werde. Das hätte ich mir nicht gehofft. Da werden wir</Unicode>
                </TextEquiv>
            </TextLine>
            <TextLine id="tr_1_tl_6" custom="readingOrder {index:5;}">
                <Coords points="363,2076 2289,2025 2289,1928 2087,1912 366,1968"/>
                <Baseline points="382,2028 412,2028 456,2025 501,2022 546,2022 591,2022 636,2022 680,2019 725,2019 770,2016 815,2016 860,2016 904,2016 949,2016 994,2013 1039,2013 1084,2013 1128,2010 1173,2010 1218,2010 1263,2010 1308,2007 1353,2007 1397,2007 1442,2007 1487,2007 1532,2007 1577,2004 1621,2004 1666,2004 1711,2004 1756,2001 1801,2001 1845,2001 1890,2001 1935,1998 1980,1998 2025,1998 2069,1995 2114,1998 2159,1995 2204,1995 2249,1995 2293,1995"/>
                <TextEquiv>
                    <Unicode>zusammen radfahren. Es ist wirklich so was schöbes das Radfahrn. Ich</Unicode>
                </TextEquiv>
            </TextLine>
            <TextLine id="tr_1_tl_7" custom="readingOrder {index:6;}">
                <Coords points="366,2154 2332,2116 2372,2019 366,2071"/>
                <Baseline points="382,2117 403,2117 448,2114 492,2114 537,2114 582,2111 627,2111 672,2111 716,2111 761,2108 806,2108 851,2108 896,2108 940,2105 985,2105 1030,2105 1075,2102 1120,2105 1164,2102 1209,2099 1254,2099 1299,2099 1344,2096 1388,2096 1433,2096 1478,2096 1523,2096 1568,2096 1612,2096 1657,2096 1702,2093 1747,2093 1792,2093 1836,2093 1881,2090 1926,2090 1971,2087 2016,2087 2060,2087 2105,2087 2150,2087 2195,2087 2240,2084 2284,2084 2329,2084 2374,2084"/>
                <TextEquiv>
                    <Unicode>fahre immer gegen Abend mit meiner Frau oder allein. Wie schön sind diese</Unicode>
                </TextEquiv>
            </TextLine>
            <TextLine id="tr_1_tl_8" custom="readingOrder {index:7;}">
                <Coords points="366,2237 2399,2186 2377,2122 2135,2103 369,2151"/>
                <Baseline points="382,2210 388,2210 433,2207 477,2207 522,2204 567,2204 612,2201 657,2201 701,2201 746,2201 791,2198 836,2198 881,2198 925,2195 970,2195 1015,2195 1060,2195 1105,2195 1149,2192 1194,2195 1239,2192 1284,2192 1329,2189 1373,2189 1418,2189 1463,2189 1508,2189 1553,2189 1597,2189 1642,2186 1687,2186 1732,2183 1777,2183 1821,2183 1866,2183 1911,2183 1956,2180 2001,2180 2045,2180 2090,2180 2135,2180 2180,2180 2225,2180 2269,2177 2314,2174 2359,2174 2404,2177"/>
                <TextEquiv>
                    <Unicode>niederoesterreichischen Dörfer, die dunklen Laubmassen auf den Hügeln, der</Unicode>
                </TextEquiv>
            </TextLine>
            <TextLine id="tr_1_tl_9" custom="readingOrder {index:8;}">
                <Coords points="366,2348 2418,2302 2523,2221 369,2259"/>
                <Baseline points="382,2299 424,2296 468,2296 513,2296 558,2296 603,2296 648,2293 692,2290 737,2290 782,2290 827,2287 872,2287 916,2284 961,2284 1006,2284 1051,2284 1096,2284 1140,2284 1185,2281 1230,2281 1275,2281 1320,2281 1364,2278 1409,2278 1454,2278 1499,2278 1544,2278 1588,2278 1633,2278 1678,2275 1723,2275 1768,2272 1812,2272 1857,2272 1902,2272 1947,2272 1992,2269 2036,2269 2081,2269 2126,2269 2171,2266 2216,2266 2260,2266 2305,2266 2350,2266 2395,2263 2440,2263 2484,2263 2529,2266"/>
                <TextEquiv>
                    <Unicode>starke grüne Geruch eines schattigen Abhanges, die weissen Strassen hügelan und</Unicode>
                </TextEquiv>
            </TextLine>
            <TextLine id="tr_1_tl_10" custom="readingOrder {index:9;}">
                <Coords points="374,2421 2194,2394 2434,2377 2477,2310 377,2342"/>
                <Baseline points="391,2389 424,2386 468,2386 513,2386 558,2386 603,2383 648,2383 692,2380 737,2380 782,2380 827,2380 872,2380 916,2377 961,2377 1006,2374 1051,2374 1096,2374 1140,2374 1185,2374 1230,2374 1275,2371 1320,2371 1364,2371 1409,2368 1454,2368 1499,2368 1544,2368 1588,2368 1633,2365 1678,2365 1723,2365 1768,2365 1812,2362 1857,2365 1902,2362 1947,2362 1992,2362 2036,2362 2081,2362 2126,2362 2171,2359 2216,2359 2260,2359 2305,2359 2350,2356 2395,2356 2440,2353 2484,2356"/>
                <TextEquiv>
                    <Unicode>ab, die bäurischen kleinen Gärten. Alles riecht so eigen, athmet immer</Unicode>
                </TextEquiv>
            </TextLine>
            <TextLine id="tr_1_tl_11" custom="readingOrder {index:10;}">
                <Coords points="377,2526 2046,2488 2307,2466 2307,2394 377,2421"/>
                <Baseline points="391,2479 433,2479 477,2479 522,2479 567,2476 612,2476 657,2473 701,2473 746,2470 791,2473 836,2473 881,2470 925,2470 970,2470 1015,2467 1060,2467 1105,2467 1149,2464 1194,2464 1239,2464 1284,2464 1329,2461 1373,2461 1418,2461 1463,2461 1508,2461 1553,2461 1597,2458 1642,2458 1687,2458 1732,2455 1777,2455 1821,2455 1866,2455 1911,2455 1956,2455 2001,2455 2045,2455 2090,2455 2135,2452 2180,2452 2225,2449 2269,2449 2314,2449"/>
                <TextEquiv>
                    <Unicode>sein Wesen entgegen, jede Stunde hat ihren besonderen Geruch; wie schön</Unicode>
                </TextEquiv>
            </TextLine>
            <TextLine id="tr_1_tl_12" custom="readingOrder {index:11;}">
                <Coords points="374,2609 2340,2566 2340,2488 2159,2472 377,2526"/>
                <Baseline points="391,2568 418,2568 462,2568 507,2568 552,2565 597,2565 642,2565 686,2565 731,2562 776,2562 821,2559 866,2562 910,2559 955,2562 1000,2559 1045,2559 1090,2559 1134,2559 1179,2556 1224,2556 1269,2556 1314,2553 1358,2553 1403,2553 1448,2553 1493,2553 1538,2550 1582,2550 1627,2550 1672,2550 1717,2547 1762,2547 1806,2547 1851,2547 1896,2547 1941,2544 1986,2544 2030,2544 2075,2544 2120,2544 2165,2541 2210,2541 2255,2538 2299,2538 2344,2541"/>
                <TextEquiv>
                    <Unicode>ist das alles zu fühlen. Ich habe von hier immer ein Stück bergauf, aber</Unicode>
                </TextEquiv>
            </TextLine>
            <TextLine id="tr_1_tl_13" custom="readingOrder {index:12;}">
                <Coords points="374,2703 2299,2663 2345,2569 377,2609"/>
                <Baseline points="388,2661 427,2661 471,2661 516,2661 561,2658 606,2658 651,2658 695,2658 740,2655 785,2655 830,2655 875,2655 919,2655 964,2655 1009,2655 1054,2652 1099,2652 1143,2649 1188,2649 1233,2649 1278,2649 1323,2649 1367,2649 1412,2646 1457,2646 1502,2643 1547,2646 1591,2646 1636,2643 1681,2643 1726,2640 1771,2640 1815,2640 1860,2637 1905,2640 1950,2637 1995,2637 2039,2637 2084,2634 2129,2634 2174,2634 2219,2631 2263,2631 2308,2631 2353,2637"/>
                <TextEquiv>
                    <Unicode>dann so schöne Wege; gegen die Westbahn hin, Tullnerbach, Pressbaum oder</Unicode>
                </TextEquiv>
            </TextLine>
            <TextLine id="tr_1_tl_14" custom="readingOrder {index:13;}">
                <Coords points="840,2706 859,2706 862,2703 891,2703 894,2706 902,2698 905,2701 918,2701 918,2660 897,2660 883,2671 875,2666 840,2668"/>
                <Baseline points="854,2697 899,2697 925,2697"/>
                <TextEquiv>
                    <Unicode>der</Unicode>
                </TextEquiv>
            </TextLine>
            <TextLine id="tr_1_tl_15" custom="readingOrder {index:14;}">
                <Coords points="1686,2752 2019,2768 2092,2736 2216,2768 2472,2760 2472,2676 2380,2674 2340,2644 2229,2671 1925,2641 1686,2676"/>
                <Baseline points="1699,2732 1717,2735 1762,2732 1806,2732 1851,2732 1896,2732 1941,2732 1986,2732 2030,2732 2075,2732 2120,2729 2165,2729 2210,2729 2255,2729 2299,2729 2344,2726 2389,2726 2434,2723 2479,2726"/>
                <TextEquiv>
                    <Unicode>Den Vormittag, ohne Ausnahme</Unicode>
                </TextEquiv>
            </TextLine>
            <TextLine id="tr_1_tl_16" custom="readingOrder {index:15;}">
                <Coords points="374,2787 1134,2798 1217,2746 1451,2746 1451,2657 1263,2709 374,2701"/>
                <Baseline points="388,2753 427,2753 471,2753 516,2753 561,2750 606,2750 651,2750 695,2750 740,2750 785,2747 830,2747 875,2747 919,2747 964,2744 1009,2744 1054,2744 1099,2741 1143,2741 1188,2741 1233,2738 1278,2738 1323,2738 1367,2738 1412,2738 1457,2738"/>
                <TextEquiv>
                    <Unicode>über die Sulz nach Heiligenkreuzerseite</Unicode>
                </TextEquiv>
            </TextLine>
            <TextLine id="tr_1_tl_17" custom="readingOrder {index:16;}">
                <Coords points="385,2884 2316,2862 2415,2851 2418,2776 1580,2730 1193,2811 388,2789"/>
                <Baseline points="400,2846 406,2846 451,2846 495,2846 540,2846 585,2843 630,2843 675,2843 719,2843 764,2840 809,2840 854,2840 899,2840 943,2837 988,2840 1033,2837 1078,2837 1123,2837 1167,2834 1212,2834 1257,2834 1302,2834 1347,2834 1391,2834 1436,2831 1481,2831 1526,2828 1571,2828 1615,2828 1660,2828 1705,2828 1750,2828 1795,2825 1839,2825 1884,2822 1929,2822 1974,2822 2019,2822 2063,2822 2108,2822 2153,2819 2198,2819 2243,2819 2287,2816 2332,2816 2377,2816 2422,2813"/>
                <TextEquiv>
                    <Unicode>arbeite ich an meinem grossen Stück, mit sehr viel Zurückhaltung und Ueber-</Unicode>
                </TextEquiv>
            </TextLine>
            <TextLine id="tr_1_tl_18" custom="readingOrder {index:17;}">
                <Coords points="377,2991 2423,2927 2388,2862 1785,2835 380,2878"/>
                <Baseline points="391,2947 412,2944 456,2944 501,2944 546,2944 591,2941 636,2941 680,2938 725,2938 770,2935 815,2935 860,2935 904,2932 949,2932 994,2932 1039,2932 1084,2930 1128,2930 1173,2930 1218,2930 1263,2930 1308,2927 1353,2927 1397,2927 1442,2927 1487,2924 1532,2924 1577,2924 1621,2924 1666,2921 1711,2921 1756,2921 1801,2921 1845,2918 1890,2918 1935,2915 1980,2915 2025,2915 2069,2915 2114,2915 2159,2912 2204,2912 2249,2912 2293,2912 2338,2912 2383,2912 2428,2912"/>
                <TextEquiv>
                    <Unicode>legung ganz anders als sonst. Es ist ja auch zum ersten Mal in meinem Leben</Unicode>
                </TextEquiv>
            </TextLine>
            <TextLine id="tr_1_tl_19" custom="readingOrder {index:18;}">
                <Coords points="382,3072 2380,3029 2375,2956 2192,2927 385,2989"/>
                <Baseline points="397,3040 415,3037 459,3040 504,3040 549,3037 594,3037 639,3034 683,3034 728,3031 773,3031 818,3031 863,3028 907,3028 952,3028 997,3028 1042,3025 1087,3025 1131,3025 1176,3025 1221,3025 1266,3022 1311,3022 1355,3022 1400,3019 1445,3019 1490,3019 1535,3019 1579,3016 1624,3019 1669,3016 1714,3016 1759,3016 1804,3016 1848,3016 1893,3013 1938,3010 1983,3010 2028,3010 2072,3010 2117,3007 2162,3007 2207,3007 2252,3007 2296,3007 2341,3004 2386,3004"/>
                <TextEquiv>
                    <Unicode>eine wirklich dramatische Aufgabe. Schwer ist es, die Masse drängt so von</Unicode>
                </TextEquiv>
            </TextLine>
            <TextLine id="tr_1_tl_20" custom="readingOrder {index:19;}">
                <Coords points="374,3199 985,3161 1513,3226 1914,3153 2124,3209 2396,3156 2399,3021 377,3099"/>
                <Baseline points="391,3139 433,3136 477,3136 522,3133 567,3133 612,3133 657,3133 701,3130 746,3130 791,3130 836,3127 881,3127 925,3127 970,3124 1015,3124 1060,3121 1105,3121 1149,3124 1194,3121 1239,3121 1284,3118 1329,3115 1373,3115 1418,3115 1463,3115 1508,3115 1553,3112 1597,3112 1642,3112 1687,3112 1732,3112 1777,3112 1821,3112 1866,3109 1911,3109 1956,3106 2001,3106 2045,3106 2090,3103 2135,3103 2180,3103 2225,3100 2269,3100 2314,3097 2359,3100 2404,3103"/>
                <TextEquiv>
                    <Unicode>allen Seiten auf einen ein. Ich schreibe den ersten Act in Prosa vorläufig</Unicode>
                </TextEquiv>
            </TextLine>
        </TextRegion>
    </Page>
</PcGts>
