2716 3607
2114 253 2204 327 57
128 308 2201 487 schienen sind: Arthur Schnitzler. Ich xxx ich glaube Sie irren sich. Sie
120 481 627 601 O bestimmt nicht
1981 521 2228 625 3/XI 03
125 582 231 702 211
250 627 2204 742 Lieber, Hauptmann, Brahm, Harden lassen Sie herzlich grüssen. Mittlerer
250 731 2199 840 bittet dringend, ihn unverweilt zu verständigen, wie bald er Ihr Stück
255 776 2212 931 erwarten darf. Er hat grosse Chancen es baldigst zu spielen. - Aber
255 867 2310 1024 Vorlesen! Bitte lesen Sie es vor. Das sind so gemüthliche Abende bei Ihnen
247 976 1436 1098 bei Richard, wo immer. Von Herzen Hugo
247 1037 2191 1186 P. S. Gerty und das Baby sind wohl, Elektra in Berlin desgleichen. Die
247 1154 2260 1274 Bekannten des Bearbeiters haben dort vorläufig für 7 oder 8 Vorstellungen
255 1274 2241 1388 alle Plätze vorgemerkt. Es ist doch ein Glück dass man so viele Bekannte
255 1337 1542 1492 hat und dass Dr Goldmann nicht zu ihnen gehört.
1811 1446 2013 1571 1 Juli
1093 1452 1518 1577 Gasthof Brenner
2034 1462 2138 1577 04
1226 1515 1372 1590 Post
255 1502 378 1609 212
261 1579 2321 1686 Lieber, hier wo wir vor einem Jahr zusammen gesessen sind - es ist ein Jahr
255 1648 2257 1773 fast auf den Tag genau - finde ich Ihren lieben Brief. Erinnern Sie sich,
261 1776 2305 1845 es war an dem schönen Tag, wo wir im Stubaithal waren und ich Ihnen Compli-
253 1848 2316 1941 mente gemacht habe, wir dann in Windisch Matrei Forellen gegessen haben und
261 1928 2300 2050 die Lisl aus Berlin geschrieben hat, dass der Goldmann ihr kein Geld leiht.
269 2026 2268 2132 Wir haben ein paar sehr schöne Tage in Italien verbracht, das Ampezzothal
255 2127 2316 2215 hinunter bis Vicenza und durchs Val Sagana zurück. So schön ist dieses Land
269 2191 2302 2305 Trotzdem werde ich nicht um den 10 August mit Ihnen in diese Gegend fahren.
261 2308 2265 2406 Ich werde um den 10 August in Weimar sein. Die Einladung dazu geht direct
266 2388 2265 2491 von der Erbgrossherzogin aus, indirect von Kessler, der an diesem kleinen
261 2483 2265 2595 Hof seit einiger Zeit eine nicht recht deffinierbare Art von Intendanten-
266 2600 2398 2680 stelle xxx einnimmt. Sie wollen meinem Hinkommen zu Ehren dort auf dem kleinen
250 2661 2305 2789 Naturtheater im Belvedere - auf welchem Goethe den Orest spielte - den Tod
263 2786 2350 2871 des Tizian von dem hübschesten Hofdamen und Pagen - wirklichen Pagen spielen
261 2848 2201 2967 lassen. Es macht mir natürlich Spass, auch kenne ich Weimar gar nicht
261 2951 2321 3044 Das Nähere darüber und über sonstige Pläne mündlich. Wir gehen noch für 10
253 3015 2159 3209 Tage an den Grundlsee Andresse Frau Lili Geyger ete Von Herzen Hugo
