2716 3607
2022 292 2138 375 56
146 314 2298 505 Es ist nun fast ein Jahr her, dass wir zusammengereist sind und wenn man es zu-
149 469 2276 593 sammenrechnet (wann man zusammenrechnet/wie oft wir, in dem dazwischenliegenden
146 552 2229 695 Jahr, uns gesehen haben so wird wohl kaum so viel Zeit herauskommen, als wir
146 651 2367 800 miteinander verbracht hätten, wenn wir, ich in Petersburg und Sie in London leben
157 778 2254 888 würden und wir uns auf 8 oder 10 Tage im in Berlin rendez vous gegeben hätten
149 863 2248 966 Und doch sind wir weder so reigh an Freunden und wohltuenden Menschen, noch so
157 946 2370 1051 stumpfsinnig überzeugt von der endlosen Dauer des Lebens, noch so begraben in dem
152 1037 2331 1156 Reichtum unserer Arbeit, dass wir auf das verzichten könnten, was vielleicht das
160 1131 2331 1258 einzige Geschenk ist, womit unser Schicksal uns für eine unfreundliche Gegenwart
160 1233 2163 1338 entschädigen wollte: die Freude uns aneinander als Lebendige zu erfreuen.
152 1319 2246 1457 fast beneide ich diejenigen, die nach uns einmal in Ihren ausführlichen Tage-
160 1388 2309 1517 büchern lesen und wochenlang ganz darin leben werden - wie es mir jetzt mit dem
154 1473 2312 1603 prachtvollen Briefwechsel Hebbels geht. - - Wirklich hier geht es so weit - ein
160 1589 2315 1691 ganz einziger Fall - dass uns das Alltagsgesicht einer Stimmung überliefert ist
163 1672 2339 1774 dann der Brief, der sich dieser Stimmung nachmittags abringen liess, und endlich
157 1774 2337 1857 als sie abends sich von innen erleuchtete und erwärmte, das Gedicht das aus ihr
160 1840 2270 1964 entstand. - - Ueber Goethe ist uns so viel überliefert, aber an keinem Punkt
163 1937 2342 2075 schliesste sichs so zum Kreise ; nirgends können wir ganz deutlich den Uebergang
160 2041 2317 2138 aus dem Leben und Leiden ins Gestalten gewahren. Die Jugend erscheint uns traum
157 2138 2298 2229 haft und befremdlich, selbst wie ein Gedicht; in dem späteren Alter ist Poesie
160 2235 2312 2331 und Reflexion freilich eins, aber auf Kosten der ersteren. Was aber in dem, der
157 2326 2268 2428 die stärksten Teile des Faust schrieb vorgegangen ist, an den Tagen wo er sie
163 2422 2298 2513 schrieb, wie sich damals das Fühlen in Schaffen umsetzte, das würde ich lieber
163 2486 2359 2637 erfahrn als vieles andere, aber freilich so erfahren wie mans bei Hebbel erfährt
177 2599 2328 2712 wo mans sieht, wie durch ein Glasfenster. - - Wie aus diesem Brief zu entnehmen
157 2687 2320 2781 regnet es. Aber ich wüsste gern etwas von Ihnen, bitte Arthur schreiben Sie mir
1206 2759 1749 2886 Von Herzen Ihr Hugo
2146 2839 2373 2955 28/VIII
210 2858 844 2990 Ansichtskarte : Weimar
157 2949 265 3048 228
204 2963 2384 3150 Eine Weimar'sohe Hofdame: "Ich interessiere mich sehr für einen Landsmann von
160 3106 2337 3222 Ihnen, der so früh gestorben ist und dessen Werke alle erst nach seinem Tode er-
