2715 3592
2144 218 2258 343 11
1482 317 1660 434 Loris
692 319 1330 511 Grüsse alle herzlichst
245 383 556 527 verwendbar.
1777 325 2234 503 23 December 92
231 492 458 601 P4 35
894 466 2155 668 Ich glaube ich werde besser nicht über Anatol
247 569 795 692 Mein lieber Arthur.
245 556 2280 763 schreiben. Die Mühe, beinahe Ueberwindung, die es mich kostet, macht mich
253 686 2394 859 stutzig. Sich dem Vorwurf der tactlosen Cameraderie aussetzen und nichts dabei
261 766 2194 934 erzielen als eine gequälte mühsame gedehnte Besprechung? Ich weiss
266 846 2248 1053 offenbar zuviel von dem Buch und sehe daher nicht klar. Oder Gott weiss,
263 966 2309 1152 was es sonst ist. Vielleicht erlauben Sie mir Ihnen nehstens die 50 Zeilen
263 1021 2389 1234 mitzubringen, die ich zusammengebracht habe; vielleicht können wir die Kritik
266 1133 2365 1333 der Kritik machen und dabei etwas lernen. Wann in der Weihnachtswoche werden
271 1224 2333 1412 wir uns ausgiebig sehen? Und was machen die Proben mit Paul Horn und Aspa-
819 1319 2221 1498 Allerherzlichst Ihr immer dankbarer und aufrichtig
274 1402 636 1514 sia - Dora?
1551 1420 1724 1577 Loris
277 1484 950 1615 ergebener ( 4 ter Grad )
1830 1474 2141 1612 25/I 93
287 1599 372 1718 36
904 1662 2351 1790 L. Marholm, Friedrichshagen genügt. Sie würden,glaube
285 1700 849 1811 Mein lieber Arthur.
293 1745 2346 1910 ich nicht unpraktisch handeln, wenn Sie der akademischen Vereinigung" ein
1545 1830 1665 1891 Gast,
287 1830 2391 2011 Exemplar von Anatol etwa mit der Widmung " als geschenk" ) zukommen liessen
298 1918 2349 2077 das sind dreissig sichere Leser, die in sonst verschlossenen Gesellschafts-
295 2032 2282 2173 gruppen wieder sympathische Kreise ziehen. Uebrigens nur ein Vorschlag!
934 2133 1625 2253 Herzlichst Ihr Loris
303 2155 809 2288 Auf Wiedersehen!
2008 2202 2293 2312 Undatiert
309 2274 391 2359 37
309 2314 2389 2460 Lieber Arthur. Die Empfehlung Engländers sehr gern beim nächsten Zusammen-
314 2394 2330 2540 treffen mit Berger, was für eine Arbeit ist es denn? Ueber Fels höre ich
314 2498 2293 2628 unbestimmt, erschreckendes; ich werde ihnen in den nächsten Tagen etwas
287 2572 2325 2750 schicken, eventuell ein paar Freunde ohne Namennennung um Mithilfe bitten
314 2665 2288 2838 sagen Sie mir doch was wahr ist " Familie "? 1 ( ein herausgegriffenes
317 2748 2397 2945 Kapitel aus dem "Kind" hat mir einen starken Eindruck gemacht; ich freue
1617 2830 2391 2958 Das Exemplar für die " aka-
314 2913 1133 3024 mich sehr auf die Vollendung.
330 2913 2378 3128 demische Vereinigung" schicken Sie mir am tactvolisten in das Hotel Wandl
1279 3038 1383 3096 vite
319 3038 2123 3243 mit der Weisung es am Samstag abend dem Präsidenten zu übergeben.
