2596 3507
646 699 760 811 nur,
1842 770 1951 872 an d
654 793 783 907 tätig
1720 859 2341 983 diese vielleicht allzu
826 879 1191 1001 vorzulesen se
606 872 803 981 fragment
494 965 2356 1074 Arbeit nachher entweder weglegen oder mit grösserer Zuversicht wieder
1776 1034 2301 1155 er allernächsten
826 1031 1766 1171 lich dass Sie diese 1¼ Stunden in
580 1046 831 1163 dre es möge
1776 1102 1862 1155 2.3.
304 1074 542 1183 spacken.
317 1148 2351 1267 ge mir schenken könnten, in der Früh, am späten Vormittag, am Abend wann
347 1244 2367 1330 er? xxx Herzlichst Ihr Hugo Band meiner Prosa-arbeiten wird in diesen Tagen
1601 1302 1715 1361 G.C.F.P.
2217 1302 2407 1419 r oe
1946 1305 2225 1437 e aus mais
304 1318 1954 1457 5  (Brief v mir, 3464 Verabredung in Aussee)
352 1424 2331 1533 habe den Auftrag gegeben, diesmal direct zu schicken. wenn 30/IV ja xxx
319 1510 2285 1611 in lieber Arthur, ich weiss nicht ob Sie vielleicht nicht ohnedies die
365 1599 2392 1736 icht haben zu der Consordia Veranstaltung für die Schweizer zuzusagen und
375 1700 2326 1807 kommen - jedenfalls finde ich es - abgesehen von meiner persönlichen
2194 1784 2323 1893 zu
375 1796 2159 1905 de, Sie dann dort zu sehen und in einem gewissen Sinn nicht allein
2285 1883 2412 1966 H.S
423 1865 2080 1984 so überaus nützlich und richtig wenn Sie kämen, denn es hand
365 1986 1954 2088 nicht so sehr um den nicht minder trivialen Abend, den wir
423 2073 1614 2192 sondern um die Rückwirkung nach der Sehne
367 2171 1682 2265 natürlich, wenn da Ihre Gegenwart sehr ins Gewichts
1353 2263 1561 2367 Deutschlande.
383 2247 1320 2377 re, da Sie ja eigentlich von allen
466 2336 1282 2475 nicht nur im Ausland bekannte.
948 2435 1084 2567 wieder
476 2455 856 2569 mir für eine Zeilen
