2701 3592
2015 247 2180 382 19
127 285 254 394 1 11
323 361 2172 488 fährt und meinem Rittmeister und einem hübschen und indolent - gra-
315 453 2218 588 eiösen Lieutenant, die in der Nacht sehr wenig und lieb reden
310 544 1633 677 werden. Begreifen Sie dass ich zufrieden bin!
300 631 2111 776 Leben Sie wohl und denken mit Ihren Freunden freundlich an mich.
1249 725 1915 855 Adieu der Ihre Hugo
1783 801 2338 944 Venedig 17/October
326 850 427 949 76
336 939 2353 1068 Am Sonntag früh hab ich Sie besucht, aber nur 3 Frauen mit Besen gefunden
326 1053 2368 1173 Ich wollte Ihnen sagen, dass ich nach den Zeitungen um den Reden der Leute
333 1140 2203 1254 wirklich glaube, dass Sie jetzt dieses unberechenbare und schwer zu
341 1216 2338 1353 definierende erworben haben, womit man Aufmerksamkeit und Bewunderung er-
336 1343 2269 1440 zwingen kann. Ich glaube, Sie dürfen sich jetzt erlauben, für die Dar-
341 1432 2266 1536 stellung tiefer und kühner Dinge auf mehreren Beifall zu rechnen als
338 1511 2274 1625 blos auf den von 3-4 Freunden. Richard hat mir die gescheidte Kritik
343 1603 2226 1737 von Berger geschickt und die Verspottung von dem Anonima. Ist es der
341 1727 2330 1819 kleine Kraus? Es hat mich unterhalten, ich wäre froh wenn solche Sachen
343 1783 2381 1900 viel öfter geschrieben wären und auch Carricaturen von uns gezeichnet. Das
341 1910 2266 1994 wird sich auch noch immer steigern, je muthiger und besser wir werden;
343 1974 2226 2094 ich denke von der Generation von Philologen und Dilletanten, die vor
338 2071 2328 2203 uns war, wirds nicht viel Verhöhungen geben. Hier arbeit ich nicht, aber
1063 2160 1844 2305 Adieu, Herzlich Ihr Hugo
341 2185 1005 2305 werds wohl nachher.
1908 2213 2338 2386 Bad Fusch 23/9
356 2289 435 2366 77
359 2333 2287 2511 Lieber Arthur. Ich denke dieser Brief erreicht Sie noch gerade vor der
356 2498 2333 2625 Abreise. Es wird mir dann sehr viel Freude machen Sie auf dem Schiff und
1824 2549 1954 2607 imn
356 2582 2294 2714 in fremden Gegenden zu denken. Zu meinem Vergnügen um Dasein gehört es
361 2646 2246 2760 sehr stark, mir das Leben meiner Freunde merkwürdig und schön vorzu-
2012 2735 2162 2793 G.C. de
359 2740 2386 2846 stellen. Es ist das geheimnisvoll wie die Zusammenstellung von schönen
2160 2834 2261 2887 Monsieur les
359 2846 1132 2946 Gegenständen auf einem Bild.
1432 2836 2473 2935 Ich lebe hier ganz still. Ich schrei-
348 2943 2373 3063 be eine Novelle und sehe 5 - 6 andere vor mir. Nur kommt mir sonderbarer-
359 3042 2297 3152 weise immer während des Arbeitens gerade die wesentliche Schönheit des
