2720 3428
1839 170 2095 262 2.3.
322 222 446 324 307.
1522 222 2277 319 29/X 10
1079 262 1511 330 xxx hatte ich xxx
803 235 987 330 nicht
324 316 2387 406 Mein lieber Arthur, Montag begebe ich mich von hier fort, nicht zu Fues
1949 343 2104 406 Mitte.
357 360 1495 430 auch extra noch nach Jahren mitzuteilen, da
335 365 2447 481 bei Nacht und zornig wie Beethoven, sondern bei Tag freundlich und in einem
1630 441 1998 500 unabsichtlich
1455 443 1560 508 M 1
330 452 1311 514 sondern wenn ich schrieb : habe ab sie
338 481 2450 565 Automobil auch wird mir auf dem Weg zwischen hier und Troppa nicht das Manus-
2122 527 2241 587 G.C.F.P.
873 535 1706 595 fallen!
673 541 773 600 er S
338 570 2479 641 cript der Eroica dus dem Mantel falls und in einen kothigen Strassengraben
1822 619 2333 684 in der Peyehepath
414 630 1576 687 ist, aber doch ziemlich tief im Unbewusten,
330 671 2504 762 rollen, weil ich es leider! nicht bei mir habe, Von Dienstag an bin ich dann
1633 708 2355 768 istreich Nachgewiesen hat.
971 716 1552 776 gester und Ketten, sehr
416 727 711 789 Ailtagslebe
335 746 2504 830 in Rodaun und warte auf den Ruf Euer-Haus zum ersten Mal zu betreten und dieser
2012 803 2206 865 aiee:
2263 800 2444 865 G.C.H.F.P
1422 806 1849 871 lassen eines xxx
603 808 1352 873 Über völlig unbewusste fall
335 830 2447 917 Stunde durch die Vorlesung des tiefsinnigen. "Rosencavaliers." eine höhere
1657 890 2420 952 eines oützen auf dem Herzen hat
857 906 1384 971 sild darstellt, etwa
481 903 808 979 röon die das
338 949 2450 1017 Weihe zu geben. Ich kann mir aber sehr wohl denken, dass die Proben zum
1530 990 2331 1052 gegen werden kann, kaum vor das
895 992 1355 1052 von keinerlei For
1411 995 1503 1060 geé
379 998 852 1057 wurz eine Tat, die
327 1041 2314 1100 Medardus sehr hernehmend sind und Sie ein dringendes Bedürfnis haben, des
1833 1071 2333 1149 auch xxx ins dünkel
468 1092 1522 1149 Hierzartesten eigenen Gewissens, so sehr
338 1100 2460 1198 Abends Ruhe zu finden, dann lassen wir es halt bis nachher. Von Herzen Ihr Hr
2209 1173 2328 1233 G.C.F.P.
1530 1182 2098 1241 spräche, so nehme ich
930 1182 1509 1244 wenn Ich das heute aus
433 1184 719 1244 G.C.F.P.
330 1184 2328 1284 P.S. Ich möchte nicht gern mit einem Ihrer Kinder im dauernden Unfrieden
2033 1249 2441 1330 fühle mich frei
1395 1268 1995 1338 nöer heute historisch,
1063 1273 1357 1333 G.C.H.F.P.
654 1273 957 1333 den Zustand
338 1290 2390 1384 leben, und da ich den Roman damals halb zufällig, halb absichtlich in der
1587 1333 2463 1422 allen, auch dem zartesten Recht
906 1363 1549 1422 gerade aus Ihrer Hand mit
727 1365 881 1422 G.F.P.
330 1374 2390 1471 Eisenbahn liegen lassen habe, so bitte ich Sie jetzt, wo zwei Jahre darüber
1138 1452 2352 1511 xxx Dass ich ein Exemplar mit einer Zueifnung
346 1455 817 1517 in neues Exempler
330 1457 2368 1549 higegangen sind, mir das Buch wieder einmal zu schicken wenn Sie ein über-
2122 1541 2222 1620 C.H.F.P
738 1547 835 1603 G.F.P.
1122 1547 1217 1625 G.C.F.P.
338 1563 1014 1647 flüssiges Exemplar haben
1995 1611 2298 1709 ditte ich Sie
973 1614 1384 1717 xxx Spazierstock
681 1638 900 1709 Geschirm
1844 1641 2233 1744 Nov 910
838 1693 949 1733 G.C.P.
1198 1690 1376 1733 ..   .
330 1655 438 1747 30 S
2225 1682 2425 1757 G.C.P.
860 1717 952 1757 G.C.F.P
1882 1722 2279 1779 dass man in so
1195 1722 1355 1787 G.C.H.F.P.D.
1695 1722 1814 1782 G.H.F.P.
795 1722 960 1784 G.C.H.F.P.
330 1730 479 1795 dans le dernier
330 1739 2490 1860 min guter lieber Arthur, es tut mir so tief schmerzlich leid, Ihnen weh getan
1484 1820 2293 1876 auch das auf sich nehmen muss,
1171 1822 1422 1882 G. und Liebe
362 1820 606 1887 arten Dingen
911 1820 1057 1879 G.C.F.P
711 1822 808 1876 G.H.F.P
338 1868 2504 1939 und Sie geärgert zu haben - und wenn sich das Ganze auch (wie Sie sehen werden
1652 1909 2341 1968 liches eymbolisches liegen
1006 1912 1590 1982 xxx. xxx dass ich xxx
419 1914 984 1968 man hatte begehen xxx
327 1952 2496 2022 gar nicht in Wirklichkeit abgespielt hat - so haben Sie darum nicht minder eine
1173 2006 2409 2066 vollbringen können, glaube ich dahin; weil ich
341 2003 1030 2063 lassen des Buches damals xxx
330 2047 2412 2101 unangenehme Stunde durch mich erfahren, haben sich haben  sich müde und
454 2095 1019 2166 ben eingebildet hatte.
1549 2095 2387 2152 lich in der Eisenbahn verloren.
1182 2098 1387 2158 G.H.F.P.
327 2144 2433 2204 enerviert nach einer langen Probe hinsetzen und mir diesen begreiflichen und
368 2190 627 2247 xxx welse xxx
703 2187 803 2244 G.H.F.P
1306 2190 1803 2255 nicht ich das Buch,
2025 2193 2122 2244 P.D.F.P
2236 2190 2436 2252 sondern
833 2187 946 2247 gést
324 2233 2368 2312 berechigten Brief schreiben müssen - dies alles tut mir so furchtbar leid,
322 2279 430 2347 dire les
598 2282 2168 2350 darüber natürlich sehr unglücklich war, eben der Widmung
330 2331 2441 2393 gestern und heute nacht gegen morgen, jedesmal zur gleichen Stunde, wache ich
2271 2374 2439 2433 G. A. M.
798 2377 1033 2436 ducteurs
1068 2377 2204 2431 und Stationschefa sich bemühte es wiederz
330 2396 2450 2496 auf und denke an Sie und Ihre Verstimmung gegen mich mit einem so grässlichen
1292 2477 1387 2531 G.F.P
1671 2469 2160 2523 war also eine Ged.
2228 2469 2360 2533 tels
998 2469 1095 2523 rleur
330 2482 1479 2563 Gefühl - gesern nachmittag wollte ich zu
1471 2504 2401 2560 Ihnen, hatte aber wirklich zu sehr
1290 2560 1657 2620 Drucklichen Wort
1714 2560 1863 2631 dener
576 2555 1063 2615 vielbereits, und xxx
327 2571 2450 2677 Angst, dass wir uns wenn auch nur für einen Augenblick, verdüstert gegenüber-
633 2652 1590 2706 auf ein doppelt - nicht geschehenes bis
338 2671 1917 2761 stehen sollten - so schreibe ich lieber und bitte Sie vor
625 2742 830 2806 er noch
452 2744 573 2812 G.H.F.P.
1265 2747 1582 2809 Also seien
319 2779 1752 2850 diese unglückliche Sache zu verzeihen und Sie soweit
1479 2863 1963 2950 lückliche Feder haben die Wieder-
319 2863 1000 2961 Gedächtnis zu verbannen.
322 2971 2076 3036 schicktes hingemalt aber die hässliche Härte und Rohheit, die Si
