2711 3578
2349 288 2445 408 14
365 315 2362 493 10 mal mehr als die Aufführung selbst. So wird im ganzen dieser Einbruch
373 464 2312 573 von äusserem Leben in Ihr innerss keine schlechte Lanne zurückgelassen
368 571 2186 675 haben. Ich freue mich schon recht sehr auf die Paralell - novelle.
365 645 2442 800 Mein Leben verstreicht ziemlich nichtssagend mit langsam steigenden inneren
368 741 2456 843 Wohlbefinden. Von Strobl hoffe ich man ehes Schöne: Sonne und Mond am Wasser
368 840 2378 949 Segeln, kindlich lärmende Vergnügungen, Richard auch Schwarzkopf; nur Sie
365 928 701 1040 gar nicht?
995 936 2112 1072 Ich lese mit lebhaftesten ØInteresse die
365 1032 2386 1138 "Hauptströmungen" von Brandes, unendlich vieles aus der 1ten Hälfte des
365 1130 2504 1250 Säculums besitzt im zweiten ein Gegenbild, müches eines Carricatur: namentlich
365 1234 2442 1333 shee ich mit halb schauerndem Staunen wie völlig sich die Producte der jüng-
365 1322 2421 1440 sten Strömungen, in denen ich ja auch mit der Fusspitze stehe, der Romantik
355 1408 2410 1506 als Kugelspiegelbild, halb verschrumpft,halb aufgedunsen gegenüberstellen.
355 1501 2373 1592 Ich habe mir sehr viel abzugewöhnen, aber es sind wenigstens lauter echte
349 1570 2410 1688 Dichterkrankheiten. Mir scheint der Satz klingt masslos arrogant; lesen Sie
355 1685 2368 1794 ihn nicht so. Sie müssen mir einen handgreiflichen Gefallen tuen: ich bin
352 1786 2432 1890 mit Bahr verabredet Ende Juli nach München zu gehen; mir passt 24 ( eventuel
344 1869 2357 1992 25 ) bis 1 August ; Seit 14 Tagen beantwortet Bahr keinen Brief. Ich muss
344 1960 2312 2058 aber doch endlich wissen woran ich bin. Also bitte telephonieren Sie in
339 2058 2349 2154 meinem Namen an die Redaction der " deutschen Zeitung" man möge entweder
341 2144 2293 2242 Bahr meine dringende Aufforderung endlich zukommen lassen, oder seine
341 2232 2328 2354 Adresse angeben, oder wenn man das nicht darf, wenigstens sagen wie lang
344 2320 2402 2434 er beiläufig incognito oder verschollen bleiben dürfte. Und bitte schreiben
341 2400 1112 2536 Sie mir sofort den Bescheid.
1250 2397 1874 2520 Herzlichst Ihr Loris
1312 2477 2154 2616 Warum antwortet Salten nicht?
323 2525 563 2634 5/8 56
325 2602 851 2744 Mein lieber Arthur
1794 2650 2314 2773 Strobl 12/VIII 93
320 2701 2357 2861 Vielen Dank für Ihre 2 lieben Breife. Ich arbeite nichts; ich befinde mich
320 2808 2317 2928 sähr wohl. Ich spiele Teunis, Macao, fahre, schwimme und habe keinen zu-
315 2933 2344 3053 samenhängenden Gedanken. Ich bin kein Poet (Dichter Schriftsteller,
301 3000 1874 3144 merkwürdiger Mensch) sondern höchstens Ihr guter Freund
1922 3045 2149 3146 Hage
309 3101 2282 3234 V o ist Salten? I Sie schreiben er ist * unten. Im September komme
