2705 3608
2208 265 2310 359 43.
270 262 2409 519 erfreulichen Menschen, auch andere Leute, Frauen, Cocotten, Sohauspielerinnen,
265 466 2244 593 sehr viele schlechte Menschen, arbeite sehr viel, finde endlich dass der
262 552 2087 701 Tag 24 Stunden hat und bin nie schläfrig. Von Herzen Ihr Hugo
1852 627 2418 740 Brigton 6/v 1900
262 693 384 872 164
270 836 2409 960 Mein lieber Arthur, ich war sehr froh darüber, dass Sie in der Zeit von Papas
270 927 2277 1043 Krankheit meine Eltern oft besucht und mir gut und beruhigend darüber ge-
894 1013 2443 1126 Ein Zufall hat mich veranlasst für kurze Zeit hierher zu
276 1035 729 1148 schrieben haben.
270 1098 2277 1234 gehen und so werde ich auch noch mit einer etwas traumhaften Flüchtigkeit
279 1198 2396 1308 London sehen. Wenn ich auch nicht gar so viel fertiges mitbringe, so dafür um-
279 1283 2352 1408 somehr angefangenes und entworfenes. Hier ist mir nach einer langen Zeit zu-
287 1383 2495 1493 erst die Neue Fr. Presse wieder in die Hände gekommen. Das strömt eine kleinliche
279 1488 2349 1595 ordinäre, herabgekommene Atmosphäre aus, in welcher man niemals wirklich zu
287 1557 2288 1670 leben trachten muss. Warum schreibt ein anständiger Mensch wie Goldmann 6
276 1667 2495 1777 Spalten voll mit Nichts, diese Nichts in dem unbeschreiblich witzelnden jüdischen
279 1766 2445 1866 Ton, der nirgends auf der Welt existiert als im Feuilleton deutscher und oester
276 1844 2415 1954 Zeitungen? Ungefähr den 18 ten werde ich in Wien sein und freue mich sehr auf
276 1951 2307 2053 Sie und Richard, auf den Frühling in Niederoesterreich und aufs Radfahren.
1046 2026 1576 2153 Von Herzen Ihr Hugo
1896 2109 2189 2219 7/5 1900
276 2128 555 2241 Xßs „ 166
293 2211 2393 2321 Wollte nur sagen: das wäre abscheulich wenn Ihr vielleicht in der Brühl sitzt
276 2324 2321 2412 und man wüsste es nicht: sollte ich ein Wort auf Sie prägen - so wäre es:
273 2382 2448 2514 Nervenkasperle. Die Olga ist eine singende Triesch, zufällig ohne Hände geboren
1598 2478 1849 2603 Ihr Hugo
1960 2556 2318 2691 15/VII 1900
273 2583 389 2716 167
270 2702 2407 2801 Mein guter lieber Arthur, wie die Dinge einmal eigensinnig und unbegreiflich
276 2785 2421 2906 sind, finde ich hier, in vollkommener Ruhe bei unverstörte, äusseren Umständen
270 2879 2360 3017 für 14 Tage nicht nur nicht die leiseste Möglichkeit des Arbeitens, sondenn
270 2981 2374 3111 ich versinke auch in solche Verdrossenheit, solche Gelähmtheit aller inneren
270 3061 2426 3207 Sinne, dass ich ein Buch nach dem andern aus der Hand lege und wer am Morgen
