2736 3594
1404 305 1560 451 G.H.F.P.
725 310 819 443 P.
2113 329 2204 430 1
344 397 1325 566 10  Der Prolog, ein Page u.s.f.
2077 454 2309 571 1/1 92
2194 537 2322 670 3/3
350 590 524 704 IX 12
357 652 2319 790 Lieber Freund. Dörmann will uns sein neues Buch vorlesen und hat mich
360 730 2392 879 gebeten Sie einzuladen. Wenn Sie also nichts besseres vorhaben, kommen Sie
355 843 2457 978 morgen Samstag 18 Uhr (pünktlich) Gewerbeverein Eschenbachstrasse 3 Stock
357 923 2340 1064 im Sekretariat. Es kommen Salten, Bahr Sie undlich. Wenn Sie nicht können
368 1033 2416 1166 sagen Sie bitte mir pneumatisch ab. Ich war heute bei dem Leichenbegängnis
2043 1119 2210 1221 Loris
1664 1130 1980 1263 Herzlichst
370 1124 1602 1302 von Richards Mutter. Soll man ihn besuchen?
2019 1208 2319 1323 Anfang 92
376 1281 2348 1427 Lieber Freund. Bitte schreiben Sie sich auch da hinein. Näheres Sonntag.
373 1396 2439 1510 Die Idee und die drei letzten Zeilen vom "Sohn" sind ganz 1892, das übrige
383 1484 2353 1649 etwas älter aber gar nicht bös. Ich hoffe, dass Sie gut aufgelegt sind.
1732 1591 2191 1717 Herzlichst Loris
2053 1696 2306 1784 18/I 92
376 1667 733 1810 14, 18 16
378 1769 2455 1915 Geschätzter Herr. Dienstag um 12 Uhr bin ich sehr natürlich in der Schule
383 1847 2444 1983 dann mache ich Aufgaben und von 3 - 4 habe ich deutschstunde. Aber Mittwoch
381 1967 2410 2087 um ½ 1 möchte ich ins Hotel Kummer kommen können. Wenn Sie aber nicht mehr
389 2024 2413 2184 antworten betrachte ich diesen Antrag als abgelehnt und komme erst Freitag
1492 2157 1654 2270 Loris
389 2142 1054 2262 2 Uhr zu Beraton sitzen.
383 2257 472 2356 17
2035 2311 2290 2429 17/2 92
394 2361 2311 2538 Thatsachen: 1/ Bitte adressieren Sie beiliegenden Wisch an Lothar und
397 2478 2439 2622 schicken Sie ihn weg. 2/ Maeterlinck hat mich zur Uebersetzung freundlichst
402 2588 2371 2729 autorisiert. 3/ Die Empfehlung an die Palmay habe ich verlangt und werde
397 2658 2437 2794 sie Bahr nächstens schieken. 4/ vielleicht könnte Kalka die ersten Viertel-
394 2760 2395 2898 jahrsbeiträge rasch einkassieren und uns gegen Garantie durch persönliche
394 2854 2421 3024 Unterschrift leihen. Das waren doch vielleicht 200 fl. 5/ Suchen Sie Bauer
1894 2945 2004 3003 dass
394 2958 2374 3099 gegenüber uns wichtig und ernst zu machen und trachen Sie das erste Heft
391 3050 2403 3196 möglichst bald erscheint. An die Premieren: Fulda " Sclavin " Griseldis
399 3154 1477 3316 und Schlesinger "Derby" lässte xxx
