2716 3607
2352 254 2439 348 35
1691 254 2290 444 Lugano 25/8 98
353 327 491 470 125
366 413 2433 559 Ich arbeite nicht, war darüber in den ersten Tagen unsinnig verstimmt und
361 525 2365 640 niedergeschlagen, jetzt habich mich dreingefunden und leb still und ange-
371 599 2428 740 nehm, besonders seit die furchtbare Schwüle aufgehört hat. Richard arbeitet
340 680 2384 847 "mehr und leichter als je " und dürfte den 31 ten hierher zu mir kommen.
379 821 1728 949 Bitte bald wieder Nachricht. Von Herzen Ihr Hugo
1905 865 2365 980 Lugano 21/8 98
379 920 489 1017 126
382 980 2300 1066 Bin über Zermatt und Simon gut angekommen, wohne schön und angenehm.
389 1064 2407 1171 Hoffe sehr auf Nachricht von Ihnen und bitte vielmals um..? oder Tasche
387 1129 1563 1208 das bis jetzt noch nicht in meinen Händen.
1579 1168 1814 1320 Ihr Hugo
1743 1343 2297 1477 Venedig 2 ten X 98
389 1372 507 1482 127
384 1443 2415 1568 Mein lieber Arthur. So hör ich auf einmal von meinen Eltern, dass die Auf-
387 1566 2376 1673 führung von " Vermächtnis" unmittelbar bevorsteht und denke Sie auf der
392 1655 2415 1775 Probe in dem halbfinsterem Theater und der Luft, die Sie so gern haben und
395 1728 2418 1830 die ich auch so gern zu haben anfange. Dann kommen mir Wiener Sommerabende
395 1814 2381 1924 ins Gedächtnis, das Bad im Neuchatelersee, der letzte Tag im Dampfschiff,
395 1905 2373 1989 und ich denke mir wie schön und gut es ist, dass ich Menschen wie Sie
389 1994 1623 2112 xx so früh hab finden und behalten dürfen.
395 2088 2373 2193 Ich war bei den Thürmen von denen Sie mir einen geschenkt haben, dann in
395 2169 2397 2284 Florenz worüber mehr als viel zu erzählen ist und sitze nun seit 14 Tagen
389 2271 2488 2376 hier so fieberhaft fleissig wie ichs manchmal und leider zu selten sein kann.
384 2363 2405 2462 Etwa am 10 ten bin ich Wien, höre von Berlin, hör endlich den "Kakadu",
382 2457 2394 2559 lese wohl eine venezianische Comödie vor, erzähl von d'Annunzio und sage
379 2551 2394 2658 mir alle Herbst aber noch mit viel tieferer Ueberzeugung als früher, dass
379 2637 1150 2768 man sich öfters sehen muss.
1134 2721 1707 2846 Herzlichst Ihr Hugo
