2701 3592
2080 134 2195 291 23
223 299 330 386 86
236 325 2245 501 Sie lassen es und ich thue es selber. Aber bitte antworten Sie jedenfalls
1959 393 2287 493 xxxx
1912 469 2195 580 12/5 97
231 498 325 632 87
236 556 2329 708 Lieber Arthur. Wenn die Geschicht noch lang dauert werd ich ja vielleicht
247 671 2276 816 etwas haben was mir zum Vorlesen passt, dann werd ich's ja gern thun. Wenn
247 755 1917 900 ich aber keine passenden Sachen habe als jetzt, so nicht
241 855 2232 997 Dass man meinen Namen vorläufig aufs Programm setzt wenn Ihrer etc. drauf
252 944 2198 1096 steht, ist mir natürlich ganz recht, aber Ihnen und Bahr gegenüber ver-
241 1028 1954 1204 pflichte ich mich eben absolut nur unter der obigen Bedingung.
1524 1122 1775 1230 Ihr Hugo
1935 1164 2282 1319 24/April 97
254 1243 349 1358 88
254 1298 2206 1442 Hein lieber Arthur. Zuerst kommt eine dumme Geschichte dann anderes.
1427 1390 1550 1450 zehn
252 1390 2339 1537 Die "mini" von der Clara Loeb steht seit xxx Tagen in der" Freien Bühne
254 1487 2303 1639 natürlich ist es herausgekommen von wem es ist. Zum Theil hat die Minnie B
273 1555 2379 1718 eine recht überflüssigen Tratsch angefangen (komisch muss sich das alles i n
262 1668 2271 1820 Paris anhören ) anderseits hat jemand recht gemein den Eltern Loeb einen
267 1754 2255 1907 anonymen Brief geschriebenen kurz heute früh lässt mich die Mutter bitten
265 1823 2334 2014 hinzukommen. Die Clara war nicht zu sehen, die Anna und die Mutter verweint
278 1930 2224 2082 wie bei einem Leichenbegängnis, der Vater ganz blass und mit zitternder
273 2030 2258 2187 Stimme. Das Weitere ist uninteressant; ich glaube dass ich sie doch ein
275 2116 2234 2263 bissel herumgekriegt habe : Ihre active Theilnahme hab ich verschwiegen
278 2211 2240 2376 weil die Mutter ohnehin eine schlechte moralische Meinung von Ihnen hat
288 2316 2339 2452 (während ich doch so trav und anständig bin. (hoch!) Zum Schluss waren
294 2405 2303 2546 sie fast gerührt über mich und vielleicht lassen sie mich noch die Männer
283 2499 2219 2636 für die Mädeln aussuchen. Von Ihnen aber will ich nur zweierlei 1/ wenn
281 2573 2289 2735 irgend jemand bei Ihnen anfragt (bei der räthselhaften Stellung, die die
283 2706 2219 2819 Minnie zu der Geschichte hat ist alles möglich) so wissen Sie einfach
281 2780 2379 2919 nicht wer die Verfasserin ist. 2/ Sie müssen so gut sein, sofort an Fischer
291 2874 2221 3076 schreiben, dass der Druck des Buches unterbleibt und er das Manuscript
