2715 3592
2229 269 2322 386 12
287 372 2290 532 Der kleine Teltsch möchte auch gern eines haben. Vor einer Woche hat mir
287 481 2333 601 eine Russin, meine Soupernachbarin sehr von den 4 proverbes de ce monsieur
293 551 2431 705 qui est en meme temps medecin" geschwännt. Wann soll denn Salten fortkommen?
1992 646 2181 750 Loris
1240 662 1559 777 Herzlichst
1838 729 2248 862 Samstag abends
301 787 383 880 38
952 851 2245 968 Ich komme möglicherweise nach einer Gesellhaft
298 849 697 974 Lieber Arthur.
303 920 2224 1048 ins Central, antworte aber lieber so. Der Brief von Fels hat mich sehr
298 1043 2389 1149 schmerzlich berührt. Er muss jedenfalls unten erhalten werden; ich werde ihm
311 1125 2338 1234 dazu noch selbst schriftlich zureden und hoffe Ihnen in allernächster Zeit
317 1189 2365 1349 wenigstens circa 25 fl schicken zu können. Bahr ist momentan in Berlin, und
311 1285 2378 1420 kommt Montag abends zurück. Dienstag spätestens Mittwoch werde ich ernsthaft
309 1391 2365 1516 und endgiltig mit ihm reden. Er hat allen möglichen guten Willen, nur nicht
314 1468 2343 1609 die Energie, um die mit solchen Dingen verbundenen eckelhaften kleinlichen
311 1564 2296 1702 Anstände zu überwinden. Er muss sie aber eben haben. Also ich für meinen
314 1681 2394 1788 Theil fürchte mich vor gar nichts als vor der muthlosen Traurigkeit des Fels
311 1753 2293 1875 die ja hoffentlich vor guter Luft und Ernährung weichen wird. Das übrige
1910 1849 2077 1958 Loris
1474 1846 1780 1958 Herzlichst
325 1873 1210 1968 wird sich und werden wir finden.
2072 2019 2325 2131 13/I 93
317 2125 2298 2240 Mein lieber Arthur. Ich habe den Sitz für Samstag natürlich genommen,
322 2216 2375 2349 kann aber leider nicht gehen, weil am selben Abend eine Vorlseung F.v.Saars
319 2298 2304 2415 stattfindet, zu der zu kommen ich seit langer Zeit versprochen habe. Ich
319 2391 2296 2527 hoffe aber bestimmt wenn mir nicht abgeschrieben wird Richard und Salten
322 2482 2320 2615 am Sonntag bei Ihnen zu treffen und wünsche Euch für Samstag beste Unter-
755 2591 1293 2711 Herzlichst Ihr Hugo
325 2604 561 2756 haltung.
1303 2641 1944 2761 ehemals Schriftsteller
1907 2721 2229 2854 Donnerstag
319 2740 700 2883 10. 47. 47
325 2814 2237 2947 Lieber Arthur,... P3 Ich denke sehr oft an die Hovelle vom
327 2934 2383 3030 Sterben und möchte viel mehr davon reden als geschieht. Sie haben was gegen
319 3030 2202 3139 die Geschichte. Wenigstens scheinen Sie sie todtschweigen zu wollen.
317 3112 668 3272 ab, 17. 48
