2716 3607
2189 278 2288 377 34
1956 315 2130 414 25/8
1769 313 1887 417 lage
321 388 2427 575 man dann leicht über Maloya oder anders in meine oberitalienische Seengegend
326 484 2392 676 kommt. Dort möchte ich 14 - 20 Tage an einem Ort ruhig bleiben. Wunderschön
350 559 2376 727 wäre es natürlich wenn Sie mit mir bleiben könnten, wir die Mahlzeiten und
337 657 2461 834 Abende und hie und da einen Unterbrechungstag zusammen verbrächten. Ich denke
350 772 2362 930 am Vormittag des 11 ten in Innsbruck zu sein. Höchstens etwa um einen Tag
350 858 2389 1029 später. Bitte antworten Sie auf diesen Brief recht schnell, ob Ihnen alles
347 981 1280 1112 recht ist. Von Herzen Ihr Hugo
1897 1117 2381 1243 Brühl 6 VIII 98
361 1200 465 1293 122
363 1179 2354 1384 Mein lieber Arthur, auf meinen letzten Brief nach Tegernsee bin ich noch
371 1312 2496 1483 ohne Antwort, aber gar nicht beunruhigend, da ja Ihr letzter die Versicherung
374 1392 2440 1569 enthielt, dass Ihnen unser rendez-vous 10 - 13 recht ist. Nun fange ich an
366 1499 2475 1657 mich schon sehr nach dem Arbeiten zu sehnen und mit den Tagen geizig zu, sein
379 1566 2483 1745 Ich möchte daher schon Dienstag d 10 ten vormittag ( circa 10 Uhr glaub ich)
2095 1657 2221 1705 dort
379 1668 2312 1828 von Zell am See her in Innsbruck ankommen. Werden Sie da schon sein
385 1756 2368 1916 und am Bahnhog oder wo treffen wir uns? Ich nehme an dass wir am selben
385 1849 2429 2028 Tag weiterfahren gegen Bregenz. Sollte es practisch sein mit demselben Zug
396 1951 2448 2090 weiterzufahren, in dem ich ankomme, so müssten Sie mich natürlich auch das
388 2058 2437 2205 wissen lassen. Ich reise Montag d 8 ten in Wien abends ab, bin 9ten früh
396 2143 2542 2288 bis 9 ten abends Bad Fusch. Entweder schreiben Sie also umgehend in die Fuscht
398 2210 2413 2381 oder was mir noch lieber wäre telegraghieren in die Salesianergasse (am
398 2357 2018 2467 Montag ) das Dringendste ob Sie mittwoch Innsbruck und wo
1406 2432 1975 2566 Von Herzen Ihr Hugo
2047 2536 2477 2662 Lugano 30VIII
409 2616 1026 2737 123 Telegramm, 124
406 2627 2509 2801 Lieber, ich lebe nun ganz ruhig und zufrieden, schreibe etwas Prosa, erwarte
417 2750 2539 2876 Richard und geniesse die nun sehr schöngefärbte reine Luft. Mit Briefen oder
414 2857 1903 3017 Karten machen Sie mir eine grosse Freude und hierher!
1384 2934 1932 3057 Von Herzen Ihr Hugo
414 3031 543 3210 125
