2681 3727
412 629 742 817 an Arthur
425 788 654 891 Lieber,
474 868 2404 1002 Hier bin ich wirklich wie unter dem ersten Anbauch der Luft gesund ge-
438 961 2396 1090 worden, und von einem inneren Reichtum, dass ich manchmal, gegen Abend
428 1069 2383 1190 auf eine steile Berglehne hinaufklettern muss, nur das Blut vom Kopf
430 1154 2427 1265 abzuleiten und den unaufhörlichen Zudrang von Gedanken, Bildern, in Situa-
415 1252 2329 1360 tionen, abzuleiten. Es ist mir schwer, in solchen Zeiten ein Buch zu
188 1257 286 1350 G.C.P.
366 1340 2435 1461 lesen. Ich möchte alles, was mir in die Hand fällt, dramatisieren, selbst
433 1427 2246 1525 den Goethe-Schiller'schen Briefwechsel, oder die Linzer Tagespost.
675 1512 2337 1626 Das "Gerettete Venedig" habe ich heute abgeschlossen. Was
371 1523 469 1646 P.P.
428 1602 2373 1721 noch daran zu tun ist, das wenige lässt sich unter dem Abschreiben tun.
435 1695 2342 1809 Indessen sind aber, wie leuchtende Wolkeninseln hinter den Bergen her-
438 1762 2329 1912 vor andere Stoffe gestiegen, zum Teil aus dem geheimnisvollen Abgrund
441 1888 2288 1994 des niemals schlafenden, unbildenden Gedächtnisses: das "Leben ein
435 1973 2308 2092 Traum "dieser fast zu grosse Stoff, hat seinen tiefen, dem Calderon
433 2038 2262 2164 fast entgegengesetzten Schluss gefunden, "Pentheus " im Stoff den
428 2156 2290 2267 Bacchen des Euripides nahe, aber viel reicher und schöner, hat sich
433 2239 2262 2360 zum Svenarium gegliedert, zweiactig; "Orest in Delphi" der Elektra
438 2321 2404 2450 2 ter Teil zeigt seine Gestalten unheimlich deutlich - mit dieser Fracht
438 2398 1742 2548 gehe ich am 31, ten nach Markt Aussee, Rangut.
448 2502 1845 2625 Lassen Sie mich hier und dort nicht ohne Nachricht.
1863 2605 2100 2728 Ihr Hugo
