2621 3607
240 268 2129 467 in das Ganze unterordnet. Wir bilden uns nicht ein, dass ein solcher
243 442 2304 592 Patient zu curieren ist. Aber von einer solchen Krise des Elends wieder in
251 530 2315 666 das relativ normale zurückzuführen ist sie doch vielleicht. Sie werden mir
254 628 2310 753 Freitag vielleicht sagen, wann Sie mit Ihrem Bruder sprechen können, nach-
251 734 1414 846 her fruft man Sie dann wieder. Ihr Hugo
2323 781 2419 904 P.
805 814 1542 920 xxx nicht will aus seiner xxx
251 824 841 950 242, - 249 : Karten
2320 879 2424 1005 C.F.P.
1725 885 1930 994 G.C.H.F.H
775 887 1663 1018 ber. Wahrscheinlich ist das ganz
1982 874 2296 1032 14/3 905
257 928 374 1043 250
257 972 2293 1158 Lieber, ich bin in Ragusa Hotel huperial und bleibe vormittag zu Haus. Sie
262 1097 1125 1215 finden mich im Hotel Ihr Hugo
2198 1136 2315 1259 G.F.P
257 1177 1209 1305 251 (dictiert über Bahrs Zustand)
1018 1242 1862 1365 Ihnen gutes zu hören. Gehen mächst
1911 1223 2187 1390 30/9. 905
259 1297 366 1379 27/7
262 1370 358 1469 253
358 1346 1892 1444 reuth, sind hier bis Ende August mit allen Kindern. Bitt
259 1414 2411 1551 Lieber, ich bin schon über eine Woche zurück, arbeite aber vor und nachmittag
259 1521 2299 1624 wenn ich nicht wie zufällig heute, unwohl bin. Ich höre von Bahr, dass der
298 1624 2353 1720 Ruf des Lebens“ schon in irgend einer Form lesbar vorliegt. Ich wäre sehr
259 1704 2236 1810 froh es im Ganzen zu lesen. Dem "Zwischenspiel bewahre ich die schönste
1493 1772 1616 1829 sehr
254 1799 2230 1903 Erinnerung und würde mich auf die Aufführung seine freuen wäre nicht Witt
257 1892 2375 2015 Unbegreiflich! Unerklärlich! Frl Witt ist für mich eines der unangenehmsten
262 1982 1411 2124 Geschöpfe der deutschen Bühnen. Ihr Hugo
1477 1982 1873 2124 getroffen wä
1919 2075 2124 2184 7/8 905
262 2086 753 2211 254 - 56 Karten
811 2078 1862 2222 xxxn aufregendem bin ich von diesem unsi
254 2146 360 2228 257
257 2176 2402 2318 Mein lieber Arthur, wir freuen uns ja so sehr Euch Freitag hier zu sehen, aber
259 2280 2340 2383 ich will Ihnen doch sagen - um es durch Aussprechen loszuwerden, dass mich
259 2367 2195 2490 das Hinausschieben um eine Woche heftig, vielleicht unverhältnismässig
257 2484 2427 2588 heftig verstimmt hat. Sie können allerdings nicht wissen dass ich aus gewissen
259 2558 2345 2689 Arbeitsgründen Sonntag schon wieder abreise und man sich daher knapp einmal
259 2659 2416 2763 sehen wird, in Monaten - aber davon abgesehen, ganz an und für sich betrachtet
251 2760 2441 2875 man sitzt auf der elenden Waffenübung, freut sich so sehr auf die paar Menschen
262 2853 2381 2992 die man dann wiedersehen kann. - Richard kann ich nicht rechnen, bis er weder
254 2946 2340 3066 normaler und gesünder wird, Bahr ist verschollen - kommt dann zurück, sehnt
254 3066 2345 3205 sich sehr in andere Dinge wieder hineinzukommen (Sie ahnen nicht, wie einen
