2701 3592
2232 251 2359 376 20
304 309 2386 492 Steffes wie erblindet vor. Das muss man wahrscheinlich überwinden. Ich kann
302 444 2373 611 es nur nicht weil ich bis jetzt eigentlich immer nur kurze Gedichte gemacht
302 542 2254 653 habe. Sie lassen mich dann immer wissen, wo Sie Briefe finden wollen,
304 630 2336 754 nicht wahr? (vom 15 Juli an schreiben Sie mir nach Wien, weil ich nicht
312 730 2095 862 genau weiss wo ich sein werde)  Leben Sie wohl, lieber Arthur
838 849 997 947 Hugo
309 852 674 971 Herzlich Ihr
1746 891 2291 1034 Fusch 16 Juli 96
312 944 407 1063 78
307 1029 2365 1182 Mein lieber Arthur. Ueber das Stück hab ich öfters nachgedacht, bin aber
320 1166 2407 1283 nicht über gewisse allgemeine Gedanken hinausgekommen. Ich fahre morgen nach
325 1251 2248 1375 Salzburg und bin dort 2 3 Tage mit Richard zusammen. Dann geht er nach
320 1304 2370 1449 Dänemark, ich nach Aussee. Vielleicht finden wir zusammen etwas Gescheidtes
323 1426 2280 1539 Der 2 te Act muss alles wirklich dramtische enthalten, alle Wucht allen
317 1497 2301 1664 Pathos, alle Grausamkeit und alle innere Versöhnung, dann sind der erste
325 1595 2407 1735 und dritte Act, die den Vorgang nur von aussen zeigen und an denen sich ohne
328 1693 2277 1844 Verderbnis nicht viel verinnerlichen lässt, gerechtfertigt und gerettet
325 1812 2349 1928 wie japanische Laternen, wenn man hinter ihren Bildern ein Licht anzündet.
323 1899 2306 2031 Es liegt nun im Wesen ihrer Composition, dass Ihnen gerade Wucht und das
331 2002 2248 2111 Schioksalmässige, Unabwendbare schwer wird: (besonders wenn nicht eine
333 2100 2201 2211 weibliche Figur das ganze träg. Deswegen muss aber gerade hier die
328 2185 2293 2304 Frauenrolle ausgenützt werden (jetzt läuft sie nutzlos, ja störend da-
325 2230 2449 2399 zwischen (: der gehaltene Ton den der Held allen Männern gegenüber hat, kann
336 2330 2254 2486 dem Mädchen gegenüber so völlig wegfallen, wie etwa in einem Monolog:
339 2402 2312 2579 es liegt sogar eine natürliche tiefe Coquetterie darin vor der geliebten
333 2476 2396 2671 Frau die Schwere und grausame Sonderbarkeit einer Situation einzusehen und
333 2634 2386 2735 einzugestehen (das entgegengesetzte viel dürftigere Motiv war das Verheim-
331 2730 2407 2843 lichen in der "Liebelei") An sich von aussen gesehen (so wie der erste
325 2817 2410 2965 und dritte Act es bringt ) sind ja alle Tragödien des Lebens nur unangenehme
1754 2880 2023 2944 xyz
325 2928 2312 3042 Begebenheiten, die mit einem Unglücksfall enden. Die xxx muss man und
