2631 3483
269 208 2247 367 Reise heute abends zunächst Ravenna, dann Umbrien, hoffe ich fidde Sie
992 333 1133 392 leid
275 350 2369 458 noch in Wien oder nahe Wien gegen 10 Juli. Ich empfinde es sehr schmerzlich
1244 419 1361 475 Herr
864 422 1142 494 dass xxxat d
281 436 2336 556 wie selten man sich sieht - Schicke Ihnen diesen Brief der Gräfin Thun, ge-
1903 508 2025 558 Zu
1336 517 1589 572 begedrückt
1003 511 1133 575 sachel
344 519 683 586 xxx sollten xxx
286 542 2397 653 schrieben noch, nachdem Sie mir damals Adieu (für immer) gesagt hatte, weil
417 608 1630 669 ich ihn kriegen, schen länget hätten mir die
278 636 2358 739 es Sie vielleicht freuen wird, wie herzlich sie in einem solchen Moment des
1803 694 1908 769 G.H.F.P
281 708 1772 761 u.s.f. Ich sehne mich sehr nach Ihnen. Wie wir uns
1614 725 2428 850 an kommt - es scheint Hoffnung,
275 742 1625 839 letzten Ueberblicks Ihrer gedacht. Wenn sie davo
1492 789 1625 842 G.F.D.
1125 792 1469 853 sein, übrige
286 800 1055 858 sie sich wichtig gemacht hat
278 828 2283 903 zu sein - trotzdem die Operation sehl schwer war - so besuchen Sie sie
936 883 1297 942 ersten Ihr Augs
783 883 928 950 G.F.P.
278 886 658 953 schön mussen
286 908 2378 1025 vielleicht im Sanatorium, oder schicken ihr vielleich die Dämmerseelen, die
283 983 422 1044 29F
1286 980 2297 1122 Adieu, ich freue mich von Herzen auf
281 1005 839 1089 sie och nicht kennt.
892 1036 1908 1142 Tage hier, gehe Montag nach Griechenl
294 1080 736 1142 Ich bin nur mehr
281 1117 2347 1211 den Roman, das Steük, auf alles was Sie machen, denn ich habe noch nie eines
1928 1155 2014 1230 G.C.F.P
281 1169 489 1225 G.C.H.F.P
278 1155 2458 1311 Ihrer Bücher ohne tiefe Mitfreude wieder in die Hand genommen. Adieu Ihr Hugo
839 1292 1997 1436 Ich habe diese 14 Tage hier so viel gearbe-
311 1325 417 1408 P.S.
661 1278 805 1403 G.C.F.P.
275 1386 872 1455 276, 277 - 280 Karten
925 1383 2422 1519 ich ausser kleinen Katten an Gerty und Cortina 11/7 07
775 1439 858 1514 G.F.P.
269 1436 628 1530 281
281 1494 2375 1597 Sie arbetten von 2 - 5? Gut. Ich werde von ½3 bis ½5 arbeiten und dafür das
269 1592 2266 1697 doppelte Honorar verlangen. Wir sind Sonntag 1.10 nachmittags bei Ihnen
1550 1694 1664 1789 mit
1297 1694 1428 1803 nich
267 1672 1228 1805 Freuen uns sehr Von Herzen Hugo
1600 1780 1736 1891 A:A:S:
1358 1775 1567 1891 Stück
272 1772 958 1905 27/7, 283
1808 1772 2119 1889 18/9 07
281 1872 2244 1983 Mein Stück schreitet in unglaublichen Tempo vor. Wir sind
269 1955 2222 2075 jedenfalls 1 October in Wien.  - - Halbe dringend "Morgen" und allen
267 2061 2250 2158 andern Reflectanten gegenüber den Preis halten nicht sich eilen, nicht
275 2136 2503 2264 Geduld verlieren, nicht sich ein paar Briefe mehr verdriessen lassen. Wassermann
275 2244 2378 2350 bekommt von Ueber Land - Meer für den Roamnabdruck 12000 Mark, 8 Auflagen im
275 2333 2369 2425 vorhinein - 8100 ist 3000 Mark. Und Sie haben einen viel stärkeren Namen!
256 2428 1422 2555 286, 287, 288, 289 Karten
653 2505 1567 2630 xxx meine Last etwas anderes gelxxx
261 2514 503 2630 290
2022 2491 2294 2611 17/1 908
258 2619 2283 2711 Mein lieber Arthur, ich freue mich sehr (mehr als ich gedacht hätte,
258 2703 2311 2827 dass ich mich freuen würde, wenn man mir vorher gesagt hätte: wird es Sie
261 2800 2294 2902 freuen wenn A.... 7) Es ist besonders lieb, dass Sie ihn (durch den
256 2877 2397 3011 Redacteur der Zeit ) gleich mir verliehen haben. Aber im Ernst, hätte ich ihn
250 2980 2247 3116 jemals bekommen, bevor Sie ihn hätten, so hätte ich ihn mit einem sehr ge-
