2701 3592
2132 241 2238 355 25
342 355 2283 501 Ich arbeite noch immer nichts, lerne nur fleissig an meinen romanischen
339 442 2156 593 Texten. Aber ich fühle mich doch nun recht viel freier und weniger
347 548 2296 689 verworren und bin viel zufriedener. Ich freue mich recht auf Ihre Hück-
336 612 2466 779 kehr "Götterliebling" dürfte bald fertig sein auch das Stück von Hirschfeld
1658 731 1897 853 Ihr Hugo
1936 713 2339 922 Wien 17 Mai 97
358 879 2432 1049 Mein lieber Arthur. Ich höre mit grosser Freude von verschiedenen, dass
360 837 440 964 91
366 975 2453 1142 es Ihnen sehr gut geht und hoffe dieser Brief trifft Sie noch vor der Abrei-
2127 1041 2299 1097 entsoit
373 1062 2463 1237 se nach London. Mir gienge es auch recht gut (besser als lange) wenn nicht
379 1176 2357 1308 dieses unglaubliche Wetter wäre. Man muss das Wetter erwähnen, es ist zu
381 1279 2251 1436 wichtig.Seit den ersten Tagen mai ist ein furchtbarer Himmel wie im
2217 1290 2355 1369 G.H.F.P.
2074 1332 2153 1367 G.F.P.
376 1367 2355 1526 Februar, stundenlange Regengüsse 3 - 5 Grad, manchmal in einer Woche kein
389 1457 2307 1592 Stück Himmel. Und da schon vorher ein paar sehr schöne Tage waren, so
471 1489 652 1544 blauer
384 1512 2384 1693 sehnt man sich umsomehr, wie nach einen unterbrochenen Traum. Ich war die
384 1629 2310 1785 ganze Zeit fast nur zuhaus und habe meine Grammatiken gelernt und alte
397 1738 2270 1859 Texte gelesen. Ich freue mich mehr als ich sagen kann, darauf wieder
389 1825 2408 1949 aufs Land zu können, das drängt alles andere zurück. Vom Sommer weiss ich
400 1897 2461 2047 noch nichté viel Bestimmtes. Jedenfalls bin ich bis zum 20 ten Juni in Wien
395 1995 2381 2130 Einen Abend, dann noch einen und einen kalten unfreundlichen Tag um Land
387 2098 2355 2228 hab ich mit Brahm verbracht, jedesmal nur mit ihm und Hirschfeld. Brahme
405 2188 2416 2318 itt ein überaus guter und angenehmer Hensch, es muss von solchen Menschen
419 2283 2291 2426 wohl gar nicht so wenige geben und wir sind manchmal zu sehr geneigt
403 2371 2421 2508 diejenigen, die wir zufällig nicht kennen abzuleugnen. Wir sind überhaupt
395 2485 2204 2625 sehr vorlaut. Wir haben aber vielleicht doch ein bisschen Talent.
397 2561 2426 2678 Leben Sie weiter wohl und erfreuen uns bald durch merkwürdige Erzählungen
1597 2659 1806 2779 Ihr Hug
1110 2673 1531 2784 reiflicherweise
1812 2665 2270 2855 Sonntag 13/6 97
1406 2755 1814 2871 sind mit 2 Zeilen
408 2765 874 2895 92
413 2829 2442 2972 Lieber Arthur!  Ich fahre wegen vielerlei Gründen (hauptsächlich) Ruhe
426 2919 2519 3059 zum Arbeiten) schon heute wieder in die Brühl. Adresse gieschüblerstrasse 2
421 3025 2286 3157 Hinterbrühl. Bitte machen Sie mir die Freude und kommen morgen oder
424 3133 1738 3361 Dienstag oder Donnerstag (nur nicht Mittach)
