2659 3464
308 197 2037 385 Brief zurückgeschickt, so leid es mir um das Geld getan hätte.
316 344 2500 477 Komisch übrigens (gewiss hat der Interviewer sich blöd ausgedrückt) dass Si e
324 441 2550 568 sich sollten so quasi "bescheiden" ausgedrückt haben statt zu sagen: natürlich
310 518 2403 671 muss ich ihn kriegen, schon längst hätten mir die Schweine ihn geben müssen
321 626 2386 748 u. s. f. Ich sehne mich sehr nach Ihnen. Wie wir uns Olga entschädigen dass
330 718 2367 856 sie sich wichtig gemacht hat? Nein, übrigens das arme Ding, ich lasse sie
327 831 1341 964 schön grüssen. Von Herzen Ihr Hug
1510 845 1771 942 ist doch
2095 901 2322 1020 7/4 908
321 903 582 1050 29 1/4 292
1968 917 2056 1025 G.C.P.
330 1000 2394 1147 Ich bin nur mehr paar Tage hier, gehe Montag nach Griechenland, deshalb wir
1926 1089 2173 1214 Ihr Hugo
324 1128 826 1225 möchten - - - etc
2164 1175 2441 1297 24/VII 08
324 1183 579 1289 293 294
324 1247 2417 1402 mein lieber Arthur. Ich habe diese 14 Tage hier so viel gearbeitet, gedaucht
321 1366 2361 1505 notiert, dass ich wirklich äusser kleinen Karten an Gerty und meinen Vater
321 1460 2369 1582 nichts Briefartiges haben schreiben können und wollen, schon aus Angst vor
1297 1530 1394 1585 G.C.F.P
333 1549 2419 1663 einem Ueberspannen und Nicht-schlafen. Uebermorgen kommt Gerty mir nach und
333 1657 2397 1751 wir fahren nach Sils. Dort hoffe ich nicht nur mit dieser Comödie fertig zu
998 1718 1081 1776 G.H.F.P.
327 1738 2461 1860 werden, sondern auch ein anderes kurzes Stück, das mir mit zudringlicher Leb-
679 1812 790 1868 G.H.F.P.
1721 1832 2469 1948 Statt nach Sils könnten wir
321 1848 1624 1948 haftigkeit vorschwebt zum mindesten anzufangen.
327 1937 2472 2034 doch ganz woghl auch dorthin kommen wo Ihr seid, ich meine „hätten wir können
330 2012 2447 2131 Es ist eine Schrulle von mir, dass wenn jemand wie Sie nachdem ich mich gerne
665 2090 945 2145 nd Munterke
338 2120 2369 2223 richte einen Plan ausspricht, wie Sie mir im Winter den, in die Schweiz zu
560 2181 648 2236 Ich
324 2200 2436 2317 gehen - ich mich so daran halte, als ob es etwas ganz festes wäre. Auf diese
1477 2261 1682 2317 chleiern
360 2278 504 2333 Maltin
338 2297 2455 2403 Weise habe ich in Sils gemietet - um eine Begegnung mit Euch bequem zu haben
1169 2358 1350 2417 tik sur
1039 2364 1147 2419 G.F.S.
468 2364 563 2428 G.C.F.P
321 2400 2475 2502 Dann im Mai wäre die Sache wohl noch rückgängig zu machen gewesen, da hat aber
1275 2447 1411 2508 schle
369 2455 646 2519 Verfassung
324 2477 2400 2572 meinen Willen und meine Läst etwas anderes gelähmt: ich meine mein gar nicht
1474 2544 1596 2605 offe
1203 2541 1438 2602 doch ein
895 2550 981 2602 tes
327 2572 2389 2688 glückliches Verhältnis zu Ihrem Roman. Da ich Sie eben sehr gern habe, und
1519 2633 1726 2688 könnte,
1355 2633 1505 2688 Monsieur de
945 2641 1222 2696 andern hin
330 2652 2439 2780 zwischen Ihnen und Ihren Arbeiten natürlich keine Grenze ziehen kann, so hat
319 2771 2441 2868 mich dies durch einige Wochen sehr verstört. Es wäre mir ebenso qualvoll ge-
330 2852 2356 2968 wesen, darüber reden zu müssen, als mir peinlich war d anüber zu schweigen.
319 2946 2408 3093 Jetzt bin ich darüber ruhiger geworden und ich erwähne es jetzt absichtlich
