2862 3584
2174 689 2262 799 le
1515 785 2363 876 Phantasiebild in mir trage.
601 802 725 900 dem
903 799 1175 903 ein unau
2237 859 2377 953 .M.H.
258 898 2237 1007 lieber Arthur, ich komme demnächst vormittag zu Ihnen, melde mich vorher.
239 969 2440 1079 Bitte blättern Sie die Stelle im Märchen auf und schreiben Sie mir, wodurch
2292 1016 2424 1065 G.C.F.P.
305 1040 497 1101 "F
242 1079 2344 1175 ders Eindruck von Baraks physischer Erscheinung als eines wiederwärtigen sich
1864 1134 2114 1194 mir in R.
645 1169 2229 1268 Ich überlas die Stelle, die mir vorschwebte, fand sie
291 1158 648 1257 fixiert hat.
1976 1224 2210 1287 19/3.22
239 1263 2273 1340 relativ harmlos in groben episch- primitiven Zügen; ein Paul wie ein Spalt
1381 1320 2262 1394 Sie immer nur wie einen Schatten
1134 1329 1301 1378 trauré
242 1337 2325 1425 das heisst aber doch nicht: eine gespaltene Lippe.  Ich würde es gern re-
1150 1419 2303 1502 der Worte miteinander zu wechseln. Ich möchte
538 1411 678 1496 G.C.F:P:S
667 1427 1282 1521 Von Herzen Ihr Hugo
225 1427 533 1523 touchieren.
387 1469 2331 1589 gera wieder einmal eine Stunde in Freien mit Ihnen herumgehen - geht es
1946 1534 2276 1606 31/III 20
1367 1556 1469 1620 G.C.F.P
914 1548 2416 1652 xxx herzlich an Sie, Sie sind doch ein Stück von meinem
686 1578 777 1669 G.H.F.P.
274 1622 2284 1699 ein lieber Arthur, ich fühle nach den Berichten und allem was man so hört
793 1661 2333 1746 Lebensdinge im Gespräch berührt oder nicht - sie sind da
368 1710 2191 1801 der Lustspielabned sehr gut gegangen ist, trotz mittelmässiger
1016 1760 2440 1845 gegen werden - und von den Freunden mitgetragen werde
694 1790 865 1842 endwie
371 1801 2320 1883 spielerei, und dass auch andere Reprisen sehr gut gegangen sind und daß
892 1875 2262 1932 ganz verstehen  tut man ja auch die Zurammenhange
716 1861 818 1930 G.H.F.P.
513 1886 2207 1990 wenigstens in diesem Betracht, eine gute Zeit für Sie ist, und
412 1889 508 1987 länst.
2199 1908 2325 1979 ich
958 1965 2303 2023 del weniger die der Ändern. Könnten Sie sich nicht
414 1987 2141 2061 ich darüber so herzlich, als ich nur kann. Sie sind fast der ei-
2141 1998 2256 2078 zige
884 2059 2144 2114 Osterwoche doch einmal für das Mittagessen und
2141 2020 2380 2119 ein Saa:
774 2045 856 2130 P.
505 2070 2171 2160 riftsteller, der sich wirklich ein Publicum, was ja ganz etwa
985 2136 2234 2212 sodann zu kommen? Sie führen etwas vonnitts
607 2158 1765 2267 als eine Gemeinde, zusammengebracht hat, und
1823 2180 2314 2265 das sowohl hier als
1079 2234 2284 2289 vielen Jahren das Haus wieder in dem Ich nun
673 2245 788 2289 D'Hft
848 2245 996 2295 mach
2306 2256 2385 2306 G.C.P.
2298 2295 2388 2336 G.C.F.P.
522 2248 609 2344 land.
2306 2320 2399 2383 G.C.F.P
662 2245 2251 2339 und hier insbesondere scheinen mir manchmal Ihre Arbeiten,
2130 2325 2221 2377 können
1117 2328 1979 2383 um es weiter xxx xxx
873 2341 961 2380 86 -
511 2336 892 2438 darüber nachdenkeit
920 2347 2056 2449 wirklich die einzigen zu sein, durch deren
2287 2361 2402 2468 lung
667 2427 1908 2479 derten Kauf kämpfe, (ja eben eine allgemeine
538 2432 1889 2514 in höheres Theaterleben xxx mit dem Character der
1548 2509 1685 2567 and the
1263 2509 1469 2591 susn in
541 2506 1216 2597 auch jetzt einzelne Indivi
354 2523 576 2619 besteht.
1532 2553 1699 2608 nebst
678 2572 1298 2654 treasendes Feuer. Kommer
458 2613 1293 2729 Schauspielkunst in Wien so herst
623 2690 711 2753 doch
420 2712 705 2811 kann zweim.
