2716 3607
365 338 2233 485 also eventuel doch hinfahren. Unser rendes vous in Salzburg bleibt,
349 464 2134 619 wenn was Gott verhüte nichts ganz besonderes dazwischen kommt für
1249 555 1796 700 Von Herzen Ihr Hugo
346 593 1113 729 den 23 ten oder 24 ten Juli
1743 684 2351 874 Bad Fusch Mitte Juli
349 727 434 882 96
338 788 2491 965 Mein lieber Arthur. Herzlichen Dank für Ihren Brief. Poldy, dem es fortgesetzt
1384 912 1662 981 dringenden
354 917 2341 1035 sehr schlecht geht, kommt auf Widerhofers Rath hierher zu mir. Ich muss
354 1005 2384 1126 daher natürlich, um ihm Zeit zur Erholung zu geben, meinen Aufenthalt hier
351 1110 2338 1247 mindestens 10 - 12 Tage verlängern. Bitte gleich Antwort, ob für Sie und
351 1217 2445 1373 Richard das Salzburger rendez vous in den ersten Tagen August sich einteilen
343 1298 1244 1461 lässt. Herzlichst Ihr Hugo
1813 1426 2255 1582 Fusch 16 ten 97
362 1504 445 1625 97
362 1528 2306 1711 Mein lieber Arthur. Ich danke herzlichet für Ihrem Brief und Vorschlag.
359 1678 2335 1772 Auch den Mozartband habe ich bekommen. Es tut mir sehr leid, dass es mit
362 1780 2362 1874 Salzburg nicht zusammengeht und wenn es ein geringerer Grund wäre als der
367 1842 2448 1952 völlig zusammengebrochene Zustand Poldys, der mich nötig braucht und den ich
362 1939 2303 2046 in diesen nächsten 14 Tagen nicht mehr Stunden allein lassen will, als
367 2046 2480 2153 täglich meine Arbeit nöthig macht, so würde ich noch jetzt trachten es möglich
367 2113 2349 2228 zu machen. Auch habe ich eine kleine Arbeit in Versen angefangen, deren
359 2220 2467 2341 Hintergrund etwas mit Salzburg zutun hat und habe mich in übertriebener Weise
367 2303 2443 2445 darauf gefreut, es Euch dort, wo wir immer so glücklich zusammen waren, vor-
362 2413 2515 2526 zulesen. Diese kleine Arbeit wird freilich jetzt durch das finstere regnerisch-
365 2512 2394 2617 ### Wetter etwas verzögert und wäre wohl erst Ende Juli fertig geworden. Auf
365 2595 2448 2703 Euren Vorschlag möchte ich am liebsten folgendes antworten: wenn das Vetter
367 2695 2459 2815 gut wird und Ihr nur etwas Lust habt die schöne Radtour zu machen (Salzburg
367 2788 2475 2882 Berchtesgaden M Ransau - Hirschbühel - Saalfelden - Zell a See - wozu Lofer?
373 2850 2437 2965 so macht sie und verständigt mich unmittelbar vorher recht genau, damit ich
362 2952 2263 3121 rechtzeitig hinunterkommen eventuell ein Stücj ( Saalfelden)./.
