2515 3548
66 185 1213 405 Bitte depeschieren Sie mir hierher ausbleibung.
72 375 1260 502 Freute mich sehr über den so starken Erfolg
1723 435 2048 551 so trifft
88 463 1317 604 Wenn Sie ein überflüssiges Exemplar vom "Weib
256 507 2216 673 im Dienstag an auf Schloss Neubeuern an Inn und macht mir grosse Freude.
1913 595 2139 725 an nicht
400 650 1676 775 und es wird dieser Brief Sie bald xxx Hugo xxx
66 725 2150 868 sio lang sein, ohne sich zu sehen. Vieles Gute Liebe an Olga R. 20/I 910
77 808 2216 954 mein guter Arthur, vielmals danke ich Ihnen für Ihren Brief und Ihre Depesche
88 904 2202 1042 nach Neubeuern (wo wir zwei unvergleichlich schöne Herbstwochen zubrachten)
91 978 2202 1133 für Ihre Hilfe in der Besetzungssache und vor allem für die schönen Stunden
2081 1072 2172 1193 let
105 1094 1990 1232 die mir Ihr neues Stück geschenkt hat. Ich glaube dieses "weite Land
94 1174 2211 1312 ist wirklich die allerbeste Arbeit Ihrer an guten Arbeiten so reichen zweiten
91 1271 2307 1419 Arbeitsperiede. Das Stück gehört so ganz Ihnen und ist dabei so äusserst
102 1290 502 1356 Lenbens - oder
94 1362 2191 1519 kräftig, so wunderschön zusammengehalten. Alle Ihre nicht so leicht in einem
85 1458 2241 1588 Athem aufzuzählenden Vorzüge: das so ganz persönliche Lebensgefühl, die höchst
96 1552 2191 1701 besondere Seala der Wertungen, die zarte und sichere Gestaltung, die leichte
160 1640 2194 1803 und, für die Seenenführung, die Melancholie und der Witz, der höchst nötige
223 1731 2329 1871 sens, normale (abe seltener) Menschenverstand, und dazu das tiefere, poetisch
83 1822 2197 1973 philosophische Zusammenschen und Nebeneinandersehen, die Güte, die Erfahrung
154 1896 2194 2056 und zugleich der entzückende Mangel an Reutine, ein frisches, blühendes, ge-
295 1998 2211 2144 es, überall - das alles kommt zusammen um ein Stück herzustellen, das
262 2098 2158 2230 in unvergleichlicher Weise im Gleichgewicht hält, weltlich und tief,
309 2199 2191 2321 mässig und philosophisch, musant und bedeutend ist. Ich freue mich
284 2266 2233 2414 es auf der Bühne zu sehen — doch hab ich das auf des inneren Bübne tadel
262 2403 2268 2519 besetzt und sehr schön mir aufgeführt. Kommen Sie Samstag zur Generalprobe
1712 2453 2199 2583 oach für ein paar T
262 2470 1406 2605 Frauerfeier? Das wäre mir sehr lieb. Ich ist
361 2574 1312 2704 tats (zu Lichnowskys) dann bin ich
1315 2563 1397 2674 u. g.
535 2674 976 2795 Ihnen ja?
587 2767 736 2894 0)
