2705 3608
2257 262 2344 363 25
176 290 2285 466 Verwirklichung bestanden hatte. Und so hatte das Gerede damals, und hat auch
142 472 2185 578 jetzt mit der Sache selbst eigentlich nichts zu thun, und soll auch davon
151 536 2288 642 getrennt bleiben. Denn wenn man auch dazu geführt wird, etwas zu thun, was die
140 633 2313 745 Leute vorausgesetzt haben, so ist es doch, indem mans thut durch ganze Abgründe
153 725 2318 845 von dem was die andern in ihren Köpfen haben getrennt - Ich bin also bis halben
145 809 2293 918 August in Salzburg. Ich hoffe bestimmt, dass wir uns da sehen. Sie können mich
140 898 2363 1016 natürlich allein haben, soviel wir uns das verlangen. Was sollte sich denn ändern
148 999 2341 1110 oder künftig ändern müssen? Und übrigens ergiebt ja das Rad eine nette Form des
142 1091 2338 1202 Zusammenseins. gearbeitet hab ich recht wenig, will solche Zeiten aber von jetzt
148 1180 2358 1283 an ohne diese übermässige Ungeduld ertragen. Auf Ihre phantastische Novelle freue
142 1281 2385 1378 ich mich sehr. Wenn ich sie bald hören könnte, oder die lange? Das ist immer eine
140 1362 2335 1470 Freude, der nachher das Lesen nicht mehr gleichkommt. Aber hoffentlich sehen wir
142 1448 1035 1596 uns bald. Von Herzen Ihr Hugo
140 1601 248 1727 169
1618 1652 1900 1752 25/3 1900
134 1741 2190 1822 Lieber Arthur, ich bin auch morgen wieder bei Richard, vielleicht dass Sie
131 1830 2196 1925 gegen £ 8 hinkommen mich abzuholen oder gemeinsam dort zu bleiben. Das wäre
137 1917 862 2037 sehr schön. Herzlich Hugo
126 2006 1629 2143 Man kann Se nun ruhig den Kotzebue der Novelle nennen
128 2092 435 2210 X70, 171
1721 2101 2056 2215 Jänner 1901
126 2187 2229 2296 Lieber, hier ist das Bild für die Schauspielerinnen. Habe aus Neugierde den
137 2285 2305 2397 ersten Theil von Frau Bertha Garlan " gelesen und finde es wunderschön, so reif
128 2377 2358 2461 reich und leicht, voll Ruhe und Fülle, in zarten Farben voll Luft, sehr schön
131 2466 2279 2567 Trotzdem bleibt der Schluss des " blinden Geronimo" in der gegenwärtigen Form
114 2575 2344 2695 mangelhaft enttäuschend. Es muss aber sehr leicht zu ändern sein. Aber ich irre
114 2645 1317 2773 mich nicht, denn ich habs wieder gelesen.
1362 2650 2288 2770 Ich hätte eine grosse Bitte: dass
126 2748 2132 2849 Sie Samstag mit dem Lesen schon um ½5 begonnen wird. Ich freue mich schon
128 2835 2363 2932 seit langem mit der Gerty, die nie ein Stück von Shakespeare gesehen hat in eines
120 2935 2240 3019 zu gehen und so haben wir für Samstag eine Loge für Heinrich IV bestellt. Ich
112 3036 2070 3172 hoffe es lässt sich durchführen und werde pünktlich ½ 5 bei Ihnen sein.
1674 3111 2171 3292 lhufertst Unge¬
