2716 3607
2112 274 2220 359 37
1418 343 1608 464 1.
290 438 1389 601 falls Sie zufällig meine Eltern sehen.
957 451 1484 659 Von Herzen Ihr Hugo
1872 601 2149 709 Jänner 99
308 604 430 751 135
635 620 1590 823 Dr Arthur Schnitzler Frankgasse 1
1260 778 1605 873 Kürzen
308 846 712 997 16/6, 137, 138
1772 828 2468 970 Februar 99 Freitag früh
330 941 2254 1131 Lieber, ich höre von Rosenbaum, dass Sonnenthal auch den Henry spielt,
335 1049 2417 1205 was ich sehr gescheidt und richtig finde. Nur möchte ich doch nicht dass die
337 1136 2420 1313 nachträgliche Folge davon wäre, dass er auch nicht einmal die eine Rolle
337 1242 2375 1405 des Kaufmannes in meinen Stücken lernen kann oder will, weil ja auch diese
343 1321 2330 1529 Art der Abend immer mehr gefährdet würde. Ich meine also, dass Sie, wenn
353 1429 2436 1587 einmal Ihre Proben im Gang sind, nicht früher - bei ihm ind Schlenther dahin
351 1524 2280 1674 wirken könnten, dass er sich bereit erklärt, nach Ihrer Premiere nicht
353 1600 2462 1790 plötzlich ermüdet zu sein und sicher die gar nicht anstrengende Rolle, in der
359 1727 1566 1877 er mir unentbekklich scheint, zu übernehmen.
1574 1798 2122 1924 Herzlichst Ihr Hugo
1869 1888 2391 2022 Damstag Rebhuhn!
364 1993 2481 2122 Ich möchte, solang sich kein greifbares Hindernis sondern nur die allegemeine
361 2085 2404 2233 Indolenz entgegenstellt, natürlich an dem Datum des 11 März festhalten und
366 2172 2375 2338 dazu ist natürlich sehr nötig, dass Ihre Aufführung nicht über den 25 ten
374 2301 999 2420 dieses verzögert wird.
2072 2346 2330 2486 8/2 99
374 2497 488 2610 139
380 2544 2373 2697 Ich werde so frei sein als Mittel gegen Ihre Zahnschmerzen und gegon den
377 2613 2399 2776 dämonischen Fulda den sehr lustigen und angenehmen Josi Schönborn mitzu-
380 2692 2444 2852 bringen; er wird entweder nach dem Nachtmahl oder (wenn er sich freimachen
1503 2816 1743 2937 Ihr Augo
377 2837 1157 2976 kann) schon um ½ 9 kommen.
1888 2910 2143 3063 März 99
382 3003 794 3129 14 ß, 14X, 142
380 2982 2294 3261 mein guter lieber Arthur, es thut mir so unaussprechlich leid um Sie
