2669 3449
734 405 1357 553 einen pausiblen Zusammenho-
1392 421 1513 523 og br.
1993 480 2376 599 h wechselnde
1775 494 1886 602 gen.
529 504 1594 620 e Augen. So viel nun vonLili und meinen xxx
2069 572 2420 682 Jetzt aber
1454 580 2007 704 erten Begegnungen mit
407 599 1411 723 und wechselnden Ausdruck noch erschw.
370 666 2428 798 das Bitte, eine Quälerei, wie mehr zu den vielen, die jede Post bringt. Aber
2064 758 2336 863 ux in eine
305 774 1948 893 sich wage es denn es handelt sich darum einen ordentlichen Maa-
334 855 2180 974 chwierige Lage geratenn Menschen zu helfen. Der Verleger Erich Reiss
402 920 2390 1071 erleger von Brandes und anderen fast lauter guten Sachen) ist zusammenge-
361 1014 2511 1149 achen, es wäre ihm von grössten Nutzen, vor allem moralisch, wenn Sie (ebenso
321 1119 2439 1249 wie ich ) die Güte haben wollen ein paar Zeilen in Maschinschrift zu dictieren
316 1206 2433 1351 worin Sie bekunden dass der Verlag Erich Reiss ein Unternehmen von culturellen
332 1295 2457 1449 Vert war. Bitte tun Sie es auch mir zu lieb, ich kenne den Menschen seit vielen
1478 1397 1659 1486 mais le
289 1405 1230 1538 Jahren und durchus im Guten.
1724 1381 2374 1513 Ein paar überaus liebe.
289 1462 2449 1605 Zeilen, dieSie mir vor vielen Wochen schrieben, klingen immer mich in mir noch.
2118 1567 2271 1618 G.C.F.P.
291 1565 2463 1683 Soll ich wenn es freundlicher wird zu einem Vormittagsspaziergang kommen? Oder
294 1659 2279 1794 giebts eine andere Form der Begegnung, die Ihnen nicht beschwerlich ist?
1751 1740 2190 1850 aber guter Arthur
629 1759 1740 1886 In Freundschaft Ihr Hugo
1681 1824 2196 1953 10/7 28
1370 1904 2436 2045 Haus Mä ler Breitenstein am Semmering,
356 2023 2444 2142 ein lieber Arthur, schon seit ich das Buch gelesen habe, wollte ich Ihnen ein
426 2096 2495 2228 Worte über den Roman "Theres" sagen. Aber der letzte Monat war bei mir so
407 2190 2530 2339 nhig, durchdie beiden Opernpremieren und verschiedenes Andere. Auch war ich da-
318 2290 2460 2428 zwischen eine Woche in Salzburg um Reinhardt bei einem Film zu helfen, dies nur
375 2371 2420 2498 e dem Grund, weil es im Fall des Gelingens - ein Stück Geld einträgt und ich
424 2457 2474 2579 Es daran setzen möchte für Christiamein kleines Haus in Heidelberg zu kaufen
424 2544 2457 2689 stürlich in den bescheidensten Dimmensionen ) denn die Wohnverhältnisse dort
1610 2638 2231 2754 haben nicht auf mich geweest.
459 2646 1082 2792 unerträglich.
1195 2722 1357 2862 in d
502 2738 1122 2876 an, das Sie in einer Epo-
774 2849 1198 2965 lung sind. In aller Anlage der Aufsicht führlichen Aufkläußer
966 2921 1281 3032 Massgefühl
639 2929 790 3054 repr s
504 2946 655 3116 leiben
