2643 3740
1995 688 2081 777 9,
1830 675 1926 775 glückung.
927 670 1086 790 und glück
537 762 2152 866 in solcher Abend bindet über den Abgrund des Geschehene hinwieder
461 872 2262 966 an die Jahre und erweckt ein kaum deffinierbares Gefühl, dass ein
521 955 2351 1044 doch all diesem Geschehen entrückt und von all dem unberührbar ist.
1489 1023 1673 1084 eigene
429 1050 2392 1154 lieb war mir auch den Casanova“ von Ihrer Hand und mit Ihrem Namenszug
419 1123 2361 1233 empfangen - so giebt es doch Dinge und Bezüge, die sich nicht verändern.
435 1228 2319 1343 gern, lieber Arthur, möchte ich Sie doch wiedersehen. So unbequem es
2324 1199 2521 1348 Zditen
435 1306 2502 1458 ich komme gern hinaus. Vormittags einmal und ich glaube aus früheren xxxx
429 1413 2351 1518 stort Sie nicht in der Arbeit. Ich schrieb Ihnen das vor
435 1495 2419 1602 Wochen, damals waren aber noch die Proben von Ihren Stünke, so haben
419 1563 2518 1717 mir wahrscheinlich deswegen nicht geantwortet. Ich bin die Tage (ste etc.).
2060 1673 2358 1796 13/111 20
429 1675 707 1793 27/9, 260
435 1714 2468 1887 lieber Arthur, seit 5 Wochen vegetiere ich hier zwischen Bett und Fauteuil
390 1874 2311 1987 mehr Bett als Fauteuil) mit Grippe in Form von Rheumatismus vom Genick
521 1968 2432 2047 die Fusspitzen, hab seit 5 Wochen Gerty nicht gesehen, die drinnen,
461 2057 2411 2170 sindessen hergestellt. Hab ich um mein Vergnügen an dem Lustspiel zu
476 2133 2463 2264 ihnen das Wort "unterhaltend" gebraucht? und war Ihnen das Vort unlieb?
492 2214 2508 2361 scheints mir so). Ich gebrauchte es um etwas Seltenes auszudrücken, den
2141 2335 2298 2442 ist.
484 2332 1783 2437 leichten Silberglanz des Geistes, den zu empfangen
2374 2385 2576 2510 Votre est
2178 2429 2324 2531 Gute
474 2392 1733 2531 ich hat ein Dichterwerk noch viele andere Eigen
571 2489 1623 2612 die Proben und überhaupt 1 Von Herzen
594 2583 1243 2725 263 Mäheres Theaterleben
1288 2594 1497 2680 mit de
479 2662 1416 2809 über Arthur, diese ausserordentliche
602 2767 1269 2890 Meisterschaft wirklich nach
547 2877 665 3005 das
686 2861 798 2968 gleich
516 2976 665 3089 herz
