2705 3608
2354 259 2440 365 47
267 278 2407 440 um mich zur äussersten Deutlichkeit und Realität in der Exposition zu zwingen.
273 420 2385 554 Vom zweiten Act geht die Handlung reissend vorwärts einer der inhärenten Vor-
273 554 2468 646 züge dieses Stoffes. Leben Sie recht wohl. Auf recht bald von Herzen Ihr Hugo
259 618 971 746 Μαύκρυκακκκαλαχκλακ·αι
270 710 384 824 182
1619 682 2259 818 Godaun d 18 Juli 1901
264 801 957 927 mein guter lieber Arthur
1024 810 2412 918 schon gleich beim Betreben dieses Hauses am 1. Juli
267 874 2463 988 habe ich mit herzlicher Freude Ihren lieben Brief gefunden, und es ist mir gfast
273 979 2412 1094 unbegreiflich, dass 14 Tage vergehen konnten, wo ich wirklich jeden Tag daran
273 1080 2371 1177 dachte, Ihn zu schreiben, und immer wieder die eine Viertelstunde sich weg-
264 1155 2329 1288 rückte. Allerdings hab ich in diesen Tagen mit ziemlicher Hast und ziemlich
273 1263 2415 1380 viel Einfällen den letzten Act des Ballets endlich ausgeführt, so dass von nun
264 1361 2432 1464 an dieses ziemlich umfangreiche Ding, dessen Wert oder Unwert ich absolut nicht
264 1427 2379 1558 abschätzen kann, unter meinen Arbeiten existieren wird. Hoffentlich kann ichs
262 1525 2501 1636 Ihnen im Herbst vorlesen und es missfällt Ihnen nicht. Dieses Aneinander - vorüber
264 1617 2432 1731 schweben in Innsbruck hat mir damals recht leid getan. Hätte man nicht ein paar
259 1708 2368 1806 Stunden beisammen sein können? Ich glaube das wäre für alle vier ein freund-
259 1803 2446 1889 licher Eindruck gewesen. Auch ist doch von Gerty eine Indiscretion eben so wenig
262 1884 2424 1987 zu fürchten wie von mir und überdies hätte man ihr den Familiennamen der andern
259 1989 2415 2109 gar nicht zu sagen gebraucht. Wir sind an diesem Abend noch ins Hofgarten Gast-
275 2051 2376 2201 haus nachtmahlen gegangen, den einzigen Ort wo man im Freien nachtmahlen und
259 2176 2421 2296 ich hätte sehr gehofft, dass wir uns dort begegnen würden, es ist aber leider
250 2234 893 2351 nicht der Fall gewesen.
1082 2245 2318 2376 Mit dem Haus und dem Leben hier bin ich sehr
250 2348 2337 2474 zufrieden, ich will aber nicht viel darüber sagen, sondern freue mich darauf
250 2421 2385 2532 es Ihnen zu zeigen. Jetzt wüsste ich gern wo ich mir vorstellen soll, dass Sie
250 2515 406 2624 sind.
657 2521 2332 2655 Ich will nun möglichst bald anfangen das grosse figurenreiche
253 2618 2410 2760 und tragische Stück zu schreiben, dessen Stoff mir von Browning überliedert ist
1834 2699 1917 2752 aoh
253 2691 2304 2858 Von Menschen sehe ich Bahr, der öfters herüber kommt, und erwarte nächstens
248 2785 921 2924 Andrian für einige Tage.
242 2888 2106 3002 Ich freue mich sehr auf einen Brief von Ihnen Von Herzen Ihr Hugo
239 2963 359 3066 183
1191 2988 1447 3125 rei Ihaen,
1469 2977 1761 3086 leider ver¬
2123 3052 2401 3180 7/VI 901
1224 3066 2062 3217 wenn Sie Sonntag gegen i 7 zu mir
1043 3091 1163 3203 men.
