2673 3656
977 623 1117 733 nt wir
609 724 1353 825 natürlich, jetzt zu Ihnen zu
466 730 562 839 Inz.
241 741 365 845 ls d
1864 778 1954 893 Wirk
213 795 1788 932 Ich täte es augenblicklich, waren Sie auf dem Lande, wo im
2325 856 2434 969 7.
640 868 2291 1008 Auch hält mich noch etwas zurück. Mein Vater war diesen ganz
1011 893 1123 960 doch
811 898 949 971 gebben.
539 907 733 969 Et das
230 918 646 1022 bei Ihnen wäre.
225 960 2482 1112 schweren Sommer in Wien, ist jetzt bei uns, freut sich auf eine kleine aufheiternd
1238 974 1423 1044 erst xxx
615 997 929 1070 gegen. xxx
292 999 629 1072 durch den Vann
225 1072 2327 1202 Reise nach Hamburg und Kopenhagen, der ich auch meine Herbst-arbeitswochen
286 1075 1190 1154 hier vorbei, ich sag wieder mein
300 1168 2482 1291 nächst opfere. Wir treten sie am 16 ten von München aus an. Von Herzen Ihr Hug
1028 1185 1182 1235 ad aeik
303 1185 949 1247 und dann wird einem sehr
393 1232 1937 1356 eiben Sie wieder einmal ein kleines Karterl. Ihr Huge
1724 1241 2378 1356 15/XI 11
1586 1308 1701 1367 G.H.F.P
477 1350 595 1423 G.C.F.P.
225 1314 2426 1485 mein lieber Arthur, wenn Sie da sind, so geben Sie mir doch gleich ein Zeichen
247 1437 2358 1589 ich muss nun baldigst wieder nach Berlin wegen Jedermann, wie viele Monate de
300 1454 797 1519 Dies Schloss steht
225 1508 2392 1679 Lebens sollen denn noch vergehen ohne dass man etwas davon hat, vorläufig noch
660 1550 834 1612 Sommer
278 1544 626 1617 erstes Stück
239 1600 2325 1774 gleichzeitig am Leben zu sein. Alles Liebe am Olga xxx Ihre Hugo im
997 1626 1112 1710 P.S.
300 1634 904 1707 gesprochen haben, mein
306 1710 1665 1805 will mir viel Mühe geben. Von Herzen Ihr Hugo
1710 1693 1965 1808 7/I 12
2167 1701 2311 1816 G.C.P
1597 1763 1707 1825 G.C.F.P.
1390 1769 1505 1850 G.C.F.P.
1039 1774 1297 1861 G.C.H.F.P.D.
671 1786 890 1864 G.C.H.F.P.
1280 1800 2350 1920 lieb und wohltuend wie immer, ich dank
298 1830 1294 1934 ein lieber Arthur, Ihre Zeilen waren.
298 1878 2493 2030 ennen sehr. Lese in der Zeitung, dass es die Marionetten sind, die man spielt
1025 1903 1277 1968 xxx zurück.
289 1906 932 1982 mein lieber Arthur, ich
300 1976 2423 2114 sirde ich wohl für den Item oder 2 ten Abend 2 Balconsitze durch Sie bekommen?
634 2005 1129 2078 Sie zu sehen und d
404 2013 598 2072 G.C.F.P.
357 2064 2423 2179 machen wäre. Es ist nun wieder fast ein halbes Jahr, dass man sich nicht
267 2142 693 2224 adresse etc...
2268 2145 2423 2235 P.S.
1634 2156 1769 2268 G.H.F.P.
1814 2148 2224 2274 5/VII 912
1207 2151 1303 2249 G.F.P.
522 2153 1168 2249 hat. Die nahen und der xxx
1364 2162 1519 2260 Jugen
345 2195 477 2263 G.F.P.
2266 2207 2409 2257 V. R.
865 2229 1171 2274 G.C.H.F.P.D.
525 2238 707 2302 urde 328
1412 2229 1508 2285 P.S.
1280 2226 1390 2288 G.C.F.P.
1143 2235 1261 2291 G.C.F.P.
795 2243 1117 2297 G.C.H.F.P.D.
2414 2246 2496 2333 ten
1056 2277 1162 2327 P.S.
401 2254 2358 2378 Olga, gerade gestern abend fand ich einen sehr netten Brief von Steinert
469 2271 994 2350 diese beiden sind
435 2367 1067 2428 xxx, xxxer bleibt etwas
390 2347 2176 2482 Futzing, also liegt kein Grund vor ihn zu erzuthun. Ich schicke Ihn
474 2465 851 2518 Ihnen und Olga
1623 2445 1940 2560 en Arbeiten
399 2451 1508 2569 ist Ariadne und den Sammelband meiner jugenden
458 2549 912 2617 guter Arthur, mei xxx
387 2563 1196 2664 freuen wenn Sie beides in den
351 2653 912 2701 handelas. Man hat mir
435 2639 1179 2757 ! Das Leben stt so kurz, aus
441 2740 1070 2793 xxx gehe selber nicht xxx
278 2737 1429 2861 bedauern. Kommt Ihr Beide oder kommt Arthur
441 2819 1016 2895 gern habe. Hoffentlich
368 2819 1409 2953 lau, so würde ich sehr gern von der Hinrich
710 2931 1030 3041 bitterf etc d
