2716 3607
2225 239 2333 349 39
386 308 2386 499 zu übersetzen. Die replique des Prosper müsste lauten; si au moins tu ne
383 434 2290 614 faisais que leur tener compagnie! (das ist aber auch ohne Schärke)
394 630 815 823 X48, 148, 180
1437 694 2459 815 26/VI 99   Marienbad Hotel Klinger
397 780 515 871 151
408 812 2360 936 Ruhiger freundlicher Ort, hoffe bald zu arbeiten. Würde gern wissen wie
410 909 2282 1094 es Ihnen geht, denke oft mit Sorge an Richard Herzlichst Ihr Hugo
1673 1059 1952 1185 7/VII 99
400 1062 633 1182 Xß2 153
402 1150 2520 1271 Bin sehr froh endlich zu wissen wo Sie sind, denn selbst darüber in Ungewiss-
408 1233 2413 1362 heit zu sein, ist peinlich. Von Richard hab ich nach wie vor keine Zeile
408 1327 2370 1475 der "Zeit" stelle ich meinen Namen in unverbindlicher Weise natürlich
416 1424 2421 1536 gern zur Verfügung. Habe an meinem Stück (5 Acte in Versen) zu arbeiten
418 1534 2335 1617 begonnen, bin aber gleich in den Anfängen durch ganz unglaubliches de-
410 1609 2397 1745 primierendes Wetter gehemmt worden. Bleibe wohl bis gegen Ende Juli hier
416 1700 2410 1802 und werde dann hoffentlich mitten in der Arbeit, wohl nach Salzburg über-
421 1794 2378 1904 siedeln. Gegen Ende August hoffe ich die innere und äussere Möglichkeit
421 1872 2488 1989 zu einer kleinen deutschen Tour zu finden. Minnie sehe ich ungefähr täglich
421 1979 2504 2083 ein viertel - ½ Stunde. Das Gespräch eintfernt sich nie vom peinlich-banalen
410 2062 2494 2177 Sie thut mir recht leid. Es kommt etwas tief freudloses und bitteres in ihr
421 2161 2526 2274 Wesen. Sind Sie wenigstens einigermassen im Stand sich mit Stück oder Novelle
416 2258 1502 2365 zu beschäftigen? Herzlichst Ihr Hugo
418 2354 2456 2475 P.S. Giebt es xxx Leben zweiter oder dritter Ordnung? auf die Dauer doch
426 2451 737 2563 wohl kaum.
1893 2609 2381 2727 Marienuhd 20/VII
421 2638 536 2740 154
416 2708 2496 2821 Mein lieber Arthur, ich möchte Ihnen gern einen viel ausführlicheren Brief
421 2829 2574 2931 schreiben, möchte auch gern über Richard vieles sagen, aber ich bin so unglaub
424 2898 2520 3032 lich abgespannt, sobald meine tägliche wie im Fieber eintretende Arbeitszeit
418 2987 2499 3105 vorüber ist, dass ich kaum im Stand bin die Feder zu häten. Ich war mit
410 3100 2520 3220 meinen Nerven noch nie so herunter: ein geräuschvoller Speisesaal macht mir
1322 3180 1520 3298 p¬
