2705 3608
2200 275 2305 358 44
202 321 2342 519 nach an Abend die geringste Freude habe. Nun ist mir vor 2 Stunden eingefallen
207 474 2288 622 es mit einem Ausflug zu versuchen. Wie schön wenn man ein solchen Momenten
210 554 2350 707 " nicht so viel auseinander wäre 7 1 Auch mein Rad ist in der Brühl, ich will
196 644 2376 801 nicht abwarten bis es herkommt, sondern auch fahre gleich nach Saalfelden, von
207 755 2226 891 dort mit der Post an den Hintersee, wo es sehr schön sein soll und von da
207 826 2382 979 entweder über Salzburg oder Golling oder sonst zurück. Ich sehne mich unendlich
204 931 2379 1073 nach Dördern, die ich noch nicht gesehen habe, nach kleinen Häusern am Waldrand
207 1016 2166 1172 Mühlen in einem tiefen Grund, Brücken, Alleen und anern solchen Dingen.
216 1101 2382 1258 Von Richard bin ich ohne irgend eine Nachricht seit Wien. Papa ist gottlob wohl
204 1184 2379 1351 meine Eltern grüssen Sie vielmals, bitte schreiben Sie mir bald, in 3 Tagen bin
216 1292 1326 1448 ich wieder hier. Von Herzen Ihr Hugo
1848 1439 2234 1581 Fusch 27/VII
219 1465 338 1629 168
216 1567 2390 1720 Mein lieber Arthur, es ist sehr angenehm durch die kleine Dora, welche wirklich
227 1669 2370 1811 ein übereus nettes und angenehmes Geschöpf ist, von Zeit zu Zeit ein Wort über
227 1774 2373 1868 Sie zu hören. Die Tage in Salzburg mit Richard waren mir doppelt wohltuend, da
224 1854 2382 1987 ich gerade im Verkehr mit ihm immer das Gefühl zu seltenen Zusammenseins, unge-
1067 1933 2393 2035 Gerade an dem Tag, wo Ihr Eure Fussreisantretet
224 1970 835 2089 stillten Hungers habe.
230 2018 2376 2174 dürfte ich zur Waffenübung einrücken. Nachher werde ich um die Mitte September
238 2101 2430 2257 wahrscheinlich an den Gardasee gehen. Nun aber, die nächsten Tage, etwa vom
238 2223 2370 2353 letzten Juli an, bin ich in Salzburg Oesterr Hof. Auch meine Eltern werden zur
244 2314 2265 2438 selben Zeit dort sein und eine Thhil der Zeit die Gerty mit ihrere Mutter.
236 2390 2356 2544 Hier scheint mir, indem ich schreibe, in dem Nicht-erwähnen einer bestehenden
241 2501 2458 2626 Situation zum ersten Mal eine wirkliche Unwahrheit zu liegen und so will ich denn
241 2578 2413 2717 wie vor einigen Tagen dem Richard, auch Ihnen gern sagen, dass ich die Gerty im
236 2660 2336 2808 Lauf des nächsten Frühjahr heirathen werde. Ich bitte Sie davon zu niemanden
236 2765 2478 2904 als etwa zu Richard zu sprechen. Freilich weiss ich, dass ein solches Gerücht und
236 2847 2515 3001 die Ueberzeugung nassenhafter Menschen von dieser Sache seit langem, ja mir scheint
244 2935 2464 3094 schon seit mehreren Jahren besteht. Aber das war, bevor in den beiden, um die es
238 3040 2362 3185 sich handelt irgend ein Gedanke, ja sogar bevor der Wunsch nach einer solchen
