2716 3607
2146 253 2363 409 is a
296 366 2388 527 see, jedenfalls rechne ich auf Zusammensein, d.h. für den Fall, dass Sie die
293 511 1522 640 Müter nicht mithaben. Von Herzen Ihr Hugo
1992 540 2388 694 Remgut 8/VIII
2226 624 2310 694 04
301 688 409 788 235
304 688 2315 879 Lieber, wir bekommen aus St Veit von Bahr, der durch Monate in der besten
307 788 2417 952 Verfassung war, auf einmal sehr schlimme Briefe. Es scheint mir - hoffentlich
304 863 2358 1041 nicht zu schwer - objective Verschlimmerung seines Befindens zusammenzufal-
317 949 2417 1129 len mit einer schweren nach langer guter Arbeitszeit einfallenden Depression
320 1046 2398 1221 Wir sind sehr ängstlich. Bitte suchen Sie ihn baldigst auf, ohne diesen Brief
323 1132 2347 1317 zu erwähnen und ohne dass er Sie einlädt: denn je schlimmer ist ihm, desto
323 1269 2398 1379 mehr schliesst er sich gern ab, und schreiben mir dann ein Wort. Ich bin bis
323 1358 2374 1506 heute noch nicht verständigt ob ich am 14 ten einrücken habe, oder dispen-
325 1412 2474 1613 siert bin und hier bleiben kann. Sobald es entschieden ist, schreib ich wieder.
1646 1551 2140 1629 Herzlich Ihr Hugo
1788 1605 2011 1710 2/7 0a
331 1672 444 1788 236
328 1678 2417 1853 Also Mittwoch, cher jaune, wenn es nicht absurdes Wetter macht. O,soll schön
336 1804 2423 1952 üben. Leisenbogh ist gut,durchaus angnehm, durchaus fein, sollte nur um ein
333 1885 1896 2046 etwsa mehr Intensität in der Groteskerie haben. Ihr Hugo
2121 1922 2363 2068 19/VI 04
331 2027 610 2151 237 „ 238
336 2025 2449 2232 Lieber, ist es nicht schrecklich dass wir in der gleichen Stadt leben und un
344 2156 2423 2315 jahraus jahrein keine zehnmal sehen? Wie traurig wären wir, wenn der andere
344 2261 2398 2409 in eine andere Stadt übersiedeln würde und doch man könnte kaum weniger von
350 2350 2425 2501 einander haben. Ich möchte nun so gern einmal mit Gerty gleich nach Tisch zu
341 2458 2503 2589 Euch kommen oder schon zu Tisch, so dass wir zusammen dann einen Ausflug machen
355 2527 2487 2673 würden nach Eurer Gegend hin, die ich viel zu wenig kenne. Samstag und Sonntag
352 2611 2503 2775 nicht Paps wegen, aber sonst wann immer. Bitte bald Antwort, freue mich so sehr
704 2769 839 2872 Hugo
355 2772 661 2839 auf Sie.
350 2796 2315 2928 P.S. Ich konnte die ersten paar Tage nach der Rückkehr nicht schreiben,
355 2885 2509 3014 weil ich von der grässlichen Dummheit, die ich mit dem Krausbrief gemacht hatte.
358 2979 2382 3108 so degoutiert und verstimmt war wie möglich, ausserdem hatte ich noch eine
358 3087 2307 3218 andere Dummheit gemacht, ganz anderer Gattung, aber auch sehr ärgerlich
