2661 3550
595 543 913 668 noch weiter.
2287 582 2383 678 so
339 616 1584 753 hindert, man fühlts und weiss es kommen, weiss
2199 681 2295 802 Dt
269 724 1346 841 so will ichs einmal aussprechen! Ich xxx
241 815 1387 955 hinter mir, hier oben ists öde und rauh,
251 926 1444 1056 bleibe vielleicht noch 6 - 8 Tage. Dass der
2148 970 2295 1079 wenns
251 999 1475 1128 Etwa den 5 - 10 April bin ich sicher wieder
2161 1051 2399 1167 G.C.F.P.
303 1079 1734 1193 Wetter nicht zu unfreundlich ist, vom 16 an sicher wie
2117 1141 2393 1263 ich Ihnen
1713 1167 1966 1268 Arbeiten,
1418 1172 1692 1283 mit meiner
282 1190 1387 1304 Vielleicht fühl ich mich dann auch bessen
2000 1252 2313 1351 G.C.H.F.P.P
279 1273 1966 1395 dass erzählen kann. Ich habe Sie immer sehr lieb. Ihr Hugo
298 1348 2375 1498 836 Schwierigkeiten. Ich bitte Sie und Elga dies unter M### R. 16/IV 14
329 1439 2220 1576 ein lieber Arthur, auch mir ist das Notwendige, das Constante in allen
360 1514 2161 1659 nschlichen mit reifenden Jahren immer stärker vor Augen und in der
1731 1615 2256 1741 nen : leise Wehmut
1571 1630 1741 1734 ezeich.
1245 1630 1519 1731 als was Sie
298 1633 1255 1767 Seele - und es war nichts anderes an
1247 1690 1327 1734 G.H.F.P
2290 1703 2412 1778 P.S.
287 1700 2300 1816 was mich hatte diese Zeilen vom Semmering schreiben lassen. Inzwischen war
2287 1744 2373 1801 D'
1793 1778 1928 1837 V. P.
313 1788 1762 1860 ein lieber Arthur, wir mussten damals Oige absegen, es
2078 1772 2412 1910 Amstetten
285 1775 2062 1910 ich ein wenig id Nieder und Oberoesterreich per Auto, ganz im Flu
1296 1876 1703 1943 dreiffelgenden
316 1886 1252 1951 weil ich annehmen musste, dass ihm das
2039 1873 2316 1982 die Donau
944 1884 2047 1992 zurück nach Wels - Enns, bei Wallsee über
292 1946 952 2008 Ischl - Salzburg, dann xxx
559 1979 1087 2036 haben. Indessen hat
386 1977 1739 2098 mördischen Ufer weiter, eine Nacht in Dürnstein: die
1048 2062 1159 2122 übe
1415 2065 1540 2117 G.F.P.
2321 2005 2414 2132 Pr.
600 2073 1700 2181 wird mir immer ergreifender, immer abgründ
774 2166 942 2225 biete.
603 2163 1741 2280 erhältnis dazu, durch Blut und Nicht-Blut Ve-
1001 2256 1276 2313 war, nach
427 2249 947 2316 dann wie beabsichtig
1255 2236 1622 2357 fort geht, xxx
704 2287 1265 2368 ern-sein. Wenn das so
422 2300 644 2355 sein und xxx
1131 2326 1296 2393 allen
445 2339 849 2409 gendwelchen Auf
378 2339 1322 2479 kurhafte zitternde leicht-fiebernde
331 2427 1276 2577 Schroeder, kommt er nehtwas auch le
807 2546 906 2647 such.
536 2551 794 2637 Zeit bei 1
