2716 3607
2092 323 2197 431 55!
204 394 2325 524 wohlIhre schönsten Arbeiten. Kaum zu glauben, dass das von einer Hand ist, mit
201 507 2483 627 einem so dürren quälenden Buch wie“ Sterben“, einem Buch, wie es davon eigentlich
198 604 2353 717 keine geben dürfte. So viel Kraft und Wärme, Uebersicht, Tact, Weltgefühl und
198 686 2328 808 Herzenskenntnis steckt in dieser "Bertha Garlan", so schön zusammengehalten
201 768 2430 899 ist es und so gut und gescheidt dabei. Wenn Sie einmal ein überflüssiges Exemplar
204 870 2291 989 der "Frau des Weisen" haben, meines ist gestohlen. Haben Sie nun schon die
207 981 2211 1080 Elektra oder nicht? bekommen übrigens nächstens auch noch etwas anderes.
1106 1057 1551 1168 Von Herzen Hugo
1882 1111 2370 1245 Lueg 4/VII (2 06)
210 1157 437 1276 27>7 224
204 1253 2362 1355 Mein lieber Arthur, ich habe rechtes Verlangen, von Ihnen ein bisschen ausführ-
210 1327 2407 1452 licher zu hören. Von mir (und Gerty) kann ich, was Stimmung, Laune, Geniessen
218 1437 2364 1542 des Sommers betrifft, nur Gutes berichten, von einer grösseren Arbeit ist frei-
215 1494 2379 1644 lich noch nichts zu sagen, manchmal scheint dergleichen recht nahe, dann ist es
221 1599 2322 1710 wieder als ob es untertauchte und sich verbärge aber nicht im Wasser, sondern
218 1692 2271 1795 in einer viel härteren undurchsichtigen Substanz. Doch halte ich wieder gar
218 1783 2274 1899 nicht für unmöglich, dass der Herbst, der mir oft günstig war, auch diesmal
207 1840 2325 1984 plötzlich und springquellhaft wieder etwas hervortreibt - das Gefühl der Ar-
213 1967 2381 2084 mut hatte ich jedenfalls nicht, vieles grössere und kleinere mehr gedankenhafte
215 2072 2330 2166 hat sich geordnet, aufgeschrieben hab ich auch gar nicht weniges und eine ge-
227 2129 2475 2282 wisse Möglichkeit episches (kürzeres zunächst) in mir auszubilden fühle ich auch
218 2257 2472 2362 mehr als ein Vorgefühl allerdings. Unseres letzten Zusammenseins, des Spaziergangs
221 2359 2396 2464 bei drohenden Wolken und des schönen leichten und inhaltsvollen Reden denke ich
232 2424 2447 2549 auch - auf ein paar Tage Semmering (vielleicht mit Brahm) möchte ich jedenfalls
227 2503 2370 2651 rechnen Ich weiss nicht (da es so wunderschön ist ) ob ich nicht noch 10 - 14
218 2583 2387 2722 Tage hier bleiben, die Kinder sind schon in Rodaun. Schreiben Sie Von Herzen
2172 2673 2305 2784 Hugo
1556 2775 2475 2926 (undatiert) Freitag 19 Juni (53)
218 2832 332 2929 227
1766 2872 2240 2999 Cortina Faloria
213 2923 2342 3136 Lieber Arthur, bei dem völligen Mangel an Nachricht muss ich denken, dass Sie
218 3082 2109 3238 fast den gleichen Tag wo wir abgereist sind angekommen sein dürften.
