2643 3740
1581 486 1796 624 And mein
1377 787 1917 903 Freunde waren und an den
2269 846 2474 986 und
1281 854 2106 1043 kleinen Tannenwald hintem Gast
699 944 963 1056 nen Holzth
1459 983 1576 1048 G. H. P.
1687 947 2461 1079 Das ist siebenundzwanzig
1258 1032 1470 1123 Briefe
424 1038 1237 1154 Holztisch steht noch immer da
1356 1069 1558 1136 G.C.F.P.
595 1045 2388 1239 wie schwer fasslich - 1 Dann war ich dreimal in diesem Sommer in
1480 1146 1998 1232 erwäre, wie ich mich nur mich
543 1113 2497 1317 und nie bin ich durch den Mirabell-garten gegangen, nie nach Hellbrunn
1333 1245 2212 1348 Sie doch wiedersehen. So unbegnen
546 1307 1884 1408 poldskron ohne so herzlich an Sie zu denken.
2349 1229 2456 1346 G.F.P
1322 1302 2057 1405 einmal xxx ich glaube xxx
424 1343 2507 1509 letzte Malé das ich Sie gesehen habe, das war bei der Generalprobe der Oper
1982 1421 2150 1488 G.C.F.P
1599 1426 1990 1503 Ich schrieb
411 1418 2435 1607 destrina" und da waren Sie so schwer bedrückt von dem was in der Welt vor-
1286 1524 2008 1594 die Froben vom Ihren Stunde
1242 1521 2412 1638 so bemüht und bekümmert sah Ihr vertrautes
455 1578 1188 1713 und sich anzukünden schien.
1242 1617 1907 1690 cnt geantwortet. Ich bin
461 1609 2370 1785 inhaltsvolles Gesicht aus - ich wurde dann bald krank, da sah ich sehr
554 1705 2474 1860 Gesicht so vor mir. Meine Krankheit war tiefgehend, als sie im Moment
1801 1796 1979 1860 G.C.H.F.P
1105 1806 1728 1876 den vægettere ich bey
950 1796 2525 1954 Wil bis in den Juli hinein, war ich ein kranker veränderter
505 1855 960 1979 vom ersten April
1154 1891 2026 1964 Grippe in Fein von theumatismus
556 1873 2422 2047 erst in Ferleiten, ganz ganz einsam, hab ich mich zu mir selber zu-
1229 1979 1995 2049 5 Wochen Gärty nicht gesehen,
681 1974 2380 2132 und nach jedem solchen Zurückfinden ist man ja vielleicht ein
1343 2065 2039 2137 mein Vergnügen an dem xxx
678 2062 2468 2223 densch als je zuve, man ist halt um eine Windung der Schraube höher
1333 2161 2073 2236 xxx und wir Ihnen das
665 2171 2326 2324 So muss ich mich glücklich nennen seit Ende Juli, es ist eine
1273 2243 2171 2313 xxx es um etwas Saltenes ausend.
2375 2217 2497 2365 zu
608 2249 2285 2414 u über mich gekommen wie ich sie seit viele Jahre - es waren
1511 2347 1853 2414 Au cinqe r
1884 2339 1972 2401 et le
1493 2365 2349 2458 ad Arbeiten fretig geworden, and
1097 2399 1465 2507 cnt habe, es se
1493 2430 2166 2505 cette nouvelle nouveau
605 2399 1071 2525 Jahre - nicht gekommen:
1232 2471 2230 2598 vorwärts gekommen - ich glaube es im
577 2489 1175 2613 gewacht, noch andere stadt.
1379 2541 1490 2608 d'Hr.
1413 2572 1912 2681 der mir immer so
693 2577 1193 2696 Sie Beifall geben
828 2681 1025 2794 e wohltung
