2629 3659
2027 393 2425 503 7/II 09
336 382 468 503 301
552 361 1545 506 und es ist zu mitt von Olga, dass sich
334 468 2497 595 mein lieber Arthur, wir waren neulich so eif rig mit mehr und minder energisch-
344 560 2444 689 en dramsturgischen Vorschlägen, dass vielleicht nicht ganz deutlich geworden
339 651 2436 770 ist wie sehr man unter dem charme der eigentlichen Haupthandlung des Stückes
336 754 2387 848 war. Es ist mir ausserordentliche Woltat einmal durch sprunghafte visionen
2029 807 2123 848 zu.
1626 805 1774 864 H. P.
1424 807 1599 861 der
466 810 1249 861 xxx ich freue mich sehr, dass f
344 832 2363 934 vorwärts gebracht zu werden und nicht wie man es gewöhnt ist, blos durch
2110 893 2218 942 hof.
1730 893 1970 942 dre, die
1023 893 1706 950 ihm Gesellschaft leisten
778 902 980 953 merseel
336 928 2411 1004 Entwicklung der Charactere. Aber ich glaube wenn diese Kette von bildhaften
339 985 2314 1085 Momenten, die zugleich Ballungen des Seelischen sind, richtig von einem
2134 1066 2325 1122 habe ich
1755 1052 1841 1122 7bre
339 1063 2438 1176 Publicum soll genossen werden, so müssen Sie mit aller Härte hineinschneiden
336 1163 2441 1260 bis (ungefähr) ein normaler Theaterabend herauskommt. Die Handlung, deren
2290 1249 2436 1305 Etatste
344 1251 2441 1359 Trägerin Helene (mit Medardus) ist, ist stark genug um die Orchestrierung
1736 1335 2277 1399 h beides nicht kenne.
334 1338 2384 1456 mit Vorgängen von 1809 fast entbehren zu können. Es wäre zu erwägen ob man
2250 1434 2376 1494 G.F.P.
1997 1437 2110 1488 nich
331 1440 2428 1537 nicht viel gewänne, wenn man nicht roher Hand die Eschenbacher Tragödie ganz
2008 1529 2115 1580 P.P.F.
336 1523 2422 1639 wegschnitte. Gewiss sie giebt einiges schwer entbehrliche (contrastmässig)
1946 1617 2096 1679 G.H.F.P.
328 1620 2454 1720 aber sie kostet unendlich viel Zeit, Nerven, Aufnahmskraft. Für mich lebt das
2266 1712 2376 1768 G.H.F.P.
1806 1709 2220 1771 zu diesem Zweck
331 1714 2323 1814 Stück Medardus - Helene a/ von sich selbst, b/ von der gewiss geistreich
2032 1803 2274 1868 rechts ui
326 1798 2422 1916 verwendeten, occulten Nachbarschaft der dämonischen Napoleon-Figur - und c/
328 1887 1800 2027 aber das c kommt sehr spät - von dem übrigen Beiwerk.
323 1983 2422 2088 Es muss sich mit dem Stück ein starker Theatersieg gewinnen lassen, aber mit
328 2083 2312 2191 Opferung des Bagage-trains. Ich bin fleissig und nähere mich dem Ende
1047 2177 1128 2239 Zee
1157 2177 1268 2274 l'aa
1948 2180 2204 2290 Ihr Hugo
1300 2261 1486 2331 Gedankt
1060 2261 1200 2347 P.S. F.
320 2261 431 2371 du 30.3
1946 2271 2522 2384 München Jahreszeiten
2032 2352 2261 2444 11/6 09
1443 2358 1529 2438 G.H.
1354 2358 1437 2446 uns
312 2363 2390 2532 Leber, xxx, wir treiben und automobilfahrend im südlichen und
312 2489 2387 2600 westlichen Bayern herum (Lach, Augsburg etc) schreibet doch ein Wort wenn
307 2573 2352 2732 Ihr etwa nach München kommt an die Adresse Villa Cantacuzene Sternberg, es
315 2702 2083 2837 wird uns nachgeschickt. Alles Liebe an Olga von Herzen Ihr Hugo
304 2764 1340 2885 303 Brief von mir an Olga nach Lili
2059 2826 2462 2923 September 909
301 2869 420 2952 304
1833 2904 2374 2990 Aussee Obertressen
2115 2963 2363 3025 19/9 909
288 2952 2285 3141 mein lieber guter Arthur, ich freue mich von ganzen Herzen dass Ihr ein
291 3122 2438 3275 zweites Kind habt. Ich kann mir denken, dass Sie es sich im Stillen gewünscht
304 3203 490 3378 haben
