2716 3607
2147 272 2245 368 31
331 299 2416 513 z.B. Pressbaum - Baden, den Weg müssten Sie wissen, wir wissens alle nichts
344 465 2462 633 aber man hat ja Karten. Bitte antworten Sie mir umgehend aber sehr ungeniert
342 545 2451 721 natürlich wenn Sie keine Lust haben braucht es ja keinen andern Grund. - Ich
347 609 2422 798 danke vielmals für Ihr Gespräch mit Schlenther. Ich wär natürlich sehr froh
352 750 2291 889 wenn etwas daraus würde, besonders in der Besetzung. Gestern abends
355 844 2411 993 war ich mit Richard 1 Stunde im Europe. Morgen nach 11 werd ich ine Kaiser-
1639 940 1986 1081 Adieu Hugo
352 943 1621 1097 hof schauen. ohne gegenseitige Bindung.
1848 1044 2379 1207 Hinterbrühl Mai 98
363 1092 483 1207 xxv
358 1188 486 1279 116
363 1212 2302 1346 Mein lieber Arthur. Dienstag war ich im Café, bin aber um ½ 11 sehr
368 1303 2355 1460 müd geworden und Mittwoch war ich überhaupt von der - 2 sehr müd. Auch
376 1394 2382 1517 davon ist man ein bissl niedergeschlagen, dass es gar nicht Sommer werden
371 1487 2470 1618 kann und so wenig Sonne ist. Bitte gehen Sie nur gleich fort nach Kärnten
384 1578 2347 1733 sobald es schön ist, es giebt doch Möglichkeiten, ohne Betrug, einer so
379 1650 2352 1802 tiefen Verstimmung entgegenzuarbeiten. Also bitte lassen Sie mich nicht
387 1744 2422 1914 ganz ohne Verständigung, es freut einen immer so die Menschen die man gern
379 1869 2184 2000 hat, in irgend einer Landschaft zu denken. Von Herzen Ihr Hugo
2176 1984 2384 2144 Mai 98.
390 2088 513 2195 117
395 2128 2414 2264 Lieber Arthur! Ich hätte Sie so gern gesehen. Ich habe schrecklich wenig
392 2229 2339 2344 Zeit wegen der Prüfung. Morgen Donnerstag abends werde ich bestimmt um
390 2318 2534 2427 dreiviertel 11 im Arkadencafe sein, ich hoff Sie sind dort. Ueber die Promiere
400 2411 2411 2531 ist natürlich nur mündlich zu reden. Es ist mir ein bissl zuwider, dass
400 2507 2366 2635 die Wr Zeitungen gar kein Telegramm haben. Schiff wird zudem nicht sehr
398 2569 2504 2713 freundlich sein. Könnte nicht Salten etwas bringen etwa einen Auszug aus dem
390 2689 2342 2806 Börsencurier oder sonst woher, ich würde ihm die Ausschnitte natürlich
400 2793 2205 2937 auch schicken. Vielleicht fragen Sie ihm telephonisch oder sonst.
1599 2865 2176 3012 Herzlichst Ihr Hugo
1925 3070 2216 3201 sant a été
