2371 3495
1122 661 1226 811 -8—
955 846 1961 997 Von den Ausgaben in fremden Sprachen
649 960 1412 1094 erhalt H. keine Tantiemen.
1041 1053 1298 1175 § 5.
1504 1062 1606 1154 P.S.
922 1134 2010 1243 Str. hat über die Eingänge aus den Auf-
652 1243 1947 1356 führungstantiemen vierteljährlich innerhalb des
658 1317 1926 1444 ersten Quartalsmonat, über die Eingänge für me-
645 1403 2059 1539 chanisch-musikalische und kinematographische Rechte
652 1498 2061 1607 binnen eines Monats nach der von der Genossenschaft
649 1585 1970 1715 deutscher Tonsetzer ihm erteiltenAprechnung sei-
649 1671 2010 1799 nerseits an H. Abrechnung zu geben und die diesem
649 1797 1845 1894 zustehenden Tantiemen an ihn abzuführen. U
927 1852 2051 1982 Ueber die Angabe für die deutschen Text-
640 1947 2001 2049 ausgaben hat Str. an H. binnen eines Monats nach
637 2038 2000 2174 frucklegung jeder Auflage Abrechnung zu geben und
644 2153 2040 2258 die darnach zu zahlenden Tantiemen an ihn abzufüh-
635 2230 772 2329 ren.
1122 2318 1291 2422 § 6.
813 2373 1945 2531 Falls Str. seine Rechte auf die Text.
637 2513 1998 2621 ausgaben an einen ändern (Verleger) überträgt, hat
