2563 3540
1195 736 1327 825 -9--
723 873 2043 985 er diesen zu verpflichten, die in § 4 dieses Ver-
716 960 2039 1072 trags unter c vereinbarten 25% für die deutschen
711 1020 1959 1153 Textausgaben unmittelbar an H. abzuführen und
705 1143 2001 1251 ihn zu veranlassen sich hiezu in einer besonde-
706 1241 2005 1332 ren Urkunde H. gegenüber zu verpflichten.Sobald
701 1315 1996 1431 dann der Rechtsanachfolger diese Urkunde ausge-
696 1383 1863 1530 stellt und damit die direkte Verpflichtung
690 1477 2006 1596 gegenüber H. übernommen hat, haftet Strl für die-
690 1579 1927 1690 se 25% des Ladenpreises der gedruckten deut-
685 1678 1962 1777 schen Textausgaben nur noch subsidiär, d.h.so¬
683 1756 1912 1878 fern dieselben von dem Verleger nicht binnen
675 1835 1761 1983 3 Monaten nach Fälligkeit bezahlt sind.
1148 1957 1289 2041 § 7.
939 2001 1914 2138 Kosten und Stempel dieses Verträges
670 2115 1945 2252 tragen Str. und H. je zur Hälfte. Der Wert des
673 2216 1912 2336 Gegenstandes der in § 4 unter b,c, und d be¬
657 2294 1886 2424 zeichneten Leistungen ist zur Zeit unschätz-
660 2401 1977 2503 bar und wird für die Kostenberechnung auf 30.000
655 2473 1094 2584 Mark angegeben.
