2716 3607
312 307 459 406 212
2199 252 2299 383 58
315 294 2320 446 Grüsse für Olga und Heinrich das Kind. Es war absolut unleserlich welches
320 451 461 516 tæx
320 433 2045 611 französische )?? Buch Sie auf der Feise sehr genossen haben.
2042 477 2301 621 1/4 904
322 556 438 661 213
322 592 2367 747 Darf ich Ihnen Herrn Vollmöller den Dichter der Catharina von Armaniac vor-
322 697 2367 886 stellen. Er denkt sehr vernünftig und mit Liebe von Ihren schönen Arbeiten.
1934 792 2189 910 Ihr Hugo
2079 875 2328 1001 9/3 904
322 907 579 1025 2X4 215
328 967 2433 1111 Mein lieber Arthur, das Befinden meiner armen Mutter hat einen Punkt erreicht
336 1072 2357 1187 wo - ohne dass vielleicht eine aeute Gefahr vorliegt, wenigstens weiss ich
330 1159 2299 1295 darüber nichts Bestimmtes - die Combination von eingestellten Functionen
338 1253 2267 1371 der Gedärme, von unaufhörliche Schmerzen und von einer kaum glaublichen
330 1332 2409 1460 Nervenschwäche die zu fortwährenden Ueblichkeiten führt - 12 - 15 Mal Brechan
341 1429 2412 1552 anfälle im Tag - die Existenz buchstäblich unerträglich macht, nicht nur für
341 1528 2412 1646 sie sondern auch für meinen armen Papa, den Mamas verzweifelte nervöse Angst
338 1612 2409 1738 buchstäblich nicht aus dem Zimmer lässt, mit Ausnahme der Bureaustunden. Ich
346 1743 2414 1837 sage mir jetzt: es muss etwas geschehen, es ist nicht möglich, so das Leben
343 1803 2412 1929 von 2 alternden Menschen hinzufristen mit gelegentlichen Besuchen von Aerzten
336 1914 2406 2010 und täglichen Besuch eines Hausarztes, der am Rand der Verzweiflung über das
346 1976 2391 2105 alles ist. Nun denke ich dass Sie vielleicht von Ihrem Bruder zum Theil über
336 2092 2398 2181 Mamaß orientiert sind, wenn aber auch nicht, bitte besuchen Sie mit mir ein-
343 2168 2309 2275 mals meine Mutter auf eine Stunde, ich meine es nicht im ärztlichen Sinn
349 2244 2338 2364 sondern auch menschlich psychisch, eihr thut schon absolut noth, dass ein
338 2354 2341 2480 neuer Mensch I sie hat Sie sehr gern) zu ihr sympathisch und aufmunternd
349 2464 2320 2579 spricht, vielleicht können Sie ihr etwas rathen, nicht speciell, sondern
338 2561 2419 2666 allgemein ihr furchtbares Nervenbefinden betreffend. Nicht wahr Sie thun mir
338 2655 1646 2750 zulieb? ( etc. etc - - ) Von Herzen Ihr Hugo
341 2752 2317 2860 216, 217, 218, 219 220, 221, 222, 223, 224, 25, 26, 27, 28 Karten
338 2841 1431 2959 229: dictiert geschaftlich „ 230, 232
2066 2933 2477 3033 Ramgut 21/8 04
336 2954 459 3041 232
330 3030 2433 3151 Lieber, das scheint sich ja sehr schön zu treffen. Gerty ist auf jeden Fall
