2483 3497
1115 738 1223 860 —6—
577 824 1974 965 a. die Summe von 15.000.-fünfzehntausend Mark u.zw.
577 948 1908 1069 5.000 Mark bei Abschluss dieses Vertrages, 10.000
577 1022 1985 1157 Mark in den ersten acht Tagen des Monats Juli 1916;
575 1123 1816 1239 b. 25% aller Beträge, die Herr Str. oder seine
584 1234 1881 1324 Rechtsnachfolger für Aufführungsrechte der Oper
591 1317 1902 1408 "Die Frau ohne Schatten“ in irgend einer Sprache
584 1394 1908 1520 oder in irgend einem Lande - mag der Text in ihm
578 1502 1931 1604 geschützt sein oder nicht - von den Theatern er-
577 1604 1949 1690 hält, u. zw. solange, als Herr Str. selbst oder seine
580 1672 1886 1800 Rechtsnachfolger für die Aufführungen Tantiemen
580 1775 1782 1886 oder sonstige Beträge als Urheber erhalten.
577 1865 1886 1969 c. 25/0 von dem aufgedruckten Ladenpreis der ge-
562 1944 1953 2064 druckten Exemplare des von Herrn Str. oder seinem
577 2050 1836 2154 Verleger herausgegebenen Textbuches „Der Frau
580 2107 1922 2249 ohne Schatten" in deutscher Sprache ohne Musik, so
557 2227 1999 2323 lange der deutsche Text den deutschen Urheberrechts-
568 2308 1326 2389 schutz geniesst.
1351 2324 1532 2414 e de voir
580 2405 1904 2506 d. 25% des Bruttoertrages aus der Verwertung der
589 2461 1947 2585 Oper für mechanisch-musikalische Rechte, sowie hie-
577 2570 2012 2676 bei der Text verwandt ist, und für kinematographische
