2705 3608
2213 225 2298 312 49
219 340 2269 567 und zum Nachtmahl bleiben würden. Es kommt Zemlinsky, der einiges aus dem
216 517 2421 657 Ballet spielen will, Herr J Wolff der die Pantomine auffallend hübsch componiert
225 604 2070 789 hat, eine Frau welche singt, sonst niemand. Adieu von Herzen Hugo
1955 683 2264 789 26/III O2
236 848 348 944 192
233 831 2430 1039 Lieber, wollen Sie nächsten Dienstag Mittwoch oder Donnerstag mit mir der Gräfin
247 955 2460 1107 Christiane Thun und Kassner (sonst niemand) um 1 Uhr frühstücken und zwar nicht
244 1056 2393 1208 bei mir, sondern im Palais Thun - Salm, Kärntnerstrasse 41? Bitte wählen Sie
247 1143 2491 1289 den Tag, der Ihnen am besten passt (mir wäre Mittwoch der liebste ) und schreiben
239 1244 1607 1399 mirgleich eine Zeile. Von Herzen Ihr Hugo
250 1329 2376 1489 PS. die 50 Gulden für den Hund schicken Sie am besten direct per Post an Frau
258 1472 1388 1612 Hofräthin vn Pollanetz Wien I Domgasse 6
2039 1494 2295 1612 28/V O2
258 1579 368 1691 193
258 1576 2517 1755 Mein lieber guter Arthur, ich will Ihnen aufrichtig sagen, dass mich Ihr Telegramm
264 1674 2489 1834 sehr verletzt hat. Ich will es deswegen lieber aussprechen als verschweigen, weil
270 1789 2387 1958 ich glaube, dass das was an solchen Dingen für mich so verletzten i ist, von
272 1871 2466 2039 Ihnen als höchst unwichtig, kaum bemerkt wird und dass das Ganze in dem Moment
281 1969 1941 2132 vermieden wäre, wo Sie überhaupt zum Bewusstsein davon kämen.
281 2070 2399 2213 In den 10 Jahren wo wir uns kennen, hab ich die unaufhörliche Freude eines in-
281 2126 2255 2312 timen Verkehrs mit Ihnen unter solchen Formen geniessen können, die Ihre
272 2250 2472 2404 Bequemlichkeit in Bezug auf Ort und Stunde des Zusammentreffens etc. nie tangiert
275 2312 2472 2486 haben. Es mwar nicht nur für Sie sondern auch für mich bequemer, es war
286 2430 2475 2564 durch alle Umstände gegeben, dass Sie fast nie zu mir gekommen sind und ich oft
306 2528 2404 2694 zu Ihnen etc etc.Und andererseits haben Sie in dieser langen Zeit wohl auch
2284 2570 2469 2635 machen.
286 2629 2460 2775 bemerken können, dass mir ziemlich fern liegt Sie irgendwie durch Bekanntw xxx
1447 2688 2477 2806 Nun ereignet sich ein besonderer ganz
281 2747 1312 2882 mit Leuten etc in Anspruch zu nehmen.
301 2803 2357 2958 vereinzelter Fall : eine Frau mit der ich ziemlich befreundet bin, und die
292 2871 2368 3076 wirklich eine merkwürdige Frau ist, durch eine seltene Uebereinstimmung von
298 2949 2491 3146 Güte, Vornehmheit, und wirklichem Geist, dabei von der äussersten Zurückhaltung
298 3135 1497 3300 isaliert und fast menschenscheu, diese Frau
