2701 3592
2205 235 2326 322 24
340 359 2263 514 umgehend an mich zurückschicken soll. Sie müssen das alfs persönliche
351 459 2363 617 Gefälligkeit verlangen. Ich habe es den Eltern bestimmt versprochen, mir
356 554 2321 696 zuliebe tut er es aber vielleicht nicht, weil es ihm etwas unbequem ist
1667 649 1770 736 G.F.P.
351 683 1052 820 Alle bitte sofort.
359 728 2292 878 Das andere 4 was essen Sie in Paris statt des gemischten Hausbrotes?
351 823 2157 981 Eben kommt Hirschfeld. Muss für heute schliessen. Grüsse Goldmann
2060 907 2155 1000 G.H.P.
1775 907 2031 1018 Ihr Hugo
2018 1079 2303 1184 2 Mai 97
1775 1095 1917 1197 G.H.F.P.
1646 1100 1749 1208 G.C.F.P
369 1044 462 1187 22
375 1176 464 1253 90
380 1163 2366 1335 Lieber Arthur. Wie komisch man eigentlich ist: es hat mich einen Moment
380 1300 2368 1437 ganz stark geärgert zu hören, dass Sie wie er gemischtes Hausbrot essen
385 1358 2321 1511 Ich hatte so gern gehört, dass Sie auf einmal etwas ganz anderes essen
390 1461 2463 1614 Aber das ist natürlich eine Kinderei. Hier ist es jetzt
393 1543 2456 1685 sehr schön (nur gerade heute regnet es zufällig). Der Fruhling war durch
398 1651 2429 1783 eine lange kühle Zeit zurückgehal en und dann war er auf einmal da so warm
396 1725 2458 1875 und farbig, dass die Farben der Blumenbeete, der Baumwipfel und des Himmels
398 1817 2403 1962 aus ihren Contouen auszutreten und xxx die Luft zu überschwemmen schienen.
396 1902 2466 2065 Das Radfahren macht mir grosse Freude. Es ist wunderschön ein bissl enmüdet
411 2012 2308 2155 und erhitzt sich irgendwo still hinzusetzen und über die Sträuche, die
406 2105 2521 2255 Wiesen und die Hügel hinzuschauen, und abends ist es sogar wunderschön in den
411 2181 2416 2334 Strassen der Vorstädte zu fahren. Schreiben Sie mir doch ein paar schöne
411 2266 2482 2424 kleine Ausflüge, an die Sie sich erinnern. Ich war erst in Weidling an Bach
425 2363 2429 2532 und in Heiligenkreuz. Ihre Bemerkungen über das französische Theater ver-
425 2474 2532 2627 stehe ich sehr gut, weil jetzt gerade eine französische Truppe im Carltheater
430 2561 2416 2690 war und lauter solche Vie-parisienne Stücke gespielt hat. Vergessen Sie
1680 2664 1807 2775 ./.
425 2701 1572 2798 doch nicht die Delna als Orpheus zu hören.
1844 2674 2160 2854 Sonntag 13/6
1933 2830 2131 2954 apäteich
