2711 3578
2169 231 2282 349 25
236 308 2330 526 Ich jedenfalls nach Salzburg. Uebrigens kann ich jeden Tag in 2 Stunden hin-
244 442 2335 646 fahren. Ein rendez vous mit Goldmann wäre mir natürlich einen grosse Freude.
252 542 2266 716 Auf der Rückseite eines Couverts ) : Es ist eine Gemeinheit zu sagen dass
188 630 2349 863 ich mit meinem "Flämischen" die Umgebung erleuchten soll, weil es geheissen
239 788 1279 949 hat mit einem ganz kleinen Flämmchen
1813 831 2134 971 9/VIII 93
946 920 2274 1118 Schönheit und Leben! Ist Ihnen das nicht aufge-
265 912 362 1089 57
268 989 850 1169 Mein lieber Arthur!
273 1046 2239 1247 fallen, dass einem das Leben so ganz besonders gut gefällt und man ganz
292 1118 2351 1335 genau weiss wie es ausschaut und schmeckt, wenn man eben momentan innerlich
284 1223 2405 1416 müssig ist und eigentlich nicht lebt? Wie Euer Brief (mit diesen zwei grossen
298 1316 2362 1512 Worten) gekommen ist, der "launige" Brief mit diesen zwei grossen Worten
295 1413 2314 1609 ist es mir ein bisschen vorgekommen wie wenn ich an einem Tisch sässe und
311 1488 2418 1687 wirklich gegessen hätte und vor mir lägen in unapstitlicher Realität Krebs-
308 1609 2266 1786 schalen, Hühnerknochen und Pfirsichkerne... Ihr aber sitzt vor einem
314 1695 2276 1882 wunderschönem Stilleben mit roten Langusten, goldrothen Weintrauben und
319 1783 2408 1957 bunten Truthühnern. Um es zu essen muss man es rupfen und sieden und schälen
324 1880 2295 2062 und schmeiden und kauen und dann ist es gar nicht mehr schön! Und doch
332 1971 2207 2158 gehörts zum Essen und nicht zum Anschauen. Es - ich meine das Leben.
338 2065 2319 2252 Ich bleibe also hier bis zum 11 ten dann mit den Eltern nach München und
1796 2156 2327 2279 Jedenfalls bin ich
335 2188 1641 2327 Nürnberg, dann vielleicht zur Jagd nach Böhmen.
1472 2183 2512 2400 .. Wissen Sie die Nummer von Richards
1086 2301 1228 2416 ...
343 2317 1043 2427 Ende September bei Euch.
1351 2370 1504 2453 Loris
1199 2365 2266 2510 Bi te bals schreiben? Wo ist Salten?
349 2394 1172 2531 Regiment ( Znaim )? Servun
2142 2461 2392 2571 12/X 93
370 2579 2402 2738 Sie lieber Arthur! Es wäre doch vielleicht nicht absolut verächtlich oder
365 2668 2333 2856 überflüssig wenn wir einmal ein paar Viertelstunden zusammen verbringen
365 2735 2408 2933 könnten. Ich halte mir Sonntag Nachmittag frei. Das verpflichtet natürlich
370 2888 1287 3051 zu nichts. Aber im Allgemeinen!
1968 2866 2236 3054 17/1 94
383 3035 2424 3207 Bitte um einen Sitz neben Ihnen, natürlich so billig als möglich, weil ich
378 3022 598 3121 39 60
