2661 3550
627 657 735 751 de ses
488 641 611 748 8
526 716 1209 839 nur, ich bin für 2-3 Tag
491 820 1322 933 dass Sie schon grösere Beträge
346 925 1432 1016 der bitte geben Sie noch etwas und das sogleich sehr
2228 973 2335 1078 8
346 1000 1888 1110 vorzügliches leistet und dringend Hilfe braucht und bitte
1968 1056 2306 1174 geb ich auch
1869 1075 1952 1161 1b
1662 1070 1850 1180 2, desh.
295 1097 1636 1196 Durch die N. Fr. Pr. das zieht wieder andere Leute in
1724 1166 2276 1274 wieder gegen zu
225 1188 1681 1292 dort, gab nur einen kleinen Beitrag (200) um nochmal
257 1249 2303 1381 können, es wird noch allseits viel zu wenig gegeben, es ist ein Meer von Not
759 1330 2354 1461 Ich bitte Sie und Olga dies unter Euren Bekannten weiter
268 1365 724 1488 und Schwierigkeit
239 1461 2250 1563 zusagen, es ist eine der dingendsten Notwendigkeiten. Von Herzen Ihr Hugo
265 1528 2292 1662 539 (Einige von Hoyes) 340 (wegen eine Nervenarztes)
300 1641 2311 1735 nicht haben zu der Coscordia Veranstaltung für die Schweizer zum 27/5 915
1502 1695 1595 1745 G.C.F.P
1094 1716 1174 1754 G.F.P.
1485 1729 1601 1764 G.C.F.P
1764 1705 1858 1762 P.P.
2086 1697 2193 1764 G.C.P.
252 1724 2215 1818 au kommen - jedenfalls finde ich es - abgesehen von meiner persönlichen
244 1794 2239 1858 mein lieber Arthur, wir mussten damals Olga absagen, so leid es uns tat,
316 1842 2274 1901 ende. Sie dann dort zu sehen und in einen gewissen Sinn nicht allein zu
282 1872 2319 1955 weil ich annehmen musste, dass ich den drauffolgenden Tag würde nach Polen¬
421 1933 2322 1984 so überaus nützlich und richtig wenn Sie kamen, denn es handelt sich
2260 1941 2368 2014 -
311 1973 2220 2046 zugehen haben. Indessen hat sich dies von Woche zu Woche hinausgeschob
335 2027 2303 2089 nicht so sehr um den nicht minder trivialen abend, den wir da verbringen
276 2070 1834 2137 und nun erst gehe ich fort, übermorgen, zunächst nach xxx
1826 2038 2370 2145 Teschen, weiterhin
1732 2091 1834 2132 8.
322 2124 2244 2183 den. sondern um die Rückwirkung nach der Schweiz hin und es ist doch
1477 2113 2448 2225 Wochen wieder zurück zu sein. Ob.
1367 2158 1485 2212 3
276 2172 1375 2250 die besetzten Gebiete. Ich rechne in 2
1365 2177 1485 2247 G.H.P.
346 2215 2094 2274 natürlich, wenn da Ihre Gegenwart sehr ins Gewicht fällt, mehr a
308 2242 2459 2317 Ich dann wie beabsichtigt war, nach Belgien zu gehen haben werde, oder vielleicht
1239 2287 1898 2362 ein deutschreibenden Bähne.
332 2306 1247 2368 ers, da Sie ja eigentlich von alle
319 2343 1855 2413 irgendwelchen Auftrag zur italienischen Armee, wird sich
432 2394 1239 2475 nicht nur im Ausland bekannte.
949 2440 1247 2518 Ich grüsse
810 2448 906 2504 G.C.P.
775 2496 858 2574 G.F.P.
1075 2486 1236 2558 Herr
952 2486 1086 2558 G.F.P.
630 2467 743 2555 P.P.
1003 2536 1102 2579 la faveur ses
426 2480 560 2609 3
622 2545 740 2603 G.C.F.P.
807 2545 968 2606 le reste de ses
1003 2550 1105 2603 G.H.F.P
405 2582 949 2700 Lieber Arthur, heute
357 2679 480 2780 Ges.
