2601 3495
1647 210 2204 339 Tlumacz b Stanislau
361 196 939 358 minunciert.
977 293 2210 428 k.u.k. 8 tes Uhlanenreginnegalizien 17 Mai
686 401 2158 527 vor einer Wohhe hat mir meine Mutter geschrieben, Sie
57 353 649 562 Lieber Arthur.
170 482 2215 627 hätten mit ihr gesprochen und ihr erzählt, dass im Herbst wieder ein Stück
180 587 2210 705 von Ihnen aufgeführt werden wird. Das hat mich, wie es der Zufall manchmal
172 689 2196 791 bringt so" historisch" berührt. Die ganze Zeit seit wir uns kennen, ist
180 780 2285 875 mir als ein ganzes eingefallen, wie eine Landschaft, aber viel merkwürdiger,
180 877 2293 990 als wenn man in einem Thal stünde und durch die Wände der Berge hindurch die
183 963 2247 1063 andern Thaler gleichzeitig sehen würde. Auch der gute Goldmann ist mir sehr
188 1028 2320 1163 stark eingefallen und sein sonderbares schmerzliches Leben. Es ist merkwürdig
183 1155 2314 1246 wie stark man an Vergangenes denken kann, wenn man so allein und abgeschnitten
178 1216 2253 1346 lebt, wi ich hier. Mir ist eingefallen wie mir der Goldmann zum ersten Mal
188 1340 2293 1434 von Nutzsche und von Bahr erzählt hat, das ganze kleine Redactionszimmer und
183 1440 2261 1523 unsere ersten Begegnungen, und alles kommt mir so unglaublich vergangen vor,
194 1518 2091 1631 und so nett und altmosisch wie eine Geschichte aus der Jean-Paul Zeit.
188 1615 2129 1722 Wir haben doch in diesen paar Jahren sehr viele schöne Stunden gehabt.
194 1706 2183 1806 Wir haben sehr oft das Leben reich und gross gesehen und waren im Stande,
188 1782 2250 1876 viele Dinge auf einander zu beziehen, und immer hat sichs wieder verändert
188 1884 2325 1986 das war das schönste. Auch dass wir voneinander nicht zu viel wissen und immer
180 1962 2255 2078 jeder wie ein neuer aus seinem Leben hervortritt und wieder hineingeht, ist
1138 2078 2309 2169 Ueber meinen augenblicklichen Zustand will
188 2070 514 2183 sehr schön.
191 2169 2314 2253 ich lieber nichts erzählen: die Station ist von einer teuflischen Hässlichkeit
188 2226 2226 2347 die Menschen nicht sehr erfreulich, das Wetter fortwährend elend. Ich habe
188 2358 2255 2452 einige Bändchen Platon mit, auch den Pindar und den unerschöpflichen ersten
180 2425 2223 2551 Band von Goethe : die Lieder, die Elegien, und die Sprüche. Ich freue mich
188 2538 2347 2632 im Stillen (wenn auch mit Zweifeln,7 Ihr neues Stück noch im Juni bei der Tini
1079 2613 1685 2756 Herzlichst Ihr Hugo
180 2627 449 2756 zu hören.
