2736 3594
343 313 2409 539 Barres, eine Studie. 3/ eine psychologische Hovelle aus einem 12jährigen
343 455 2445 621 Kinderkopf 4/ der Novellist der Telepathie, 5/ das grosse Buch von 1891 in
1865 572 2058 692 Loris
868 607 1388 735 Telle est la vie!
343 621 596 751 England.
1925 643 2499 787 Bad Fusch 13Juli 91
359 830 2399 994 Mir fehlt hier irgend etwas, was weiss ich selbst nicht. Vielleicht Sonne.
368 937 2292 1062 Vielleicht Lärm. Dann wird wohl Salzburg helfen. Ich habe einen dicken
368 1015 2526 1171 Paletot an, auf dem Papier tanzen grelle, kalte Lichter, der Brunnen plätschert
365 1124 2393 1288 und es fischt nach reinlichen kleinen Kindern. Wenn das eine Stimmung ist
373 1212 2426 1337 so ists zumindesten nicht die, die ich brauche kann. En attendant les ichts
368 1301 2453 1427 Nietzsche und freue mich wie in seiner kalten Klarheit der "hellen Luft der
378 1408 2409 1563 Cordilleren "meine eigenen Gedanken schön crystallisieren. Ich denke sehr
381 1497 2450 1617 viel, wie immer wenn mir nichts einfällt, und schlecke künftige Geburtstags-
378 1563 2450 1723 torten ab: das heisst ich geniesse in zahllosen Plänen das Beste von künfti-
381 1696 2363 1827 gen Arbeiten : das Grauen vor der tragischen Situation und die Freude am
381 1764 2347 1903 Gombinieren. Wozu verdirbt man sich das eigentlich alles, indem man die
392 1862 2578 1982 schlechteste Momentphilographie davon festhält und aufhebt? Dumme Frage übrigen
389 1955 2396 2080 Kunst kommt von Können und Köhnen heisst schreiben könnne (Mod Rundschau
387 2072 1195 2203 5 u 6 Heft, Seite 17.. ff.)
389 2118 2570 2257 So dumme Fragen frage ich nur wenn ich Gedanken denke statt mein Leben zu leben.
387 2216 2448 2344 Ich möchte mich also verlieben, oder täglich lewn tennis spielen, ober mit-
392 2350 1952 2448 unter sogar Macao oder sonst eine Beschäftigung erleben.
389 2390 2407 2559 Sonst werd ich noch ein ganzer Politiker wie der Sauhirt von seinem alten
400 2535 2415 2638 Vorstehhund neulich sagte, der aus Altersschwüche dumm geworden ist. Der
395 2611 2456 2706 Sauhirt ist keine Fiction, sondern mein liebster Umgang, seine Tochter aber
395 2698 2453 2821 das liebliche Saumensch, heisst Berenike (abgek. Vroni) und war zu ihrer
384 2782 2442 2897 Blütezeit Kellnerin. Ausserdem lasse ich mir von einer alten Engländerin
395 2889 2409 3011 auf nasskelten Spaziergängen viel erzählen, von der Mozambiquebai, wo die
389 2965 2407 3093 Leute meistens Würmer unter der Haut haben (sie zur dort als junge Frau)
406 3063 2407 3207 oder von dem hässlichen Boykott in Irland und den schönen rothaar gen Co-
