2701 3592
946 163 1407 345 S. W. F. R. P.
2163 261 2271 366 21
1165 321 1365 401 „
335 311 2292 514 darf man!! ) in die Aufführung legen, welche die Hauptperson von der
332 477 2256 601 durch sie angestifteten innerlich unrettbaren Situation plötzlich zu
329 509 2321 698 haben anfängt, dagegen ankämft und schliesslich darin versinkt wie ein
319 643 2377 762 Ertrinkender. Nun haben Sie einmal (beim Erfinden des Stoffes) die durch
335 751 2364 867 das verweigerte Duell für eine bestimmte Art Menschen sich ergebene Situa-
332 848 2327 967 tion als tragisch d.h. als eine tiefen unlösbaren inneren Widerspruch in
340 933 2350 1065 sich tragend erkannt: suchen Sie diese Situation wiederherzustellen. Sie
340 1028 2453 1151 war wahrscheinlich rhetorisch. individualisieren Sie diese Rhetorik und legen
327 1123 2332 1252 Sie sie der Hauptperson in den Mund, verstärken und vedichten Sie sie (
340 1215 2432 1333 reine Rhetorik ist immer dünn) durch retardierende menschliche, zuständliche
337 1294 2406 1410 Molve (wie sie in der Liebelei ein fast - nichts an Vorgang aufgeschwemmt
332 1375 2229 1515 haben und ihm Dichte gegeben ) und fürchten Sie sich nicht vor Ihrem
345 1457 2406 1607 eigenen Feuer. Es wird nie nackt brennen, da immer die bunten Schirme
345 1552 2408 1689 des ersten und letzten Actes davorstehen werden. Die Schwäche und Zaghaftig-
335 1650 2271 1781 keit im Ton des 2 tenActes (vergleichen Sie mit Shakespeare) ist nur
348 1755 2408 1863 entstanden, weil der Held und das Mädel so furchtbar wenig individualisiert
1175 1844 1283 1895 Herr
343 1842 2282 1945 sind : in einem papierdünnen Komm kann man dann freilich kein grosses
343 1931 2306 2063 Feuer anmachen. Verstärken ( d.h. determinieren) Sie das Verhältnis zu
350 2037 2258 2150 dem Mädel, so wird es nicht nur sich selbst tragen, sondern die ganzen
348 2124 2466 2250 tragischen Eingeständnisse und Irrläufe des Helden werden darauf ruhen können
337 2242 2432 2345 und ganz ohne Künstelei. Nur müssen Sie sich hüten das Verhältnis übermässig
348 2303 2387 2437 zu individualisieren; so fern von der Anatol-Manier als möglich, Womöglich
348 2414 2379 2495 so behandelt und gesehen wie Sie gewöhnlich Nebenfiguren sehen: mit einer
343 2485 2400 2611 scheinbar geringeren Liebe, die aber zuträglicher ist und mehr Leben giebt.
1455 2574 1702 2690 Ihr Hugo
343 2601 1038 2714 Nächstens etwas anderes
1549 2667 1678 2746 G.H.F.P
329 2719 1837 2859 (79 : ist ein Spass in zwei Handschriften geschrieben)
348 2843 577 2949 ℥ⵥ, ὥχ
682 2864 835 2959 G.H.F.P.
1892 2825 2437 2954 Wien am 9 ten 11 96
353 2901 474 2993 82
335 2946 2419 3065 Mein lieber Arthur. Ich bin durch die Zeitungen und Salten über den Erfolg
340 3067 2451 3207 Ihres Stücke so völlig beruhigt, dass ich fast vergessen hätte Ihnen darüber
