2716 3607
2262 232 2368 348 36
586 285 855 409 Votre très être
882 325 1331 433 " 9 " 9 " " „ „
1389 312 1505 459 1er
1668 317 2294 454 Goesshüblerstrasse 2
404 364 523 473 128
2252 351 2463 515 18ss
404 473 2402 652 Mein lieber Arthur, ich bin überaus froh, dass es in Berlin so absolut
412 612 2500 734 gut gegangen ist, denn ich habe für den zweiten und dritten Act grosse Angst
417 700 2426 840 gehabt. Mein venerianisches halb-ernstes Stück ist nahezu fertig. Ich bin
412 821 2358 940 nun noch für 5 - 6 Tage hier, weil es so wunderschön ist zwischen den
414 840 2405 1016 purpurrothen und gelben Bäumen rad zu fahren. Es wäre so lieb von Ihnen
414 995 2426 1117 wenn Sie einen der Wochentage in der früh herauskämen und bis zum dunkel-
417 1074 2466 1201 werden hier blieben. Sie wissen dass die Schlesinger darin keinen auf sie
417 1188 2418 1291 bezüglichen Besuch sehen. Ich hätte eine sehr grosse Freude darüber. Sie
414 1262 1642 1415 müssten mir den Abend vorher telegraphieren.
1317 1349 1967 1476 Von Herzen Ihr Hugo
2051 1410 2339 1544 3/XII 98
428 1463 858 1587 12/ „ 17Ø 131
420 1526 2540 1666 Mein lieber Arthur, Ich bitte Sie vielmals um eine Gefälligkeit, nämlich
436 1608 2342 1750 dass Sie Herrn Otto Eisenschütz, den Sie ja persönlich kennen, einen
436 1742 2286 1837 Brief schreiben, oder dass Sie ihm diesen Brief hier schicken. Herr
430 1795 2453 1919 Lauria in Rom Redacteur des Fanfulla hat sich an mich um eine Intervention
441 1930 549 2017 - -
1695 1969 2445 2101 Baden Julienhof Jänner 99
430 2028 665 2133 x⊃2 133
433 2072 2376 2218 Lieber Arthur, mir gehts hier hut und ich hab am Sylvesterabend in der
444 2181 2418 2305 schönsten Stille die nun 2 te Verwandlung vollendet. Heut war ich wenige
438 2289 2431 2389 Stunden in der Stadt, habs dem Richard vorgelesen, der es nun in Ordnung
438 2358 2397 2471 findet, so dass ich nicht mehr zu Ihnen sondern zum
441 2468 2426 2592 typieren getragen habe. Habe auch Schlenther gesprochen. Haben Sie Nach-
449 2558 2503 2666 richten über den "Kakadu"? Neulich habe ich mir von 2 gescheidten Leuten
441 2614 2460 2790 unsere schöne Juni-radpartie durch Mitteldeutschland aufschreiben lassen.
454 2717 2521 2843 Wir kommen um Hörselberg und vielen schönen Sachen vorbei, fahren über
441 2820 2532 2978 Ilmenau in Weimar ein, wohnen 4 Tage im Erbprinzen und sind hoffentlich brav
441 2915 2516 3028 und lustig. Ich hab heut in Wien mit jemand gegessen und dann zuhaus gesagt
449 3004 2471 3126 ich hab bei Ihnen gegessen. Da ich solche Lügen sehr ungern hab und auch
449 3084 2429 3250 diese nur halb in Zerstreutheit gesagt habe, bitte demantieren Sie nicht
