2701 3592
2042 248 2150 386 18
211 362 2261 502 sollt Ihr meine vielen Notizen auf Zetteln herausgeben, in Gedankengruppen
211 452 2277 629 geordnet, mit einem sehr einfachen, die Assosationen aufdeckenden Commente.
214 555 2282 716 Denn meine Gedanken gehören alle zusammen weil ich von der Einheit der Welt
217 639 2316 803 sehr stark durchdrungen bin Ich glaub sogar ein Dichter ist eben ein Mensch
219 740 2242 893 dem in guten Stunden die Gedanken " ausgehen " wie man beim Patiencelegen
222 840 2301 985 sagt. - Am 15 ten ist Abmarsch nach Znaim, dann Stockerau etc. Bitte also
219 938 2301 1096 Briefe vom 14 ten an nach Wien richten, von wo sie mir nachgeschickt werden
1313 1043 1458 1157 Hugo
652 1062 1207 1181 Auf Wiedersehen!
232 1123 2163 1244 Bitte können Sie mir in Erfahrung bringen ob Dr Mamroth nicht mehr bei
230 1218 1859 1373 der Frakfurter ist oder beurlaubt? und mir das schreiben?
232 1339 328 1447 75
1466 1389 2303 1521 Qua tier zu Klein Tesswitz bei
1867 1447 2034 1527 Znaim
1426 1495 1981 1616 Mittwoch d 21/8 95
232 1572 2338 1741 Es freut mich herzlich Sie zufrieden zu wissen und von guten und gescheidten
240 1667 2237 1812 Menschen umgeben zu denken. Unser Goldmann, der im Journalismus lebt und
256 1764 2359 1902 sich so völlig vor mesquinerie bewahrt hat, und Frau Dr Salome sind ganz di-
256 1862 2242 1997 Atmosphäre vorin einem die Vermuthung von der Jugend der Seele glaubhaft
254 1949 2240 2068 wird. Ich bin in gewissen Sinne mutterseelenallein, und doch so montiert
726 2039 993 2105 gewaltsam
256 2044 2240 2184 dass ich mich manchmal zwingen muss, an die Realität zu gla ben. Mir ist
267 2129 2356 2256 wie einem der in der tiefen stillen Kajüte eines Schiffes dem schönsten Land
261 2240 2308 2340 langsam zufährt. Es sind wundervolle Sommertage. Ich wohne in einem kühlen
267 2319 2264 2441 niedrigen Bauernzimmer, hinter einem grossen Birnbaum. Gegenüber ist ein
269 2409 2208 2544 zehnjähriges Mädel, die doch eine Frau ist, und ihr eigenes Kind, ihre
277 2491 2359 2625 eigene Mutter ist. Ich habe den "Faust" mit und die Wanderjahre. Ich weiss
277 2599 2340 2723 von meinem wirklichen Leben und bin doch unendlich weit davon. Die frischen
272 2686 2393 2826 Birnen sind ganz warm von der gedämpften Sonne, die im Wipfel des Birnbaumes
272 2773 2327 2903 ist. Von der Helena les ich diesen Vers 1 " Ver sie versteht, der darf sie
269 2860 2303 3040 nicht entbehren I "Heute abend werd ich nach Znach hineinfahren wo Musik
280 2963 2401 3080 von den Deutschmeistern ist und in der kühlen stenenhellen Nacht zurückfahren
280 3059 2361 3201 ein bissl vom weissen Wein montiert auf einem hohen Wagen, der sehr unsicher
