<?xml version="1.0" encoding="UTF-8" standalone="yes"?>
<PcGts xmlns="http://schema.primaresearch.org/PAGE/gts/pagecontent/2013-07-15" xmlns:xsi="http://www.w3.org/2001/XMLSchema-instance" xsi:schemaLocation="http://schema.primaresearch.org/PAGE/gts/pagecontent/2013-07-15 http://schema.primaresearch.org/PAGE/gts/pagecontent/2013-07-15/pagecontent.xsd">
    <Metadata>
        <Creator>prov=READ-COOP:name=TrHtr:version=2.1.0:model_id=51170:date=25_07_2023_07:00</Creator>
        <Created>2023-05-01T21:58:47.146+02:00</Created>
        <LastChange>2023-07-25T07:00:58.858+02:00</LastChange>
        <TranskribusMetadata docId="1416440" pageId="54946732" pageNr="28" tsid="130586972" status="IN_PROGRESS" userId="64420" imgUrl="https://files.transkribus.eu/Get?id=PKTSYRAXLRVZEHKYDWQOHMRF&amp;fileType=view" xmlUrl="https://files.transkribus.eu/Get?id=PJAGEGOSMSJBEAAUTMSGTWOF" imageId="44450817"/>
    </Metadata>
    <Page imageFilename="1416440_0028.jpg" imageWidth="2716" imageHeight="3607">
        <ReadingOrder>
            <OrderedGroup id="ro_1711831030877" caption="Regions reading order">
                <RegionRefIndexed index="0" regionRef="tr_2"/>
                <RegionRefIndexed index="1" regionRef="tr_1"/>
            </OrderedGroup>
        </ReadingOrder>
        <TextRegion id="tr_2" custom="readingOrder {index:0;}">
            <Coords points="361,302 2427,302 2427,1326 361,1326"/>
            <TextLine id="tr_2_tl_1" custom="readingOrder {index:0;}">
                <Coords points="2176,388 2204,393 2217,382 2227,385 2238,375 2253,380 2269,369 2292,372 2294,302 2266,302 2232,282 2212,295 2201,289 2191,295 2178,292"/>
                <Baseline points="2191,358 2209,352 2254,352 2299,352"/>
                <TextEquiv>
                    <Unicode>26</Unicode>
                </TextEquiv>
            </TextLine>
            <TextLine id="tr_2_tl_2" custom="readingOrder {index:1;}">
                <Coords points="344,532 2418,475 2421,359 349,403"/>
                <Baseline points="361,504 367,504 412,498 456,498 501,495 546,492 591,492 636,489 680,489 725,489 770,486 815,486 859,486 904,486 949,483 994,483 1039,480 1083,480 1128,477 1173,477 1218,474 1263,474 1307,474 1352,474 1397,474 1442,471 1486,471 1531,468 1576,468 1621,468 1666,465 1710,462 1755,459 1800,459 1845,456 1890,459 1934,459 1979,456 2024,453 2069,450 2114,450 2158,450 2203,447 2248,447 2293,444 2337,441 2382,438 2427,438"/>
                <TextEquiv>
                    <Unicode>gegen Abend hinaus. Sie müssen mir nur den Zug schreiben, ich hab ja nichts</Unicode>
                </TextEquiv>
            </TextLine>
            <TextLine id="tr_2_tl_3" custom="readingOrder {index:2;}">
                <Coords points="346,612 2333,584 2336,486 346,532"/>
                <Baseline points="361,591 373,588 418,588 462,588 507,585 552,585 597,585 641,582 686,582 731,579 776,579 821,576 865,576 910,576 955,576 1000,573 1045,573 1089,570 1134,570 1179,570 1224,570 1269,567 1313,564 1358,564 1403,564 1448,561 1492,561 1537,558 1582,558 1627,558 1672,555 1716,552 1761,552 1806,552 1851,549 1896,549 1940,546 1985,546 2030,546 2075,543 2120,543 2164,543 2209,540 2254,537 2299,534 2343,534"/>
                <TextEquiv>
                    <Unicode>zuthun (von 4 Uhr an) und komm dann auf die Bahn Sie abholen oder wenn</Unicode>
                </TextEquiv>
            </TextLine>
            <TextLine id="tr_2_tl_4" custom="readingOrder {index:3;}">
                <Coords points="354,705 2142,651 2256,708 2258,594 357,615"/>
                <Baseline points="370,680 382,677 426,677 471,674 516,674 561,674 606,674 650,674 695,671 740,671 785,671 830,668 874,668 919,665 964,665 1009,665 1054,662 1098,662 1143,662 1188,659 1233,656 1277,656 1322,656 1367,653 1412,653 1457,653 1501,653 1546,653 1591,650 1636,650 1681,647 1725,647 1770,647 1815,644 1860,644 1905,641 1949,641 1994,638 2039,638 2084,638 2128,636 2173,633 2218,630 2263,630"/>
                <TextEquiv>
                    <Unicode>Sie mit dem Rad hinausfahren schreiben Sie mir genau wann ich bei der</Unicode>
                </TextEquiv>
            </TextLine>
            <TextLine id="tr_2_tl_5" custom="readingOrder {index:4;}">
                <Coords points="354,783 1904,760 1930,682 357,716"/>
                <Baseline points="367,773 370,770 415,770 459,767 504,767 549,767 594,767 638,767 683,764 728,761 773,761 818,761 862,761 907,761 952,758 997,758 1042,758 1086,758 1131,758 1176,755 1221,752 1266,752 1310,749 1355,749 1400,749 1445,749 1489,746 1534,746 1579,743 1624,740 1669,740 1713,740 1758,737 1803,737 1848,737 1893,734 1937,740"/>
                <TextEquiv>
                    <Unicode>Schönberger auf Sie warten, oder telegraphieren Sie mir.</Unicode>
                </TextEquiv>
            </TextLine>
            <TextLine id="tr_2_tl_6" custom="readingOrder {index:5;}">
                <Coords points="705,871 2028,863 2209,835 2212,752 705,819"/>
                <Baseline points="719,853 737,853 782,853 827,853 871,853 916,850 961,850 1006,850 1051,850 1095,848 1140,848 1185,845 1230,845 1274,842 1319,842 1364,842 1409,839 1454,839 1498,839 1543,839 1588,836 1633,836 1678,833 1722,830 1767,830 1812,827 1857,827 1902,827 1946,824 1991,824 2036,821 2081,821 2125,821 2170,821 2215,818"/>
                <TextEquiv>
                    <Unicode>Ich rechne ganz bestimmt darauf. Herzlichst Ihr Hugo</Unicode>
                </TextEquiv>
            </TextLine>
            <TextLine id="tr_2_tl_7" custom="readingOrder {index:6;}">
                <Coords points="1710,935 1824,956 1907,933 2067,951 2225,915 2289,928 2292,837 2183,832 2098,871 2046,845 1946,871 1871,845 1819,868 1713,850"/>
                <Baseline points="1725,916 1758,919 1803,919 1848,919 1893,916 1937,916 1982,916 2027,916 2072,913 2117,913 2161,910 2206,907 2251,904 2296,904"/>
                <TextEquiv>
                    <Unicode>Bad Fusch 6 Juli 97</Unicode>
                </TextEquiv>
            </TextLine>
            <TextLine id="tr_2_tl_8" custom="readingOrder {index:7;}">
                <Coords points="349,966 393,977 426,961 457,971 512,953 530,961 543,951 584,964 589,897 532,891 509,876 491,886 457,881 442,889 403,860 375,871 354,868"/>
                <Baseline points="364,958 370,958 415,958 459,955 504,952 549,946 594,952"/>
                <TextEquiv>
                    <Unicode>97. 94</Unicode>
                </TextEquiv>
            </TextLine>
            <TextLine id="tr_2_tl_9" custom="readingOrder {index:8;}">
                <Coords points="357,1057 2245,1036 2297,933 357,977"/>
                <Baseline points="370,1045 376,1045 421,1042 465,1042 510,1042 555,1039 600,1036 644,1036 689,1036 734,1036 779,1033 824,1033 868,1033 913,1033 958,1033 1003,1030 1048,1030 1092,1030 1137,1027 1182,1027 1227,1024 1272,1024 1316,1024 1361,1021 1406,1021 1451,1021 1495,1018 1540,1018 1585,1015 1630,1015 1675,1012 1719,1012 1764,1012 1809,1012 1854,1012 1899,1009 1943,1009 1988,1006 2033,1006 2078,1003 2122,1003 2167,1000 2212,1000 2257,1000 2302,1006"/>
                <TextEquiv>
                    <Unicode>Mein lieber Arthur. Ich lebe sehr still und recht zufrieden, versuche</Unicode>
                </TextEquiv>
            </TextLine>
            <TextLine id="tr_2_tl_10" custom="readingOrder {index:9;}">
                <Coords points="359,1145 2124,1145 2372,1116 2374,1008 359,1072"/>
                <Baseline points="373,1131 409,1131 453,1131 498,1131 543,1131 588,1128 633,1128 677,1128 722,1128 767,1125 812,1125 856,1122 901,1122 946,1122 991,1122 1036,1119 1080,1119 1125,1116 1170,1116 1215,1116 1260,1113 1304,1113 1349,1110 1394,1110 1439,1110 1484,1107 1528,1110 1573,1107 1618,1107 1663,1107 1707,1104 1752,1104 1797,1104 1842,1101 1887,1098 1931,1098 1976,1098 2021,1095 2066,1095 2111,1095 2155,1092 2200,1092 2245,1089 2290,1089 2334,1086 2379,1089"/>
                <TextEquiv>
                    <Unicode>hie und da Verse zu machen und komme mir merkwürdig unsicher und entwöhnt</Unicode>
                </TextEquiv>
            </TextLine>
            <TextLine id="tr_2_tl_11" custom="readingOrder {index:10;}">
                <Coords points="367,1251 2351,1214 2372,1111 367,1155"/>
                <Baseline points="382,1224 406,1224 450,1224 495,1224 540,1221 585,1221 630,1221 674,1218 719,1218 764,1218 809,1215 853,1215 898,1215 943,1215 988,1212 1033,1212 1077,1209 1122,1209 1167,1209 1212,1206 1257,1206 1301,1203 1346,1203 1391,1203 1436,1200 1481,1200 1525,1200 1570,1200 1615,1197 1660,1197 1704,1194 1749,1194 1794,1191 1839,1191 1884,1191 1928,1188 1973,1188 2018,1188 2063,1188 2108,1185 2152,1185 2197,1182 2242,1182 2287,1179 2332,1179 2376,1182"/>
                <TextEquiv>
                    <Unicode>vor, schmiere an meiner Doctorsarbeit und finde dass " Faust " von Goethe</Unicode>
                </TextEquiv>
            </TextLine>
            <TextLine id="tr_2_tl_12" custom="readingOrder {index:11;}">
                <Coords points="364,1320 2356,1307 2356,1217 2093,1189 367,1251"/>
                <Baseline points="379,1313 394,1313 438,1316 483,1316 528,1313 573,1313 618,1310 662,1310 707,1310 752,1307 797,1307 842,1307 886,1304 931,1304 976,1301 1021,1301 1065,1301 1110,1298 1155,1301 1200,1298 1245,1298 1289,1298 1334,1295 1379,1295 1424,1292 1469,1292 1513,1289 1558,1289 1603,1286 1648,1286 1693,1286 1737,1286 1782,1286 1827,1283 1872,1283 1916,1280 1961,1280 2006,1280 2051,1280 2096,1280 2140,1277 2185,1274 2230,1274 2275,1272 2320,1272 2364,1269"/>
                <TextEquiv>
                    <Unicode>ein sehr angenehmes Buch ist, in welchem das Schöne und das Kluge wunder-</Unicode>
                </TextEquiv>
            </TextLine>
        </TextRegion>
        <TextRegion id="tr_1" custom="readingOrder {index:1;}">
            <Coords points="379,1314 2526,1314 2526,3166 379,3166"/>
            <TextLine id="tr_1_tl_1" custom="readingOrder {index:0;}">
                <Coords points="372,1431 2219,1408 2380,1380 2382,1325 1225,1305 584,1367 375,1320"/>
                <Baseline points="388,1409 415,1406 459,1406 504,1406 549,1403 594,1403 638,1403 683,1400 728,1400 773,1400 818,1397 862,1397 907,1397 952,1397 997,1397 1042,1397 1086,1394 1131,1394 1176,1391 1221,1391 1266,1388 1310,1388 1355,1388 1400,1385 1445,1385 1489,1382 1534,1382 1579,1382 1624,1379 1669,1379 1713,1379 1758,1379 1803,1376 1848,1376 1893,1376 1937,1373 1982,1370 2027,1370 2072,1370 2117,1370 2161,1367 2206,1367 2251,1367 2296,1364 2340,1364 2385,1364"/>
                <TextEquiv>
                    <Unicode>voll ineinander aufgehen, was man dann wohl heitere Weisheit nennen kann.</Unicode>
                </TextEquiv>
            </TextLine>
            <TextLine id="tr_1_tl_2" custom="readingOrder {index:1;}">
                <Coords points="367,1517 2333,1491 2421,1468 2424,1395 367,1439"/>
                <Baseline points="382,1501 415,1498 459,1498 504,1495 549,1495 594,1495 638,1495 683,1492 728,1489 773,1489 818,1489 862,1489 907,1489 952,1489 997,1486 1042,1486 1086,1484 1131,1484 1176,1484 1221,1484 1266,1481 1310,1481 1355,1478 1400,1478 1445,1478 1489,1478 1534,1475 1579,1475 1624,1475 1669,1475 1713,1472 1758,1472 1803,1472 1848,1469 1893,1469 1937,1466 1982,1466 2027,1466 2072,1466 2117,1466 2161,1463 2206,1460 2251,1460 2296,1457 2340,1457 2385,1454 2430,1454"/>
                <TextEquiv>
                    <Unicode>Anders wieder die italienische Reise, die einem einen guten Begriff von der</Unicode>
                </TextEquiv>
            </TextLine>
            <TextLine id="tr_1_tl_3" custom="readingOrder {index:2;}">
                <Coords points="372,1592 2106,1599 2302,1586 2305,1480 372,1524"/>
                <Baseline points="385,1591 426,1588 471,1588 516,1588 561,1585 606,1585 650,1585 695,1585 740,1582 785,1582 830,1582 874,1579 919,1579 964,1579 1009,1576 1054,1576 1098,1576 1143,1573 1188,1573 1233,1573 1277,1570 1322,1570 1367,1570 1412,1570 1457,1567 1501,1567 1546,1567 1591,1567 1636,1564 1681,1564 1725,1561 1770,1561 1815,1561 1860,1561 1905,1558 1949,1558 1994,1555 2039,1558 2084,1558 2128,1555 2173,1555 2218,1555 2263,1552 2308,1552"/>
                <TextEquiv>
                    <Unicode>Frische und kraftvollen Naivität eines drei oder vierunzwanzigjährigen</Unicode>
                </TextEquiv>
            </TextLine>
            <TextLine id="tr_1_tl_4" custom="readingOrder {index:3;}">
                <Coords points="1483,1674 2403,1672 2405,1579 2377,1576 2318,1607 2263,1574 1486,1597"/>
                <Baseline points="1498,1660 1516,1660 1561,1657 1606,1657 1651,1657 1696,1657 1740,1654 1785,1654 1830,1654 1875,1654 1919,1654 1964,1651 2009,1651 2054,1648 2099,1645 2143,1645 2188,1645 2233,1645 2278,1642 2323,1642 2367,1639 2412,1639"/>
                <TextEquiv>
                    <Unicode>Die Mozartbiographie enthält viel</Unicode>
                </TextEquiv>
            </TextLine>
            <TextLine id="tr_1_tl_5" custom="readingOrder {index:4;}">
                <Coords points="1028,1705 1054,1705 1072,1695 1098,1708 1121,1698 1142,1713 1158,1713 1160,1594 1134,1597 1124,1607 1106,1592 1031,1605"/>
                <Baseline points="1045,1654 1077,1651 1122,1651 1167,1648"/>
                <TextEquiv>
                    <Unicode>G.C.F.P.</Unicode>
                </TextEquiv>
            </TextLine>
            <TextLine id="tr_1_tl_6" custom="readingOrder {index:5;}">
                <Coords points="367,1692 721,1710 946,1685 935,1605 739,1623 610,1617 589,1599 429,1612 369,1592"/>
                <Baseline points="382,1681 412,1681 456,1681 501,1681 546,1681 591,1678 636,1678 680,1678 725,1675 770,1675 815,1672 859,1672 904,1672 949,1675"/>
                <TextEquiv>
                    <Unicode>Menschen geben kann.</Unicode>
                </TextEquiv>
            </TextLine>
            <TextLine id="tr_1_tl_7" custom="readingOrder {index:6;}">
                <Coords points="377,1778 2429,1780 2431,1685 380,1690"/>
                <Baseline points="391,1773 421,1770 465,1770 510,1770 555,1770 600,1770 644,1767 689,1767 734,1767 779,1764 824,1764 868,1764 913,1764 958,1764 1003,1761 1048,1761 1092,1761 1137,1758 1182,1758 1227,1755 1272,1755 1316,1752 1361,1752 1406,1752 1451,1752 1495,1752 1540,1752 1585,1752 1630,1752 1675,1749 1719,1746 1764,1746 1809,1743 1854,1743 1899,1743 1943,1743 1988,1740 2033,1740 2078,1740 2122,1740 2167,1740 2212,1737 2257,1737 2302,1737 2346,1737 2391,1734 2436,1734"/>
                <TextEquiv>
                    <Unicode>weniger menschliches, als ich erwartet hätte, zumindest in diesem Theil; nur</Unicode>
                </TextEquiv>
            </TextLine>
            <TextLine id="tr_1_tl_8" custom="readingOrder {index:7;}">
                <Coords points="375,1891 2424,1845 2367,1757 377,1803"/>
                <Baseline points="388,1866 415,1863 459,1863 504,1863 549,1860 594,1860 638,1860 683,1857 728,1857 773,1857 818,1854 862,1854 907,1854 952,1854 997,1854 1042,1854 1086,1851 1131,1851 1176,1848 1221,1848 1266,1848 1310,1848 1355,1845 1400,1845 1445,1845 1489,1842 1534,1842 1579,1842 1624,1839 1669,1839 1713,1836 1758,1836 1803,1836 1848,1836 1893,1836 1937,1836 1982,1833 2027,1833 2072,1833 2117,1833 2161,1833 2206,1830 2251,1830 2296,1830 2340,1827 2385,1824 2430,1824"/>
                <TextEquiv>
                    <Unicode>hübsche kindische Briefe aus Italien. Vielleicht schicken Sie mir gelegent-</Unicode>
                </TextEquiv>
            </TextLine>
            <TextLine id="tr_1_tl_9" custom="readingOrder {index:8;}">
                <Coords points="375,1971 2416,1948 2416,1840 2279,1834 377,1891"/>
                <Baseline points="388,1955 406,1955 450,1952 495,1952 540,1952 585,1949 630,1949 674,1949 719,1949 764,1946 809,1946 853,1946 898,1946 943,1943 988,1943 1033,1943 1077,1943 1122,1943 1167,1940 1212,1940 1257,1937 1301,1937 1346,1937 1391,1937 1436,1937 1481,1934 1525,1934 1570,1934 1615,1931 1660,1931 1704,1931 1749,1931 1794,1928 1839,1928 1884,1928 1928,1925 1973,1925 2018,1925 2063,1925 2108,1922 2152,1922 2197,1922 2242,1922 2287,1922 2332,1919 2376,1916 2421,1916"/>
                <TextEquiv>
                    <Unicode>lich hierher den 2 ten Band, ich Ihnen den ersten. Denn nach Salzburg komm</Unicode>
                </TextEquiv>
            </TextLine>
            <TextLine id="tr_1_tl_10" custom="readingOrder {index:9;}">
                <Coords points="380,2072 2230,2044 2292,1956 382,1974"/>
                <Baseline points="394,2045 415,2045 459,2045 504,2045 549,2042 594,2042 638,2039 683,2039 728,2039 773,2036 818,2036 862,2036 907,2036 952,2033 997,2033 1042,2033 1086,2033 1131,2030 1176,2030 1221,2030 1266,2030 1310,2027 1355,2027 1400,2027 1445,2027 1489,2024 1534,2024 1579,2024 1624,2021 1669,2021 1713,2021 1758,2021 1803,2018 1848,2018 1893,2015 1937,2015 1982,2015 2027,2015 2072,2015 2117,2012 2161,2012 2206,2009 2251,2009 2296,2009"/>
                <TextEquiv>
                    <Unicode>ich nur mit einem sehr kleinen Koffer. Dass mir Richard absolut nicht</Unicode>
                </TextEquiv>
            </TextLine>
            <TextLine id="tr_1_tl_11" custom="readingOrder {index:10;}">
                <Coords points="382,2170 2281,2145 2387,2121 2387,2028 385,2075"/>
                <Baseline points="400,2137 424,2134 468,2134 513,2134 558,2134 603,2134 647,2134 692,2131 737,2128 782,2128 827,2128 871,2128 916,2125 961,2125 1006,2125 1051,2122 1095,2122 1140,2122 1185,2122 1230,2122 1274,2120 1319,2120 1364,2120 1409,2117 1454,2117 1498,2117 1543,2114 1588,2114 1633,2114 1678,2114 1722,2114 1767,2111 1812,2111 1857,2111 1902,2111 1946,2108 1991,2108 2036,2108 2081,2108 2125,2105 2170,2105 2215,2105 2260,2102 2305,2102 2349,2099 2394,2102"/>
                <TextEquiv>
                    <Unicode>schreibt, bedeutet doch wohl nichts besonderes, am wenigsten dass er viel</Unicode>
                </TextEquiv>
            </TextLine>
            <TextLine id="tr_1_tl_12" custom="readingOrder {index:11;}">
                <Coords points="1116,2219 2276,2235 2473,2201 2473,2129 1116,2160"/>
                <Baseline points="1131,2209 1134,2212 1179,2212 1224,2212 1269,2212 1313,2212 1358,2209 1403,2209 1448,2209 1492,2206 1537,2206 1582,2206 1627,2206 1672,2206 1716,2203 1761,2203 1806,2203 1851,2203 1896,2203 1940,2200 1985,2200 2030,2200 2075,2197 2120,2197 2164,2194 2209,2194 2254,2194 2299,2194 2343,2194 2388,2194 2433,2191 2478,2191"/>
                <TextEquiv>
                    <Unicode>Ich wäre sehr froh über einige Nachricht von Euch</Unicode>
                </TextEquiv>
            </TextLine>
            <TextLine id="tr_1_tl_13" custom="readingOrder {index:12;}">
                <Coords points="375,2238 413,2256 444,2245 553,2266 623,2230 677,2245 677,2170 646,2157 620,2173 605,2160 568,2170 553,2157 460,2170 442,2155 375,2173"/>
                <Baseline points="388,2227 415,2227 459,2227 504,2227 549,2224 594,2224 638,2224 683,2224"/>
                <TextEquiv>
                    <Unicode>arbeitet?</Unicode>
                </TextEquiv>
            </TextLine>
            <TextLine id="tr_1_tl_14" custom="readingOrder {index:13;}">
                <Coords points="1574,2318 1806,2307 1889,2346 2121,2302 2243,2333 2341,2294 2442,2307 2442,2225 2369,2204 2323,2245 2186,2212 2064,2243 1966,2217 1574,2243"/>
                <Baseline points="1588,2296 1597,2296 1642,2296 1687,2296 1731,2296 1776,2296 1821,2293 1866,2293 1910,2293 1955,2290 2000,2290 2045,2290 2090,2287 2134,2287 2179,2287 2224,2287 2269,2287 2314,2287 2358,2287 2403,2287 2448,2290"/>
                <TextEquiv>
                    <Unicode>beiden. Herzlich der Ihre Hugo</Unicode>
                </TextEquiv>
            </TextLine>
            <TextLine id="tr_1_tl_15" custom="readingOrder {index:14;}">
                <Coords points="1612,2491 1630,2488 1651,2493 1656,2488 1677,2504 1682,2498 1692,2504 1703,2498 1713,2504 1718,2498 1741,2498 1741,2405 1723,2408 1703,2398 1669,2418 1664,2413 1646,2421 1628,2413 1612,2416"/>
                <Baseline points="1627,2469 1672,2469 1716,2469 1749,2469"/>
                <TextEquiv>
                    <Unicode>G.F.P.</Unicode>
                </TextEquiv>
            </TextLine>
            <TextLine id="tr_1_tl_16" custom="readingOrder {index:15;}">
                <Coords points="1806,2498 1938,2493 1979,2514 2064,2493 2147,2514 2181,2496 2390,2501 2393,2390 2261,2398 2222,2426 2129,2395 2044,2426 2020,2403 1904,2426 1809,2408"/>
                <Baseline points="1821,2481 1860,2478 1905,2475 1949,2475 1994,2478 2039,2478 2084,2475 2128,2475 2173,2475 2218,2475 2263,2472 2308,2472 2352,2469 2397,2469"/>
                <TextEquiv>
                    <Unicode>Bad Fusch 9/VII 97</Unicode>
                </TextEquiv>
            </TextLine>
            <TextLine id="tr_1_tl_17" custom="readingOrder {index:16;}">
                <Coords points="987,2594 2522,2615 2524,2524 2364,2496 990,2517"/>
                <Baseline points="1000,2582 1003,2579 1048,2579 1092,2579 1137,2582 1182,2579 1227,2582 1272,2579 1316,2579 1361,2579 1406,2576 1451,2576 1495,2576 1540,2576 1585,2573 1630,2573 1675,2573 1719,2573 1764,2573 1809,2573 1854,2570 1899,2570 1943,2570 1988,2570 2033,2570 2078,2567 2122,2567 2167,2567 2212,2567 2257,2564 2302,2564 2346,2564 2391,2564 2436,2564 2481,2564 2526,2561"/>
                <TextEquiv>
                    <Unicode>Danke für Ihren lieben Brief. Ich bin durch aufeinander</Unicode>
                </TextEquiv>
            </TextLine>
            <TextLine id="tr_1_tl_18" custom="readingOrder {index:17;}">
                <Coords points="382,2604 519,2623 661,2607 780,2628 775,2524 726,2527 677,2506 625,2524 550,2509 517,2529 385,2514"/>
                <Baseline points="397,2597 426,2594 471,2591 516,2588 561,2591 606,2588 650,2588 695,2588 740,2588 785,2588"/>
                <TextEquiv>
                    <Unicode>Lieber Arthur.</Unicode>
                </TextEquiv>
            </TextLine>
            <TextLine id="tr_1_tl_19" custom="readingOrder {index:18;}">
                <Coords points="816,2646 915,2635 1227,2641 1227,2589 1005,2597 948,2581 925,2597 884,2581 860,2599 847,2589 816,2599"/>
                <Baseline points="830,2630 874,2630 919,2627 964,2630 1009,2630 1054,2630 1098,2630 1143,2627 1188,2627 1230,2630"/>
                <TextEquiv>
                    <Unicode>und undeutliche</Unicode>
                </TextEquiv>
            </TextLine>
            <TextLine id="tr_1_tl_20" custom="readingOrder {index:19;}">
                <Coords points="382,2716 2346,2692 2447,2679 2449,2599 385,2607"/>
                <Baseline points="397,2687 435,2684 480,2684 525,2684 570,2684 615,2684 659,2681 704,2678 749,2678 794,2678 839,2681 883,2681 928,2681 973,2678 1018,2678 1062,2678 1107,2675 1152,2675 1197,2672 1242,2672 1286,2669 1331,2669 1376,2669 1421,2669 1466,2669 1510,2669 1555,2669 1600,2669 1645,2669 1690,2666 1734,2666 1779,2666 1824,2666 1869,2663 1913,2660 1958,2660 2003,2663 2048,2663 2093,2660 2137,2660 2182,2660 2227,2660 2272,2660 2317,2660 2361,2657 2406,2657 2451,2657"/>
                <TextEquiv>
                    <Unicode>folgende sehr angetvoll Telegramme von Poldy sehr beunruhigt. Er will mich</Unicode>
                </TextEquiv>
            </TextLine>
            <TextLine id="tr_1_tl_21" custom="readingOrder {index:20;}">
                <Coords points="372,2785 2323,2785 2374,2690 372,2731"/>
                <Baseline points="385,2773 409,2773 453,2776 498,2776 543,2776 588,2773 633,2773 677,2773 722,2770 767,2770 812,2770 856,2770 901,2770 946,2770 991,2770 1036,2767 1080,2767 1125,2767 1170,2767 1215,2767 1260,2764 1304,2764 1349,2764 1394,2764 1439,2761 1484,2761 1528,2761 1573,2761 1618,2761 1663,2761 1707,2758 1752,2758 1797,2756 1842,2756 1887,2756 1931,2756 1976,2756 2021,2756 2066,2753 2111,2753 2155,2753 2200,2753 2245,2753 2290,2753 2334,2753 2379,2750"/>
                <TextEquiv>
                    <Unicode>bei sich haben was mir begreiflicherweise aus vielen Gründen sehr schwer</Unicode>
                </TextEquiv>
            </TextLine>
            <TextLine id="tr_1_tl_22" custom="readingOrder {index:21;}">
                <Coords points="380,2894 2323,2881 2325,2780 382,2806"/>
                <Baseline points="394,2869 406,2869 450,2869 495,2869 540,2869 585,2869 630,2866 674,2866 719,2866 764,2863 809,2863 853,2863 898,2863 943,2863 988,2863 1033,2860 1077,2860 1122,2860 1167,2860 1212,2860 1257,2857 1301,2857 1346,2857 1391,2857 1436,2857 1481,2857 1525,2854 1570,2851 1615,2851 1660,2851 1704,2851 1749,2851 1794,2851 1839,2851 1884,2848 1928,2848 1973,2848 2018,2848 2063,2848 2108,2845 2152,2845 2197,2845 2242,2845 2287,2842 2332,2845"/>
                <TextEquiv>
                    <Unicode>fällt. Bitte antworten Sie mir umgehend mit 2 Zeilen ob Sie Ihre Fahrt</Unicode>
                </TextEquiv>
            </TextLine>
            <TextLine id="tr_1_tl_23" custom="readingOrder {index:22;}">
                <Coords points="382,2989 2403,2956 2426,2842 385,2896"/>
                <Baseline points="397,2965 415,2965 459,2965 504,2962 549,2962 594,2962 638,2962 683,2962 728,2962 773,2959 818,2959 862,2956 907,2956 952,2956 997,2956 1042,2953 1086,2953 1131,2953 1176,2953 1221,2950 1266,2950 1310,2947 1355,2947 1400,2947 1445,2947 1489,2947 1534,2947 1579,2947 1624,2947 1669,2944 1713,2944 1758,2944 1803,2941 1848,2944 1893,2944 1937,2941 1982,2941 2027,2941 2072,2941 2117,2938 2161,2938 2206,2938 2251,2935 2296,2935 2340,2935 2385,2932 2430,2929"/>
                <TextEquiv>
                    <Unicode>nach Wien (die doch unvermeidlich scheint, nicht schon in den nächsten</Unicode>
                </TextEquiv>
            </TextLine>
            <TextLine id="tr_1_tl_24" custom="readingOrder {index:23;}">
                <Coords points="388,3093 2447,3036 2002,2958 390,2995"/>
                <Baseline points="403,3057 438,3057 483,3060 528,3057 573,3054 618,3054 662,3054 707,3054 752,3051 797,3051 842,3051 886,3051 931,3051 976,3048 1021,3048 1065,3048 1110,3048 1155,3048 1200,3045 1245,3042 1289,3042 1334,3042 1379,3042 1424,3042 1469,3039 1513,3039 1558,3039 1603,3039 1648,3039 1693,3036 1737,3036 1782,3036 1827,3036 1872,3036 1916,3033 1961,3033 2006,3033 2051,3030 2096,3033 2140,3033 2185,3033 2230,3033 2275,3030 2320,3030 2364,3027 2409,3030 2454,3030"/>
                <TextEquiv>
                    <Unicode>Tagen machen und ihn dabei (Vorderbrühl Liechtensteinstrasse 10) besuchen</Unicode>
                </TextEquiv>
            </TextLine>
            <TextLine id="tr_1_tl_25" custom="readingOrder {index:24;}">
                <Coords points="362,3206 1935,3132 2351,3173 2328,3046 364,3098"/>
                <Baseline points="379,3153 385,3156 429,3153 474,3153 519,3153 564,3153 609,3153 653,3153 698,3153 743,3150 788,3150 833,3147 877,3147 922,3147 967,3147 1012,3144 1057,3144 1101,3144 1146,3144 1191,3141 1236,3141 1280,3141 1325,3138 1370,3138 1415,3138 1460,3135 1504,3135 1549,3135 1594,3135 1639,3135 1684,3135 1728,3135 1773,3132 1818,3132 1863,3132 1908,3129 1952,3126 1997,3126 2042,3126 2087,3129 2131,3129 2176,3129 2221,3126 2266,3123 2311,3123 2355,3123"/>
                <TextEquiv>
                    <Unicode>könnten, ebenso als Arzt wie als Freund. Ich kann mich nicht aus, werde</Unicode>
                </TextEquiv>
            </TextLine>
        </TextRegion>
    </Page>
</PcGts>
