2715 3592
2119 222 2227 312 10
227 278 2304 473 finde ich in den kritischen Studien von Otto Ludwig, aus denen ich hier mit
1849 378 2195 444 dramatischen
235 415 2362 569 Genuss und innerer Freude eine Menge lerne. Ueber Technik des Drama
238 495 2177 674 zum Unterschied vom herrschenden Novellendruna muss überhaupt nächsten
254 611 1423 754 Winter bei Ihnen sehr viel geredet werden.
1402 653 2142 825 Lelex 7. September 92
254 849 391 952 30.
262 823 2269 1032 Fünf Stunden von der Eisenbahn. Keine Zeitung. Mühe. Monsieur le cure qui
259 952 2232 1121 fait des enfants aux jolies paysannes. Der Gendann i Paudore. Die alten
264 1032 2251 1217 Fliegenschimmel des Wirths: Pyrame et Thisbe. Die Hauskatze: Madelaine
270 1156 2243 1317 der Nachttopf : Monsieur Jules, lange grüne Hochplateaus mit Farrnkraut
272 1219 2370 1410 und Jurakalk; dahinter der grosse See und der Montblane und Herr Edouard Rod
278 1309 2291 1486 Gang der Handlung : ich werde behandelt wie der kleine Dauphin beim bösen
283 1404 2301 1587 Schuster Simon. Man giebt mir mehr grüsse und gelbe Chartreuse zu trinken,
291 1513 2349 1706 als einem Steinklopfer und dann muss ich Lieder im Patois lernen und singen
640 1656 1217 1783 Z'ame les bougettess
291 1682 431 1812 Z.B.
645 1756 1087 1867 et les matafans
653 1849 1278 1965 et les dsones feuilles
1494 1846 1915 2026 ( unanständig )
667 1933 1325 2045 Qu'ont lo tetes blancs!
304 1986 2314 2161 Voila ce qu'on apelle se depayser ; siehe Hermann Bahr ges. Werke, passus
344 2076 2246 2248 über die rechte Art in fremden Ländern zu reisen". Dienntag beginnt
317 2153 2187 2343 eigentlich meine Reise in die Provinzen des mittüglichen Frankreich
315 2264 2370 2428 Schreiben Sie bitte zwischen 10 - 16 nach Arles, Bouches - du-Ehone poste
1153 2346 1404 2436 restante
1912 2325 2047 2441 Hugo
1804 2383 2283 2521 Dienstag Nov 92
307 2420 667 2616 X. 67. 33
320 2500 2309 2708 Lieber Doctor. Ich kann leider einer Familienverpflichtung wegen absolut
323 2634 2304 2796 nicht zu Pfob kommen. Samstag gehe ich in "Musotte"; könnten wir nicht
325 2690 2367 2896 miteinander soulierem? Bitte gelegntlich Antwort. Falls Robert Ehrhart da
325 2828 2264 2989 ist, so sagen Sie ihm bitte, dass ich seinen leider wieder verfehlten
331 2923 2076 3089 Besuch wenn er mir nicht abschreibt Donnerstag zwischen 10 - 11
336 3010 2317 3185 ervidern werde, um über die Hovelle zu reden. Ich finde sie sehr gut ge-
341 3095 2251 3267 mqcht und wenn auch ein bisschen vieux jeu, doch im ganzen fertig und
