2681 3727
912 410 2181 559 Von Capitel V bis zum Ende. Aber ich habe diese-
828 531 2277 632 und ichköne es auch begründen. Die Einwäde beginnen
702 542 803 657 ger
2134 573 2451 688 und-Inneres
938 598 2030 738 cht ganz consistent escheint (ihr Aeusse
2184 649 2412 786 müsste
199 682 2044 853 nicht ganz übereistimmend) aber de Haupteinwad geht tiefer.-Aber d
188 783 2375 943 man sich wenn überhaupt mündlich unterhalten. - Vor ein paar Tagen gegen abend
1808 851 2364 988 wieder-nach-einem
194 873 1684 1025 kam ich zurück, wollte mir irgend ein Buch suchen, und
1822 957 2448 1078 —6 Geschichten-mit
205 969 1763 1112 von Ihnen: nach den "Dämmerseelen" ud las dan alle 5-6
2294 988 2414 1056 G.F.P.
211 1036 2465 1204 der grössten Bewunderung, Dieser schwebende Ton und disse bezaubernde-Leichtigkeit
1909 1137 2479 1247 Vielleicht-ist
236 1143 1651 1311 (nicht-ohne-Unheimlichkeit dabei ) gehört wirklich
1836 1221 2493 1336 keine-Gehsuren-austei-
216 1235 1822 1367 dies alles in allem, Ihr meisterhaftetes Buch; aber man sehr
194 1297 2451 1454 len. -xixxx Ich möchte Sie so gern bald wiedeschen. B,Z. sägt mir,-Sie-fahren
208 1407 2426 1595 gern Auto. Kann ich Sie nicht abholen, für einen halben Tag, vor oder nachmittag
219 1496 2403 1673 oder wie es Ihnen passt? Ich brauche nicht zu sagen, dass es mir die grösste
2268 1536 2361 1597 H.S.
202 1589 2428 1755 Freuden machen würde. Rufen Sie vielleicht einmal zwischen 9 - 10 Rodaun Nr 3 an
2313 1623 2420 1713 G.F.P.
1134 1682 2100 1805 Von Herzen Ihr Hugo
2302 1684 2386 1786 G.F.P.
584 1743 744 1800 G.H.F.P.
2120 1676 2201 1800 P.S.
222 1760 1421 1948 ien seÜn.
1628 1763 2131 1889 ne sais pas de cette riviere
2224 1772 2370 1895 G.F.P.
587 1875 755 1979 G.C.F.P.
1140 1845 1600 1976 en lisant
1715 1856 2114 1979 ne sais pas de
988 1940 2117 2058 t xxx xxxe Stoff, hat weisen tiefen, den
935 2044 1623 2159 etzten Schluss gefunden.
960 2125 1721 2252 diese nahe, aber viel reicher
1039 2207 1586 2344 dert, xxx
