2705 3608
2257 342 2379 435 53
270 441 2277 571 Adresse haben. Ich bitte ihn darin zu sagen welchen Tag vor oder nach der
270 532 2357 717 Premiere er hier heraussen mit Ihnen, Hans und uns beiden (sonst niemand
276 604 2332 761 allenfalls die Gräfin Thun wenn sie da ist ) essen will. Es möchte mir eine
270 719 2335 876 grosse Freude machen, ich hoffe es geht zusammen. Vielleicht verabreden Sie
276 819 2373 965 sich mit ihm zum Herausfahren das würde es erleichtern. Ein baldiges anderes
276 899 2409 1045 Mal dann hoffe ich sehr, Sie kommen nachmittag oder abends gemütlich mit Olga
273 989 2414 1171 Ich dürfte wegen Arbeit nicht vor Premiere (armer Heinrich) nach Wien kommen
2340 1091 2434 1182 1818
1455 1091 2020 1221 Von Herzen Ihr Hugo
284 1196 973 1342 207, 208, 209 : Karten,
2037 1262 2277 1364 7/I 03
292 1323 405 1406 210
292 1340 2346 1488 Lieber, die gestrige Sache hat für mich sehr unter der gedrängten Zeit ge-
292 1458 2431 1582 litten. Hier einige Bitte: 1/ wie würden Sie mir raten das Verhältniss zu dem
298 1549 2398 1676 Ottway' schen Stück auf dem Zettel zu bezeichnen? 2/ welche Besetzung der 6
298 1651 2326 1770 grossen Rollen ( 2 Frauen, 2 Männer, 2 Senatoren) schlagen Sie ( mit dem
298 1714 2384 1855 vorhandenen Material) für das Burgtheater vor? Wir wünschen Ihnen und Olga
309 1833 1728 1954 viel Freude für den kleinen Ausflug. Von Herzen Hugo
306 1935 838 2056 211, 212 : Karten,
1990 1987 2266 2106 15/2 903
306 2042 433 2144 213
306 2064 2450 2222 Lieber Pornograph, wir denken es käme darauf an was für ein Verlag Ihr Schmutz
320 2208 2335 2335 werk herausgiebt. Ist es etwa Grimm in Buda - Pest? Dazu würden wir nicht
311 2279 2459 2417 rathen. Ist es aber ein ernster Verlag, die Ausstattung sehr ernsthaft und 8/X
314 2370 2478 2489 anständig (Illustrationen a la Cochelle würden diese Cochonnerie zum Gelächter
317 2453 2420 2594 Europs machen) dann geht es immerhin, denn schliesslich ist es ja Ihr bestes
314 2541 2437 2671 Buch Sie Schmutzfink. Weder ist es so confus, wie das Vermächtinis, noch so
311 2629 2478 2784 glatt wie die Libbelei, noch so snobisch wie in die Beatrice, nach so unsäglich
320 2745 2536 2869 langweilig wie Ihre läppischen Novellen, kurz natürlich sollen Sie es herausgeben
320 2811 2525 2960 unter dem Preudonym Ludasey oder auch unter ihren eigenem, Namen. Aber in ebenzel
320 2935 2078 3051 einer anständigen Form Das ist unsere Ansicht.
328 2996 2464 3148 (anschliessend Brief von Richard) Ob ich es an Ihrer Stelle herausgegeben
317 3131 2426 3258 hätte? Unbedingt, gegen einen beträchtlichen Vorschuss und unter Ihren Namen
