2371 3495
1112 737 1238 856 -7-
595 859 1982 987 Rechte, beides abzüglich der von der Genossenschaft
592 946 1947 1084 deutscher Tonsetzer berechneten Verwaltungskosten
592 1055 1938 1175 und des für deren Unterstützungskasse festgesetz¬
601 1140 1940 1231 ten Betrages. Soweit bei mechanisch-musikalischen
601 1219 1923 1350 Verwertungen der Text nicht verwandt wird, fällt
595 1320 1105 1441 diese Angabe fort.
835 1423 1994 1538 Von den Konzertaufführungen erhält H. den¬
592 1509 1905 1612 jenigen Anteil, den die Genossenschaft deutscher
595 1584 1933 1711 Tonsetzer nach ihren Statuten dem Textdichter ge-
575 1675 779 1793 währt.
1353 1675 1493 1778 G.H.F.P.
700 1765 1991 1882 Von den unter b bezeichneten Beträgen sind
590 1865 1959 1980 vorweg die Provisionen, welche Herr Str. an Agenten
573 1951 1935 2066 für Vermittlung der Aufführungen zu zahlen hat, zu
573 2048 822 2158 kürzen.
840 2139 1949 2244 Wenn die von den Theatern gezahlten Auf-
573 2212 1900 2326 führungstantiemen einen Gesamtbetrag von 250.000
573 2302 1874 2413 Mark erreicht haben, hat H. eine weitere Zahlung
580 2389 1905 2483 von 6500 Mark und eine gleiche Zahlung von jeden
561 2480 1961 2597 weiteren 250.000 Mark Azfführungstantiene zu erhal¬
662 2583 788 2675 ten.
