2695 3547
403 251 521 366 leseurs
1514 315 1845 435 mit so gre
307 326 673 430 Ihres menschl.
1316 414 1834 534 unbegreifliche Phä
1025 422 1258 534 eit für xxx
302 419 726 545 Liebe und so viel
299 507 1701 633 zeitigkeit " erfassen, als Ihr  Huge ersten 10
2016 585 2307 694 Nov 10
1175 598 1752 716 ich in Aussee. Kommt doch
302 590 1185 726 309hann sind wir für viele Wochen
2179 668 2304 772 G.C.F.P.
334 694 2136 793 Mein lieber Arthur, verzeichnet Sie die elende Schlamperei Ihnen bei
2224 724 2443 777 G.C.F.P
2371 756 2456 860 P.S.
302 774 2331 910 Begegnungen das ausgelegte Geld für die 2 Plätze nicht zurückerstattet zu
299 854 2400 969 haben - haben Sie gute Tage in München. Vielleicht verbringen wir doch noch
312 967 2315 1055 vor Weihnachten ein paar Tage auf dem Semmering, das wäre sehr schön.
302 1049 2419 1185 Dass Sie in der Goldmann-sache eine Unannehmlichkeit, die hauptsächlich mich
307 1145 2272 1258 trifft, so stark fühlen, ist mir unendlich wohltunend, und für mich das
312 1247 2392 1359 einzig Reale an der lästigen aber eigentlich wesenlosen Angelegenheit.
2077 1319 2398 1434 ein neues
384 1340 2037 1447 als was von fremden Mund kon Herzen Ihr Hugo
2302 1410 2462 1525 G.F.P.
1501 1412 2315 1541 ich Ihnen meine 22/4 910
304 1404 1509 1533 ZXO, 3X4, 812 an in der Hand. Wie gerne mödte
1778 1477 2032 1535 G.C.H.F.P.S.
1533 1485 1615 1533 G.C.F.P.
307 1506 2414 1618 Natürlich gerne bereit, an Ihrer Seite der alten Dame zudringlich zu huldigen
1073 1615 1821 1730 Von Herzen Ihr Bn Ihr Hugo
2011 1687 2507 1813 Rodaun 13 Juli 910
382 1685 489 1800 13.4
315 1760 2376 1893 Mein lieber Arthur, neulich hatte ich einmal den Gedanken: man wohnt doch
2344 1853 2438 1896 G.H.P.
307 1869 2454 1978 in derselben Stadt - so kann man doch ein Mal wenn man sich wünscht den andern
320 1970 2432 2075 zu sehen, auch Glück haben, ohne erst einen Brief zu schreiben, oder ein Tele-
392 2069 2419 2187 kann zu schicken - und als ich dann bei Euch die Treppe heruntergehen musste,
1832 2133 1965 2184 30/1
403 2157 2270 2251 ich unverhältnismässig traurig. Freilich das Einzelne ist ja immer ein
438 2227 2270 2283 ein lieber, wenn Ihnen auch wie mir inliegender Besetzungsvorschlag
302 2270 2374 2376 Zufall oder ein unbeträchtliches Detail, aber das Ganze macht mich wachsend
1861 2318 1981 2371 Reim
1396 2312 1834 2374 Gerasch, Tod
384 2320 1370 2376 erscheint und die Besetzung Clandic
307 2355 2342 2448 traurig, ich kann mir nicht helfen. Man ist seit 20 Jahren gut miteinander
411 2408 2187 2475 Richtigere, so tun Sie mir den grossen Gefallen und bringen diese
411 2435 2416 2547 ist sich weder fremder, noch uninteressanter, nach weniger lieb geworden,
1850 2496 2123 2558 den unter.
1084 2504 1792 2555 er telephonisch in meinen
406 2504 1065 2558 Ihre Auffassung bei Ber
334 2536 2379 2627 sondern im Gegentheil vielleicht, man gehört demselben Beruf an, man wohnt i
2208 2593 2294 2651 dans les
419 2595 1810 2654 auf diesen Brief vor. Ich finde den Gedanken Tresser
379 2630 2237 2723 iner Stadt- und man verbringt keine 20 Stunden im Jahr miteinander
486 2691 1757 2753 deren zu sehen, scheuselich und möchte das Ganze
336 2691 1776 2836 kir geht es furchtbar ab - Euch Ihnen und Richard offe.
943 2779 1375 2838 an den xxx überflüssigen xxx
553 2779 844 2846 xxx wieder
302 2793 1575 2937 ist ja temperamentssache. Am Lido hatte ich of
892 2876 1103 2937 Monsieur M. P.
326 2886 1431 3033 gehofft, in diesen drei Wochen Juli würden
1007 3014 1356 3108 nicht in meine
326 2977 953 3121 sind Jahre her, dass Sie
