2705 3608
2279 256 2376 356 54
325 306 2357 510 (Der Vorschuss natürlich unter meinem Namen zahlbar) Verstehen Sie also
334 460 1133 598 was wir Ihnen geraten haben?
336 548 970 736 ( Fortsetzung Richard )
2100 601 2392 719 27/IX O3
331 650 637 763 214/, 215
331 703 2489 871 Lieber, ich vergesse nun schon 6 Malf Sie zu erinnern, dass Sie mir die Hhoto-
339 780 2481 948 graphie (die gleiche wie der Bahr sie hat) versprochen haben. Sehr schön war
339 899 2500 1039 es gestern abend in den lieben Zimmern, das Kind, dass Singen und alles zusammen
342 976 2456 1144 Sie können sich vielleicht kaum vorstellen wie sehr einen ein paar Lieder von
350 1089 2475 1238 einer schönen jungen Stimme freuen, wenn man immerfort das Gefühl hat zu wenig
342 1160 2544 1334 Musik zu hören, wie wir. Aber spielen darf sie nicht dabei, es geniert einen i
350 1257 2530 1397 der Erinnerung noch fast mehr wie im Augenblick selbst: und so wunderbar es ist
350 1345 2563 1469 die Reflexe eines Liedes auf der Stirn und in den Augen eines Singenden mehr noch
358 1430 2437 1577 zu fühlen als zu sehen., so sehr verletzt es wirklich die Bescheidenheit der
356 1544 1943 1684 Natur und der Kunst zugleich, wenn man beim Singen agiert.
361 1654 1014 1758 Auf Wiedersehen Damstag
2379 1695 2569 1814 11/XII
361 1728 1282 1910 216, 10, 18, : Karten, 27/8, 221
364 1880 513 1943 221.
372 1885 2511 2031 Das Buch gehört dem Arthur, das Messer der Olga. Hie und da darf aber auch die
372 1979 2514 2133 Olga in dem schönen Buch lesen, nie aber der Arthur mit dem schönen Messer auf-
367 2075 2550 2219 schneiden. Auf Wiedersehen also Montag abend in Euffners BH. Gerty wird auch mit
375 2191 1453 2362 kommen. Nicht nach 8 Uhr Herzlich Hugo
2370 2227 2550 2368 8/XII
372 2301 502 2403 222
383 2351 2550 2489 Lieber, nun sind es wieder vielleicht 4 Wochen, dass man sich nicht gesehen hat!
391 2434 2489 2583 Ist das nicht schad? Und ich konnte diesmal absolut nichts machen als warten
389 2539 2516 2668 da Sie beim letzten Mal bestimmt gesagt hatten, Sie würden herüberkommen. Wenn
383 2643 2550 2753 Ihnen das aber in der ganzen Zeit niemals passte, warum denn kein
386 2737 2596 2855 rendez vous in Hietzing? - Diese Woche bin ich Mittwoch Samstag Sonntag bestimmt
389 2811 2599 2974 nicht frei. Dass Sie auch nie eine Zeile schreiben! Ich habe in der Zwischenzeit
400 2911 2519 3040 " Frau Bertha Garlan“ wieder gelesen mit noch viel intensiveren Vergnügen als
383 2980 2497 3206 das erste Mal, ja mit ungetrübten Genuss. Dieses Buch und das neue Stück sind
