2574 3496
1911 199 2067 314 1891
620 273 1316 448 Correspondenz Schnitzler
330 412 2173 617 Ich danke Ihnen wirklich für Ihren Brief. Sie müssen ihn sehr
238 565 2364 688 schwer geschrieben haben. Ich habe das damals empfunden und empfinde es jetzt
238 661 2364 800 wieder. Damals - um mich, als ich ihn las, standen Robert und Olga Hirschfeld
238 767 2230 879 Schwarzkopf und Boris Fan-junk - berührte es mich wie eine Erinnerung an
229 849 2236 956 Längstvergangenes, Unerreichbar fernes. Sie fragten nach meinen Arbeiten.
232 931 2323 1054 Sie gedachten gemeisamer Pläne. Um mich und in mir waren neue Dinge, Gleiten
224 1037 2315 1160 Plätschern, Rieseln, Auflösung, vages Verschwimmen. Ich kann nicht arbeiten.
224 1130 2293 1239 Heute so wenig als damals. Noch weniger vielleicht. Ich gleite, ich treibe.
227 1231 2162 1338 Kein Gedanke crystallisiert sich und es wird kein Vers. Ich kann nicht
232 1299 2293 1433 weiterdenken als Stunden. Aber mir ist wohl, wechselnd wohl. Ich fühle mich
232 1398 2280 1523 wachsen. Wollt Ihr mich zwingen, müsst ich verzweifeln, abwartend sehe ich
265 1474 360 1521 G.C.F.P
221 1493 2411 1635 mit fluthen zu und empfinde ein glückliches Mich-bescheiden, das gute Schwester-
227 1594 2315 1693 gefühl zur Resignation. Wäre nur mehr Sonne. So der bin ich verschnupft und
311 1657 470 1709 P.S.
218 1682 2391 1794 krank möcht ich nicht werden, denn ich kann jetzt das Alleinsein nicht brauchen
229 1785 2293 1895 Wann Sie vielleicht in der Kunstohronik meinem Salzburgbericht begegnen, so
221 1873 2310 1985 lassen Sie sich von mir ein paar Vorworten sagen. Ich habe dort in 4 Tagen
221 1963 2230 2069 und 2 Nächten die concentrierteste Menge von Eindrücken zusammengetrunken
216 2064 2252 2165 die mein Nervensystem überhaupt vorläufig erträgt. Den Bericht habe ich in
188 2129 2282 2255 vollständigem Halbschlaf geschrieben in dem seltsamen Zustand wo das Gehirn
205 2239 2280 2359 lose Bilder, Gesprächsteile der letzten Nacht mit schmerzender Deutlichkeit
207 2326 2219 2427 bis zum Ekel reproduciret. Wenn der Bericht überhaupt deutsch ist (ich
308 2386 500 2441 G.H.F.D.
199 2422 2274 2514 habe ihn noch nicht bekommen) dann schläft in mir ein unbewusster Reporter
210 2503 2258 2604 qui parfois se reveille, wie Ste Beuve sagt. Dr Hoffmann hat mir auf einen
205 2588 2274 2705 4 seitenlangen Brief nach Wien nicht geantwortet; ich habe ihm nach Markt-
202 2705 1870 2798 Aussee (??) geschrieben, er soll doch zum Teufel hierher
194 2779 931 2921 kommt er denn nicht?!!
1308 2790 2263 2907 er nichts und hoffe dass das Comitee in den
751 2894 898 3003 Gege
1291 2891 1616 3017 Während der in
1826 2891 2001 2995 gefahrt
2026 2894 2105 3008 Druck
592 2989 977 3107 schreibe ich.
