2715 3592
1620 178 1830 349 Seite
1953 258 2381 397 13 21/4 93
1713 322 1899 424 1:4:
296 341 376 432 47
282 325 2251 517 Lieber Arthur, ich finde das Benehmen des Fels nicht ganz verständlich
357 474 2291 602 .... Ich werde mit meinem Einaster Sonntag fertig und möchte dass
293 546 2371 698 wir den Nachmittag 4-9 miteinander verbringen, Land oder Stadt, damit ich
293 658 2227 783 ihn vorlesen kann, natürlich nur unter uns 5 ( die Hex mitgerechnet)
296 746 2384 876 Bei dieser Gelegenheit besprechen wir wohl am besten das unmittelbar nöthig
1628 842 1891 956 Ihr Hugo
306 852 1385 980 ste in der eckelhaften obigen Affaire
304 946 655 1058 46, 40  50
309 1012 1875 1145 (Ein paar Sätz teils Stenogramm mit Angabe" zur Familie)
597 1113 1319 1236 Mon cher confrere.
317 1148 408 1236 51
317 1204 2349 1327 Monsieur Richard Mandl a bien fait de vous transmettre l'expression de la
317 1295 2275 1420 sincere et confraternelle admiration aveo laquelle nous avons accueilli
317 1390 2379 1497 vos vers naifs et charmants. - - Raunis en un petit groupe d'artistes assez
317 1478 2355 1598 defiants et assez hautains, nous avions tous envie, de vous serrer la main
320 1585 2331 1694 et de vous dire, combien vous nous sembliez poste, vrai poete, rare poete
320 1675 2251 1774 Le volume que vous me faites esperer, ne pourra trouver nulle part des
312 1763 2392 1878 lecteurs mieux disposés a en subir tout le charme, a en gouter les
320 1851 2461 1966 delicates et freles beautes. - - Agreez, monsieur l'assurance de ma sympathie
1534 1942 1913 2070 Vienne le..
322 1958 1068 2070 litteraire la plus marquée
312 2027 511 2160 62 53
317 2126 2328 2243 Lieber Arthur! Der arme Rudolf Schwarzkopf ist heute in Meran gestorben.
325 2230 2192 2339 Gustav begräbt ihn dort. Max ist hier. Es ist sehr traurig. Hugo
1811 2301 2309 2427 Bad Fusch 19/VII
317 2333 421 2432 54
322 2405 2307 2528 Lieber Arthur.  Richrads Bericht von dem "Abschiedssouper" war recht
336 2483 2331 2587 unerfreulich; er scheint mit der gewissen Hellsichtigkeit der Autoren jde
325 2579 2299 2672 Mücke als Elementen empfunden zu haben; wie es wirklich war, weiss ich
325 2648 2293 2762 natürlich nicht, jedenfalls ist die überaus freundliche, gewissermassen
341 2752 2272 2840 respectvolle Notiz in der "Neuen Fr Presse sehr erfreulich und nützt
1079 3093 1175 3204 Cette
