2716 3607
2140 287 2301 466 29
913 332 1129 461 V. P.
316 366 1990 548 damit er nervöse Bekennungen u.dgl als solche erkennen kann.
305 492 2085 658 Bin wohl und hätte gern Nachricht von Ihnen bis 5 August hierher
2114 555 2343 679 Ihr Hugo
1695 582 2016 698 Herzlichst
992 700 1287 819 Telegramm
316 758 450 837 101
324 763 2274 927 Bitte inständig Andrian unbedingt heute abnads 9 Uhr Habsburgergasse 5
321 853 2253 1003 besuchen und ihm zu helfen suchen, sonst müsste ich nach Wien  Hugo
1493 1050 2243 1171 26/VIII Varese per Milano
321 1103 442 1206 102
1798 1124 2217 1245 Hotel d'Italie
334 1203 2314 1372 Mein lieber Arthur, ich bin so zufrieden und glücklich wie glaub ich in
340 1298 2456 1466 meinem Leben nicht, ganz überschwemmt von Plänen und Halbfertigem. Vielleicht
340 1416 2214 1553 hör ich etwas von Ihnen, ich bleibe bis 10 September hier. Ihr Hugo
334 1516 1643 1643 Ich dank Ihnen herzlich für vieles wegen Poldy.
1587 1648 2196 1772 Hinterbrühl 9/X 97
347 1716 466 1819 103
347 1730 2422 1869 Mein lieber Arthur. Ihr Gesicht ist mir neulich schon von der Loge aus sehr
355 1830 2419 2011 ernst und traurig erschienen, ich bin dann zum Richard gegangen, er hat mir
358 1922 2469 2101 alles erzählt und deshalb hab ich Ihnen unter den vielen fremden Menschen nur
1474 2014 1630 2072 weiss
361 2022 2351 2180 die Hand gegeben und nichts gesagt. Ich xxxx Ihnen nichte tröstliches zu
361 2127 2332 2269 sagen, und ob Ihnen meine Zuneigung und Anhänglichkeit irgend eine wirk-
358 2219 2401 2375 liche Freude macht, weiss ich nicht, deshalb will ick nicht davon sprechen
361 2301 2475 2453 Ich hoffe von Herzen, dass Sie bald wieder, oder schon weder arbeiten können
363 2411 2351 2548 Ib werde wohl die nächste Woche nach Wien kommen und hätte Ihnen und dem
361 2501 2045 2625 Richard wenn Sie beide aufgelegt sind, recht viel vorgelesen.
1229 2582 1840 2711 Herzlichst Ihr Hugo
1822 2646 2106 2796 12/X 97
361 2696 482 2830 103
355 2756 2367 2919 Mein lieber Arthur. Ich bin von morgen Mittwoch abend in Wien. Falls Sie
376 2859 2277 3004 sich zu einer Kainz Vorstellung einen Sitz nehmen und noch Zeit haben
379 2956 2330 3085 einen gleichen für mich zu nehmen, bitte thuen Sie es und schreiben mir
374 3048 2280 3201 vielleicht eine Zeile wo ich Sie fürs Theater abholen kann  Ihr Hugo
374 3172 706 3314 10, 1###
