2711 3578
2150 233 2275 337 16
286 291 2420 527 ein sehr armer Dichter bin. Vielleicht Paroket ganz rückwärts. Ich komme aber
286 433 2166 599 trotzdem nach 5 zu Ihnen. Wir soupieren dann zusammen, nicht wahr?
1535 540 2064 663 Herzlich Ihr Hugo
1733 642 2086 765 20 [1] 94
291 671 882 805 xx St. St St 86 Tg
302 725 2307 909 Lieber, Sterben, absolut keine Punkte. Besser Hovelle als Erzählung am
313 818 2278 992 besten einfach " von A.S." Bitte hat Ihnen Stern wegen Generalprobe was
1500 938 1647 1048 Hugo
310 976 725 1099 sagen lassen?
1896 997 2174 1115 xx29/xxat
1922 1080 2200 1195 23/IV 95
495 1088 591 1227 69
433 1126 527 1254 70
310 1171 2364 1342 Mein lieber Arthur. Ich mache die besten Fortschritte, fahr jeden Tag nach
332 1251 2257 1422 Schönbrunn oder Döbling und kann schon 1½ Stunden ohne Ermüdung gehen.
318 1340 2342 1511 Morgen bin ich durch Familie occupiert. Uebermorgen will ich schon in der
1310 1444 1548 1505 dort das
332 1465 2225 1607 Früh zur Tini fahren, vielleicht, xxxx xxx Märchen fertig schreiben
332 1540 2358 1717 oder wenn das schon fertig wäre, eine Geschichte des Actäon anfangen. Ich
337 1615 2385 1805 habe dem Richard geschrieben ob er mir nicht nachfahren will. Es wäre sehr
340 1701 2492 1888 schön wenn Sie mit ihm sich über so was einigen würden. Den Nachmittag könnten
350 1807 2396 1965 wir dann wo anders hin von der Brühl aus. Jedenfalls rechne ich darauf mit
350 1912 2152 2069 Ihnen in der nächsten Woche mindestens einen Abend zu verbringen.
1000 2024 1578 2144 Herzlichst Ihr Hugo
2037 2040 2289 2198 23/6 95
1505 2099 1864 2219 Wien Sonntag
350 2099 532 2257 7x 72
356 2176 2286 2334 Lieber Arthur. Das war so freundlich von Ihnen mir die 2 französischen
353 2275 2377 2444 Zeitungen zu schicken, in meiner öden Existenz macht mir so etwas solche
361 2358 2305 2537 Freude. - Ich bin erst heute früh angekommen, weil gestern Nachtübung
361 2460 2337 2626 war. Heut sind Sie m Land und so werd ich Sie nicht mehr sehen bis zum
358 2556 2382 2714 Herbst. Ich freu mich sehr auf den Herbst. Leben Sie wohl und denken Sie
369 2655 2318 2813 dass mich Briefe noch nie so gefreut haben. Herzlichst Hugo
1874 2741 2471 2877 Göding 17/7 11Uhr 95
380 2845 2430 3011 Es macht mir eine merkwürdige Freude, diesen Brief in Gedanken nachzugehen
388 2944 2414 3107 Ich habe voriges Jahr sehr glücklich vor mich hingelebt, von den Tagen in
388 3053 1952 3208 Salzburg bis in den September fühle ich in Zurückdenker
