2659 3464
286 192 2306 381 weil Ihnen ja doch mein Schweigen aufgefallen sein muss. Jetzt macht es
281 359 2308 489 mir gar nichts entweder jemals darüber zu reden, oder doch zu reben, wenn
284 443 2387 578 es sich einmal ergiebt - Ich bin so begierig was Sie machen. Bitte schreiben
292 535 2365 664 Sie ein paar Zeilen, oder es schreibt vielleicht Olga an Gerty. Von Herzen
1982 580 2225 656 Ihr Hugo
292 634 2298 775 P.S. habe, nur uner vielen Büchern auch von Ihnen etwas mitzuhaben, den
764 753 905 813 nicht xxx
348 764 554 826 e nicht
351 721 2263 875 Einsamen Weg " mitgenommen und hier auf einem Spaziergang mit grosser
1058 832 1493 902 nen Unternehmen
764 848 953 907 diesen
305 842 2346 959 Freude vom Anfang bis zum Ende gelesen. Es ist doch für eine zweite Epoche
319 859 508 918 G.C.H.F.P.
1385 923 1547 996 as the
678 942 918 1002 zusammen
313 915 2379 1048 Ihres Schaffens ebenso schön und bedeutend als "Liebelei" für eine erste.
1701 975 2468 1115 Blei für seine Zeitschrift
1075 1023 1269 1083 elleich
734 1029 1042 1094 anschauen,
405 1029 567 1099 Mnts.
310 1077 1282 1145 Unsere Adresse Sils Maria Alpenrose
1671 1083 1812 1210 receu
1833 1099 1941 1207 G.H.F.P.
1336 1088 1593 1210 bitte ich
967 1120 1066 1212 G.F.P.
305 1123 545 1210 schicken.
1952 1085 2276 1212 14/IX 08
305 1180 424 1237 295
1115 1185 1323 1266 rechzules
308 1188 2416 1323 Mein lieber Arthur, ich war sehr froh aus Ihrem Brief und noch ausführlicher
310 1223 432 1282 G.H.F.P.
1010 1304 1161 1372 Braun
837 1307 940 1361 S.H.F.P
319 1312 572 1374 se mamass
319 1285 2344 1418 durch Wassermanns Bericht zu erfahren, einen wie guten friedlichen und er-
310 1374 2403 1507 füllten Sommer Sie gehabt haben. Der meinige war vom August ab nicht ganz so
675 1493 775 1552 G.H.F.P.
319 1501 402 1555 G.F.P.
316 1469 2357 1596 gut. Ich habe von der Luft im Engadin, die mir nicht zuträglich war, eine
418 1588 610 1642 zurückte
308 1550 2384 1698 Nervendepression mitgetragen, oder Nervenirritation die besonders peinlich
324 1650 2433 1817 war, solnage sie sich sozusagen latent mit der normalen Existenz mitschleppte
321 1766 2433 1860 und die schliesslich zu einer ziemlich peinlichen Art von Krise führte, damit
310 1858 402 1925 vrare
321 1844 2346 1958 aber auch abzuklingen anfing, so dass ich nun hoffen kann den letzten Act
316 1952 505 2012 G.C.H.F.P
321 1933 2368 2049 der Comödie entweder hier oder auf dem Semmering oder in Rodaun mit so viel
1120 2036 1202 2087 G.H.F.P
324 2017 2406 2144 Freiheit und Munterkeit zu Ende zu bringen als er seiner Natur nach braucht.
691 2133 945 2192 Landschaff
510 2120 2390 2233 Ich habe damals, als es mir ananständig erschien, ein negatives Ver-
637 2228 753 2279 angueur en
850 2225 945 2276 assi
324 2214 2390 2325 hältnis zu einer Ihrer Arbeiten zu verschleiern, den Ausdruck" verstören
321 2317 2373 2419 gewählt, weil er mir keine Kritik zu enthalten sondern nur eine subjective
329 2416 2395 2516 Verfassung des Lesers auszumalen schien. Aus Ihrem Brief sah ich dann, dass
421 2500 805 2562 h lieber Arthur
329 2473 2495 2600 das Wort leider Gottes für Sie doch eine offensiven Beiklang gehabt hatte. Wenn
1277 2578 1477 2641 gezehnte
945 2587 1056 2646 nac
389 2592 778 2646 sehr wünsche ich
338 2573 2368 2700 Je ein Mensch in den andern hineinschauen könnte, wenn Sie in mich hinein-
405 2689 516 2751 Grunde
338 2676 2444 2789 schauen könnten im Augenblick wo ich etwas allein auf einem Spaziergang oder
653 2781 802 2838 an des
437 2778 578 2843 welscher
338 2770 2457 2881 in meinem Zimmer an Sie denke, an Sie, worunter ich hier ein Gesamtwesen aus
594 2870 726 2938 and f
813 2873 905 2932 mich
338 2867 2416 2989 dem lieben guten Menschen und dem geistigen Phantom das hinter den Arbeiten
532 2975 648 3043 habt
329 2967 2400 3127 steht, begriffe - so wäre die Möglichkeit, dass ein Wort von mir Ihnen auch
