2705 3608
2309 228 2406 316 52
283 316 2378 530 2 Stunden nach Rom. Leben Sie und die Ihrigen wohl. Hoffentlich arbeiten Sie
289 494 697 608 viel und schön
1970 533 2126 622 G.C.H.F.P
286 588 597 694 20/2, 203
919 616 2428 796 Reclameheld! der die Welt zwar nicht durch seine Werke
291 677 669 799 Ansichtskarte
289 774 2320 882 aber jedes Jahr durch Scandal in Athem hält. Wo sind Sie eigentlich? Dem
294 844 1626 955 Wiener Sumpfboden entsprungen Schwindelschlänge!
1912 888 2295 1079 Rom 23/X 902
291 1021 405 1124 204
289 1085 2439 1177 Lieber, ich danke Ihnen herzlich für Ihre Karte und noch mehr für den früheren
294 1171 2409 1315 lieben und guten Brief, der mir damals in einem Moment, wo mich selbst Goethe
300 1276 2456 1388 in Stich gelassen hat, ungemein wohl getan hat. Ich bin die ersten 14 Tage hier
294 1349 2356 1487 in einer sinnlosen Depression und Hilflosigkeit herumgelaufen. Plötzlich am
291 1429 2386 1554 Morgen des 15 ten hab ich gefühlt, dass etwas von mir da ist. Und zwar nicht
297 1512 2409 1646 das" Leben ein Traum", nicht die "Elektra" sondern ein anderer Stoff, den
1030 1618 1185 1679 recht
302 1634 2395 1757 ich mir einmal flüchtig zusammen gelegt hatte, gleichfalls nach einem älteren
308 1698 2409 1859 Vorbild. Seither hab ich meinen Arbeitstisch, der je nach dem Wetter entweder
302 1826 2300 1940 auf dem flachen Dach oder in meinem Zimmer steht kaum mehr viel verlassen
308 1893 2370 2015 und heute den ersten Act, den weitaus längsten mit 695 Versen abgeschlossen.
300 1998 2409 2123 Kommt von aussen nichts Schlimmes, so gelieb ich fast sicher gegen Ende Novem-
311 2076 2475 2201 ber mit dem Stück fertig zu sein. Lassen Sie mich nicht ohne einige Nachrichten
311 2189 2423 2314 auch über Ihre Arbeit. In solchen glücklicheren Tagen empfinde ich das freund-
300 2295 2045 2406 liche solcher lieber Briefe doppelt stark Von Herzen Ihr Hugo
308 2353 2445 2486 P.S. Wir müssen wieder eine Radtour zusammen machen! Eisenstein wird das Exem-
302 2470 1196 2584 plar von Tod d T an Sie schicken
1931 2517 2262 2650 23/III O2
297 2564 524 2689 205 206
294 2622 2364 2761 Lieber, ich musste Venedig wegen unerträglicher Kälte in ungeheizten Zimmer
311 2731 2428 2844 aufgeben. Ich bringe mit I und II Act definitives fertig (beide sehr lang)
2328 2789 2464 2853 schon
311 2847 2445 2936 vom III, IV und V welche jeder sehr kurz vorden müssen, bedeutende Theile
300 2930 2306 3014 ausgeführt, den Best könnte ich hoffen hier in drei Wochen zu machen - -
297 3005 2531 3139 Beiliegendes an Hauptmann bitte ich Sie neu zu adressieren falle Sie eine bessere
