<?xml version="1.0" encoding="UTF-8" standalone="yes"?>
<PcGts xmlns="http://schema.primaresearch.org/PAGE/gts/pagecontent/2013-07-15" xmlns:xsi="http://www.w3.org/2001/XMLSchema-instance" xsi:schemaLocation="http://schema.primaresearch.org/PAGE/gts/pagecontent/2013-07-15 http://schema.primaresearch.org/PAGE/gts/pagecontent/2013-07-15/pagecontent.xsd">
    <Metadata>
        <Creator>prov=READ-COOP:name=TrHtr:version=2.1.0:model_id=51170:date=25_07_2023_07:01</Creator>
        <Created>2023-05-01T21:58:48.556+02:00</Created>
        <LastChange>2023-07-25T07:01:02.075+02:00</LastChange>
        <TranskribusMetadata docId="1416440" pageId="54946754" pageNr="37" tsid="130586981" status="IN_PROGRESS" userId="64420" imgUrl="https://files.transkribus.eu/Get?id=XBCGKLDYFHEOLKBRAEGDUVGS&amp;fileType=view" xmlUrl="https://files.transkribus.eu/Get?id=CYRUOUDLQCAXOZUVWEBCBKLL" imageId="44450839"/>
    </Metadata>
    <Page imageFilename="1416440_0037.jpg" imageWidth="2716" imageHeight="3607">
        <ReadingOrder>
            <OrderedGroup id="ro_1711831037562" caption="Regions reading order">
                <RegionRefIndexed index="0" regionRef="tr_2"/>
                <RegionRefIndexed index="1" regionRef="tr_1"/>
            </OrderedGroup>
        </ReadingOrder>
        <TextRegion id="tr_2" custom="readingOrder {index:0;}">
            <Coords points="337,365 2436,365 2436,1529 337,1529"/>
            <TextLine id="tr_2_tl_1" custom="readingOrder {index:0;}">
                <Coords points="1666,475 1698,485 1753,475 1774,488 1845,475 1864,488 1922,482 1922,356 1830,351 1801,372 1779,356 1772,364 1756,351 1719,351 1695,372 1666,366"/>
                <Baseline points="1681,421 1704,418 1749,415 1794,415 1839,418 1884,418 1928,418"/>
                <TextEquiv>
                    <Unicode>Ihr Hugo</Unicode>
                </TextEquiv>
            </TextLine>
            <TextLine id="tr_2_tl_2" custom="readingOrder {index:1;}">
                <Coords points="330,472 1521,451 1555,324 1186,316 912,398 738,353 556,406 501,366 417,398 330,366"/>
                <Baseline points="343,447 349,444 394,444 438,444 483,444 528,441 573,441 618,438 662,438 707,438 752,438 797,438 842,438 886,435 931,432 976,432 1021,432 1065,432 1110,429 1155,429 1200,429 1245,429 1289,426 1334,426 1379,426 1424,424 1469,424 1513,424 1558,426"/>
                <TextEquiv>
                    <Unicode>es Ihnen recht ist, ich freu mich so darauf.</Unicode>
                </TextEquiv>
            </TextLine>
            <TextLine id="tr_2_tl_3" custom="readingOrder {index:2;}">
                <Coords points="1735,620 1914,622 2017,593 2072,638 2130,649 2333,630 2338,490 2125,504 2051,485 1988,522 1740,498"/>
                <Baseline points="1749,603 1761,603 1806,600 1851,600 1896,597 1940,597 1985,597 2030,597 2075,594 2120,594 2164,591 2209,591 2254,588 2299,585 2343,582"/>
                <TextEquiv>
                    <Unicode>Czortkow 12 Juli 98</Unicode>
                </TextEquiv>
            </TextLine>
            <TextLine id="tr_2_tl_4" custom="readingOrder {index:3;}">
                <Coords points="330,646 343,646 361,659 374,656 388,643 401,646 409,638 419,641 446,625 459,625 461,559 446,559 435,546 424,551 419,543 411,551 401,548 380,562 359,548 335,551"/>
                <Baseline points="343,636 373,633 418,630 462,630"/>
                <TextEquiv>
                    <Unicode>119</Unicode>
                </TextEquiv>
            </TextLine>
            <TextLine id="tr_2_tl_5" custom="readingOrder {index:4;}">
                <Coords points="322,746 2017,688 2233,736 2328,728 2330,630 1292,596 324,675"/>
                <Baseline points="337,722 367,722 412,719 456,719 501,719 546,716 591,716 636,713 680,713 725,713 770,713 815,713 859,713 904,710 949,710 994,707 1039,707 1083,707 1128,704 1173,704 1218,704 1263,704 1307,701 1352,701 1397,701 1442,701 1486,698 1531,698 1576,698 1621,695 1666,698 1710,695 1755,692 1800,692 1845,689 1890,689 1934,689 1979,689 2024,686 2069,686 2114,686 2158,683 2203,683 2248,680 2293,677 2337,677"/>
                <TextEquiv>
                    <Unicode>Mein lieber Arthur,es tut mir so leid, dass Sie schon wieder verstimmter</Unicode>
                </TextEquiv>
            </TextLine>
            <TextLine id="tr_2_tl_6" custom="readingOrder {index:5;}">
                <Coords points="330,833 2178,775 2278,844 2346,741 330,762"/>
                <Baseline points="343,812 382,812 426,812 471,809 516,809 561,809 606,809 650,809 695,806 740,806 785,806 830,803 874,803 919,803 964,803 1009,800 1054,800 1098,797 1143,797 1188,797 1233,797 1277,794 1322,794 1367,794 1412,791 1457,794 1501,791 1546,791 1591,788 1636,788 1681,788 1725,785 1770,785 1815,785 1860,785 1905,782 1949,782 1994,779 2039,779 2084,779 2128,776 2173,776 2218,773 2263,773 2308,770 2352,773"/>
                <TextEquiv>
                    <Unicode>sind als früher, ich kann mirs fast nicht erklären, wenn ich an Ihr Leben</Unicode>
                </TextEquiv>
            </TextLine>
            <TextLine id="tr_2_tl_7" custom="readingOrder {index:6;}">
                <Coords points="332,912 2064,878 2272,925 2275,841 1990,786 335,849"/>
                <Baseline points="349,901 355,901 400,901 444,904 489,901 534,901 579,901 624,898 668,898 713,898 758,895 803,895 848,895 892,895 937,892 982,892 1027,892 1071,892 1116,892 1161,889 1206,889 1251,886 1295,886 1340,886 1385,883 1430,883 1475,883 1519,883 1564,883 1609,880 1654,880 1698,880 1743,880 1788,877 1833,877 1878,874 1922,874 1967,871 2012,871 2057,871 2102,871 2146,868 2191,868 2236,868 2281,868"/>
                <TextEquiv>
                    <Unicode>denk. Es tut mir so leid, dass wir uns jetzt noch nicht sehen können,</Unicode>
                </TextEquiv>
            </TextLine>
            <TextLine id="tr_2_tl_8" custom="readingOrder {index:7;}">
                <Coords points="340,1012 1898,1002 2265,970 2267,920 340,944"/>
                <Baseline points="355,994 391,994 435,994 480,991 525,991 570,988 615,988 659,988 704,988 749,988 794,985 839,985 883,985 928,982 973,982 1018,982 1062,982 1107,979 1152,979 1197,979 1242,976 1286,976 1331,976 1376,976 1421,976 1466,973 1510,973 1555,973 1600,973 1645,970 1690,970 1734,970 1779,970 1824,967 1869,967 1913,964 1958,964 2003,964 2048,964 2093,961 2137,961 2182,958 2227,958 2272,958"/>
                <TextEquiv>
                    <Unicode>vieleicht möcht's dann ein bisserl besser werden. Wenn das die Glümer</Unicode>
                </TextEquiv>
            </TextLine>
            <TextLine id="tr_2_tl_9" custom="readingOrder {index:8;}">
                <Coords points="330,1120 2286,1068 2286,994 1943,978 332,1018"/>
                <Baseline points="343,1086 367,1086 412,1083 456,1083 501,1083 546,1080 591,1080 636,1080 680,1080 725,1077 770,1077 815,1077 859,1077 904,1074 949,1074 994,1074 1039,1071 1083,1071 1128,1071 1173,1071 1218,1068 1263,1068 1307,1068 1352,1068 1397,1068 1442,1065 1486,1065 1531,1062 1576,1062 1621,1062 1666,1062 1710,1060 1755,1060 1800,1057 1845,1057 1890,1057 1934,1057 1979,1057 2024,1054 2069,1054 2114,1051 2158,1051 2203,1051 2248,1048 2293,1051"/>
                <TextEquiv>
                    <Unicode>lesen möcht! Dem Richard ha ich einen sehr langen eindringlichen Brief</Unicode>
                </TextEquiv>
            </TextLine>
            <TextLine id="tr_2_tl_10" custom="readingOrder {index:9;}">
                <Coords points="330,1213 2399,1163 2399,1102 2204,1073 332,1123"/>
                <Baseline points="346,1182 391,1179 435,1176 480,1173 525,1173 570,1173 615,1173 659,1173 704,1170 749,1170 794,1170 839,1167 883,1167 928,1164 973,1164 1018,1164 1062,1164 1107,1164 1152,1164 1197,1161 1242,1161 1286,1161 1331,1158 1376,1158 1421,1155 1466,1158 1510,1155 1555,1155 1600,1155 1645,1155 1690,1152 1734,1152 1779,1152 1824,1149 1869,1152 1913,1149 1958,1149 2003,1146 2048,1146 2093,1143 2137,1143 2182,1143 2227,1140 2272,1140 2317,1140 2361,1137 2406,1143"/>
                <TextEquiv>
                    <Unicode>geschrieben, dass er mit uns kommen soll. Ich wär unaussprechlich froh wenn</Unicode>
                </TextEquiv>
            </TextLine>
            <TextLine id="tr_2_tl_11" custom="readingOrder {index:10;}">
                <Coords points="340,1294 1534,1255 1814,1331 2254,1302 2365,1199 340,1221"/>
                <Baseline points="355,1269 400,1269 444,1269 489,1266 534,1266 579,1263 624,1263 668,1263 713,1263 758,1263 803,1263 848,1260 892,1260 937,1257 982,1257 1027,1257 1071,1257 1116,1254 1161,1254 1206,1251 1251,1251 1295,1251 1340,1251 1385,1248 1430,1248 1475,1248 1519,1248 1564,1248 1609,1248 1654,1245 1698,1245 1743,1245 1788,1242 1833,1245 1878,1242 1922,1242 1967,1239 2012,1239 2057,1239 2102,1236 2146,1236 2191,1233 2236,1233 2281,1233 2326,1233 2370,1233"/>
                <TextEquiv>
                    <Unicode>das zusammengienge. Lassen Sie mich nicht lang ohne irgend eine Nachricht.</Unicode>
                </TextEquiv>
            </TextLine>
            <TextLine id="tr_2_tl_12" custom="readingOrder {index:11;}">
                <Coords points="1018,1366 1112,1387 1173,1363 1210,1384 1276,1360 1405,1373 1445,1358 1474,1384 1513,1355 1582,1358 1582,1276 1453,1257 1318,1286 1271,1268 1221,1292 1018,1281"/>
                <Baseline points="1033,1346 1048,1346 1092,1346 1137,1346 1182,1346 1227,1346 1272,1346 1316,1343 1361,1343 1406,1340 1451,1340 1495,1340 1540,1343 1585,1340"/>
                <TextEquiv>
                    <Unicode>Von Herzen Ihr Hugo</Unicode>
                </TextEquiv>
            </TextLine>
            <TextLine id="tr_2_tl_13" custom="readingOrder {index:12;}">
                <Coords points="1967,1545 2040,1521 2159,1532 2183,1516 2214,1529 2270,1518 2301,1555 2383,1566 2428,1547 2431,1431 2341,1416 2278,1384 2196,1426 2040,1410 1969,1434"/>
                <Baseline points="1985,1519 1988,1516 2033,1516 2078,1513 2122,1513 2167,1513 2212,1513 2257,1513 2302,1513 2346,1507 2391,1504 2436,1504"/>
                <TextEquiv>
                    <Unicode>Czortkow 19/198</Unicode>
                </TextEquiv>
            </TextLine>
        </TextRegion>
        <TextRegion id="tr_1" custom="readingOrder {index:1;}">
            <Coords points="352,1493 2460,1493 2460,3219 352,3219"/>
            <TextLine id="tr_1_tl_1" custom="readingOrder {index:0;}">
                <Coords points="340,1571 353,1571 369,1587 377,1579 390,1579 398,1587 419,1587 432,1576 456,1574 453,1489 435,1489 409,1479 398,1468 385,1479 337,1476"/>
                <Baseline points="355,1546 400,1543 444,1546 462,1546"/>
                <TextEquiv>
                    <Unicode>120</Unicode>
                </TextEquiv>
            </TextLine>
            <TextLine id="tr_1_tl_2" custom="readingOrder {index:1;}">
                <Coords points="335,1687 2457,1648 2420,1545 2064,1566 1824,1489 1329,1569 337,1569"/>
                <Baseline points="352,1633 355,1633 400,1633 444,1633 489,1633 534,1630 579,1630 624,1630 668,1630 713,1627 758,1627 803,1627 848,1630 892,1627 937,1627 982,1627 1027,1624 1071,1624 1116,1621 1161,1621 1206,1621 1251,1618 1295,1618 1340,1621 1385,1621 1430,1618 1475,1621 1519,1618 1564,1618 1609,1615 1654,1615 1698,1615 1743,1615 1788,1612 1833,1612 1878,1609 1922,1609 1967,1609 2012,1609 2057,1609 2102,1609 2146,1606 2191,1606 2236,1606 2281,1606 2326,1606 2370,1603 2415,1603 2460,1600"/>
                <TextEquiv>
                    <Unicode>Mein lieber Arthur, es wäre mir eine sehr grosse Freude wenn Sie meine Eltern</Unicode>
                </TextEquiv>
            </TextLine>
            <TextLine id="tr_1_tl_3" custom="readingOrder {index:2;}">
                <Coords points="340,1769 1982,1706 2230,1756 2433,1716 2436,1653 343,1682"/>
                <Baseline points="355,1725 382,1725 426,1725 471,1722 516,1722 561,1722 606,1722 650,1722 695,1722 740,1719 785,1719 830,1719 874,1716 919,1716 964,1716 1009,1716 1054,1713 1098,1713 1143,1713 1188,1713 1233,1713 1277,1710 1322,1710 1367,1713 1412,1710 1457,1710 1501,1710 1546,1707 1591,1707 1636,1707 1681,1704 1725,1704 1770,1704 1815,1704 1860,1704 1905,1701 1949,1701 1994,1701 2039,1701 2084,1698 2128,1698 2173,1698 2218,1698 2263,1698 2308,1698 2352,1696 2397,1693 2442,1696"/>
                <TextEquiv>
                    <Unicode>besuchen würden. Sie sind sehr allein, und Sie könnten Ihnen auch von unsern</Unicode>
                </TextEquiv>
            </TextLine>
            <TextLine id="tr_1_tl_4" custom="readingOrder {index:3;}">
                <Coords points="337,1837 2243,1843 2346,1822 2349,1740 340,1769"/>
                <Baseline points="352,1815 385,1815 429,1818 474,1815 519,1815 564,1815 609,1812 653,1812 698,1812 743,1812 788,1809 833,1809 877,1809 922,1809 967,1806 1012,1806 1057,1806 1101,1806 1146,1806 1191,1806 1236,1806 1280,1803 1325,1803 1370,1803 1415,1800 1460,1800 1504,1797 1549,1800 1594,1800 1639,1800 1684,1797 1728,1797 1773,1797 1818,1797 1863,1797 1908,1794 1952,1794 1997,1794 2042,1794 2087,1791 2131,1791 2176,1791 2221,1791 2266,1791 2311,1788 2355,1791"/>
                <TextEquiv>
                    <Unicode>Plänen sprechen: ich hab bis jetzt nichts von unserm Plan geschrieben aus</Unicode>
                </TextEquiv>
            </TextLine>
            <TextLine id="tr_1_tl_5" custom="readingOrder {index:4;}">
                <Coords points="340,1932 2114,1885 2352,1938 2352,1827 2062,1801 343,1869"/>
                <Baseline points="358,1908 388,1908 432,1905 477,1905 522,1905 567,1905 612,1902 656,1902 701,1902 746,1902 791,1905 836,1902 880,1902 925,1899 970,1899 1015,1899 1060,1896 1104,1896 1149,1896 1194,1896 1239,1896 1283,1896 1328,1896 1373,1893 1418,1893 1463,1890 1507,1890 1552,1890 1597,1890 1642,1890 1687,1890 1731,1890 1776,1887 1821,1887 1866,1887 1910,1887 1955,1887 2000,1884 2045,1884 2090,1884 2134,1884 2179,1884 2224,1884 2269,1884 2314,1881 2358,1884"/>
                <TextEquiv>
                    <Unicode>einer merkwürdigen abergläubischen Feigheit. Ich will nicht viel erwähnen</Unicode>
                </TextEquiv>
            </TextLine>
            <TextLine id="tr_1_tl_6" custom="readingOrder {index:5;}">
                <Coords points="353,2019 2106,1980 2238,2030 2296,1932 353,1938"/>
                <Baseline points="367,2000 376,1997 421,1997 465,1997 510,1997 555,1997 600,1994 644,1994 689,1991 734,1991 779,1991 824,1991 868,1991 913,1988 958,1988 1003,1991 1048,1988 1092,1988 1137,1991 1182,1988 1227,1988 1272,1985 1316,1985 1361,1985 1406,1985 1451,1982 1495,1982 1540,1982 1585,1982 1630,1979 1675,1979 1719,1979 1764,1979 1809,1979 1854,1979 1899,1979 1943,1976 1988,1976 2033,1979 2078,1979 2122,1976 2167,1976 2212,1976 2257,1973 2302,1973"/>
                <TextEquiv>
                    <Unicode>wie es mir geht; es wird mir ja gewiss sehr bald viel besser gehen. In</Unicode>
                </TextEquiv>
            </TextLine>
            <TextLine id="tr_1_tl_7" custom="readingOrder {index:6;}">
                <Coords points="353,2101 2022,2069 2328,2120 2373,2006 356,2033"/>
                <Baseline points="367,2090 409,2087 453,2087 498,2087 543,2087 588,2087 633,2084 677,2084 722,2084 767,2081 812,2081 856,2081 901,2081 946,2081 991,2081 1036,2081 1080,2081 1125,2078 1170,2078 1215,2078 1260,2078 1304,2078 1349,2075 1394,2075 1439,2075 1484,2075 1528,2072 1573,2072 1618,2075 1663,2072 1707,2072 1752,2072 1797,2072 1842,2069 1887,2069 1931,2069 1976,2069 2021,2069 2066,2066 2111,2066 2155,2066 2200,2066 2245,2066 2290,2066 2334,2063 2379,2063"/>
                <TextEquiv>
                    <Unicode>wunderschöner lebhafter Erinnerung hab ich vom Paracelsius die Führung des</Unicode>
                </TextEquiv>
            </TextLine>
            <TextLine id="tr_1_tl_8" custom="readingOrder {index:7;}">
                <Coords points="343,2204 2096,2162 2399,2222 2402,2114 345,2133"/>
                <Baseline points="361,2182 394,2179 438,2179 483,2179 528,2179 573,2176 618,2176 662,2176 707,2176 752,2173 797,2173 842,2173 886,2173 931,2173 976,2173 1021,2173 1065,2173 1110,2173 1155,2170 1200,2170 1245,2170 1289,2167 1334,2167 1379,2167 1424,2167 1469,2164 1513,2164 1558,2164 1603,2167 1648,2164 1693,2164 1737,2161 1782,2161 1827,2161 1872,2161 1916,2161 1961,2161 2006,2161 2051,2158 2096,2158 2140,2158 2185,2158 2230,2158 2275,2155 2320,2155 2364,2152 2409,2155"/>
                <TextEquiv>
                    <Unicode>Ganzen und wie die Figuren gegeneinanderstehen - von Witwer, die eine reiche</Unicode>
                </TextEquiv>
            </TextLine>
            <TextLine id="tr_1_tl_9" custom="readingOrder {index:8;}">
                <Coords points="343,2304 2088,2251 2278,2304 2278,2217 2093,2162 343,2207"/>
                <Baseline points="358,2272 403,2272 447,2272 492,2272 537,2269 582,2269 627,2269 671,2266 716,2266 761,2266 806,2266 850,2266 895,2266 940,2266 985,2263 1030,2263 1074,2263 1119,2263 1164,2260 1209,2263 1254,2260 1298,2260 1343,2260 1388,2260 1433,2260 1478,2260 1522,2257 1567,2257 1612,2257 1657,2257 1701,2257 1746,2254 1791,2257 1836,2257 1881,2254 1925,2254 1970,2254 2015,2254 2060,2251 2105,2251 2149,2251 2194,2248 2239,2248 2284,2248"/>
                <TextEquiv>
                    <Unicode>bedeutende Gestalt. Leben Sie wohl und schreiben mir, ja? bald wieder</Unicode>
                </TextEquiv>
            </TextLine>
            <TextLine id="tr_1_tl_10" custom="readingOrder {index:9;}">
                <Coords points="345,2383 2359,2352 2312,2296 1766,2267 345,2304"/>
                <Baseline points="361,2367 394,2364 438,2364 483,2364 528,2361 573,2361 618,2361 662,2361 707,2361 752,2358 797,2358 842,2358 886,2361 931,2358 976,2358 1021,2355 1065,2355 1110,2355 1155,2355 1200,2355 1245,2355 1289,2355 1334,2355 1379,2352 1424,2352 1469,2352 1513,2352 1558,2349 1603,2349 1648,2349 1693,2349 1737,2349 1782,2349 1827,2349 1872,2346 1916,2346 1961,2343 2006,2343 2051,2343 2096,2343 2140,2346 2185,2343 2230,2343 2275,2340 2320,2340 2364,2337"/>
                <TextEquiv>
                    <Unicode>Briefe die Sie nach dem 24 ten aufgeben treffen mich am sichersten Hinter-</Unicode>
                </TextEquiv>
            </TextLine>
            <TextLine id="tr_1_tl_11" custom="readingOrder {index:10;}">
                <Coords points="1376,2462 1518,2478 1582,2460 1869,2460 1909,2449 1911,2354 1811,2373 1761,2357 1376,2381"/>
                <Baseline points="1391,2445 1436,2445 1481,2445 1525,2445 1570,2445 1615,2442 1660,2442 1704,2442 1749,2442 1794,2442 1839,2442 1884,2442 1916,2445"/>
                <TextEquiv>
                    <Unicode>Von Herzen Ihr Hugo</Unicode>
                </TextEquiv>
            </TextLine>
            <TextLine id="tr_1_tl_12" custom="readingOrder {index:11;}">
                <Coords points="343,2483 999,2497 1081,2465 1083,2388 770,2381 709,2402 601,2383 538,2415 401,2386 345,2399"/>
                <Baseline points="358,2457 373,2457 418,2457 462,2457 507,2457 552,2454 597,2454 641,2454 686,2451 731,2451 776,2451 821,2451 865,2451 910,2451 955,2451 1000,2451 1045,2451 1089,2451"/>
                <TextEquiv>
                    <Unicode>brühl Giesshüblerstrasse 2</Unicode>
                </TextEquiv>
            </TextLine>
            <TextLine id="tr_1_tl_13" custom="readingOrder {index:12;}">
                <Coords points="1909,2655 2143,2644 2196,2681 2236,2684 2299,2644 2383,2660 2436,2642 2439,2533 2167,2533 2098,2555 2059,2541 2004,2570 1911,2547"/>
                <Baseline points="1922,2624 1949,2624 1994,2621 2039,2621 2084,2621 2128,2621 2173,2624 2218,2624 2263,2621 2308,2621 2352,2621 2397,2618 2442,2618"/>
                <TextEquiv>
                    <Unicode>Hinterbrühl 3/VIII</Unicode>
                </TextEquiv>
            </TextLine>
            <TextLine id="tr_1_tl_14" custom="readingOrder {index:13;}">
                <Coords points="348,2681 361,2681 372,2671 398,2694 432,2686 456,2692 453,2541 424,2544 417,2552 390,2552 372,2539 345,2541"/>
                <Baseline points="361,2645 406,2642 450,2645 462,2645"/>
                <TextEquiv>
                    <Unicode>121</Unicode>
                </TextEquiv>
            </TextLine>
            <TextLine id="tr_1_tl_15" custom="readingOrder {index:14;}">
                <Coords points="343,2771 2328,2744 2328,2668 1735,2623 1360,2686 554,2618 345,2678"/>
                <Baseline points="361,2732 364,2732 409,2732 453,2732 498,2735 543,2732 588,2732 633,2729 677,2729 722,2729 767,2729 812,2729 856,2729 901,2726 946,2726 991,2726 1036,2726 1080,2726 1125,2726 1170,2726 1215,2726 1260,2723 1304,2723 1349,2723 1394,2720 1439,2720 1484,2720 1528,2720 1573,2720 1618,2720 1663,2720 1707,2720 1752,2720 1797,2720 1842,2720 1887,2720 1931,2720 1976,2717 2021,2717 2066,2717 2111,2717 2155,2717 2200,2717 2245,2717 2290,2714 2334,2714"/>
                <TextEquiv>
                    <Unicode>Mein lieber Arthur Ich bin sehr froh schreiben zu können, dass es ja nun</Unicode>
                </TextEquiv>
            </TextLine>
            <TextLine id="tr_1_tl_16" custom="readingOrder {index:15;}">
                <Coords points="654,2784 680,2792 701,2781 743,2789 794,2787 804,2781 838,2787 838,2739 801,2734 786,2742 751,2731 741,2742 725,2736 654,2742"/>
                <Baseline points="668,2776 710,2773 755,2773 800,2770 845,2773"/>
                <TextEquiv>
                    <Unicode>zu dem</Unicode>
                </TextEquiv>
            </TextLine>
            <TextLine id="tr_1_tl_17" custom="readingOrder {index:16;}">
                <Coords points="340,2852 2357,2829 2357,2768 2228,2736 343,2773"/>
                <Baseline points="358,2824 391,2824 435,2824 480,2821 525,2821 570,2821 615,2821 659,2821 704,2821 749,2821 794,2821 839,2818 883,2818 928,2818 973,2818 1018,2818 1062,2818 1107,2818 1152,2818 1197,2815 1242,2815 1286,2815 1331,2815 1376,2818 1421,2815 1466,2815 1510,2815 1555,2815 1600,2815 1645,2815 1690,2815 1734,2812 1779,2812 1824,2809 1869,2809 1913,2812 1958,2809 2003,2809 2048,2809 2093,2809 2137,2809 2182,2806 2227,2806 2272,2806 2317,2806 2361,2803"/>
                <TextEquiv>
                    <Unicode>fast sicher kommen wird, was wir uns beide gewünscht haben und woran</Unicode>
                </TextEquiv>
            </TextLine>
            <TextLine id="tr_1_tl_18" custom="readingOrder {index:17;}">
                <Coords points="348,2939 2404,2916 2373,2831 351,2858"/>
                <Baseline points="364,2917 397,2917 441,2917 486,2917 531,2914 576,2914 621,2914 665,2914 710,2914 755,2914 800,2914 845,2911 889,2911 934,2911 979,2911 1024,2911 1068,2911 1113,2911 1158,2908 1203,2911 1248,2908 1292,2908 1337,2911 1382,2911 1427,2911 1472,2911 1516,2908 1561,2908 1606,2908 1651,2905 1696,2905 1740,2905 1785,2905 1830,2902 1875,2902 1919,2902 1964,2902 2009,2899 2054,2899 2099,2899 2143,2899 2188,2899 2233,2899 2278,2899 2323,2899 2367,2899 2412,2902"/>
                <TextEquiv>
                    <Unicode>ich noch in Gzortkow nicht sehr fest geglaubt habe. Bitte schreiben Sie mir</Unicode>
                </TextEquiv>
            </TextLine>
            <TextLine id="tr_1_tl_19" custom="readingOrder {index:18;}">
                <Coords points="345,3026 2344,3019 2404,2913 345,2971"/>
                <Baseline points="361,3018 394,3012 438,3012 483,3009 528,3009 573,3009 618,3009 662,3009 707,3009 752,3009 797,3006 842,3006 886,3006 931,3006 976,3006 1021,3003 1065,3003 1110,3003 1155,3003 1200,3000 1245,3000 1289,3000 1334,3003 1379,3003 1424,3003 1469,3000 1513,3000 1558,3000 1603,3000 1648,3000 1693,2997 1737,2997 1782,2997 1827,2997 1872,2997 1916,2994 1961,2994 2006,2994 2051,2994 2096,2994 2140,2991 2185,2991 2230,2991 2275,2991 2320,2988 2364,2988 2409,2988"/>
                <TextEquiv>
                    <Unicode>jetzt aber gleich hierher welchen Weg durch die Schweiz wir eigentlich vor-</Unicode>
                </TextEquiv>
            </TextLine>
            <TextLine id="tr_1_tl_20" custom="readingOrder {index:19;}">
                <Coords points="345,3158 2154,3129 2365,3106 2365,3034 345,3048"/>
                <Baseline points="361,3111 400,3108 444,3105 489,3105 534,3105 579,3105 624,3105 668,3102 713,3102 758,3102 803,3102 848,3102 892,3099 937,3099 982,3099 1027,3099 1071,3099 1116,3096 1161,3096 1206,3099 1251,3096 1295,3096 1340,3096 1385,3096 1430,3096 1475,3096 1519,3096 1564,3093 1609,3093 1654,3093 1698,3090 1743,3090 1788,3090 1833,3090 1878,3087 1922,3087 1967,3087 2012,3087 2057,3087 2102,3087 2146,3087 2191,3084 2236,3084 2281,3084 2326,3084 2370,3081"/>
                <TextEquiv>
                    <Unicode>haben, damit ichs meinen Eltern sagen kann. Ich hab gar keinen Wunsch als</Unicode>
                </TextEquiv>
            </TextLine>
            <TextLine id="tr_1_tl_21" custom="readingOrder {index:20;}">
                <Coords points="343,3227 1951,3235 2349,3190 2352,3100 343,3158"/>
                <Baseline points="358,3209 385,3206 429,3206 474,3206 519,3203 564,3203 609,3203 653,3203 698,3203 743,3200 788,3200 833,3200 877,3200 922,3197 967,3197 1012,3194 1057,3194 1101,3194 1146,3191 1191,3191 1236,3191 1280,3191 1325,3191 1370,3191 1415,3188 1460,3188 1504,3188 1549,3188 1594,3185 1639,3185 1684,3185 1728,3185 1773,3182 1818,3180 1863,3180 1908,3177 1952,3177 1997,3174 2042,3174 2087,3174 2131,3171 2176,3171 2221,3171 2266,3168 2311,3168 2355,3168"/>
                <TextEquiv>
                    <Unicode>dass die Tour ungefähr am 20 ten in der Gegend von Chur aufhören soll von</Unicode>
                </TextEquiv>
            </TextLine>
        </TextRegion>
    </Page>
</PcGts>
