2616 3535
2233 135 2326 259 65
1679 187 2191 328 München 21/9
1276 218 1566 328 ann Umbriav
1061 232 1254 345 Wenna,
138 306 240 394 265
234 292 2343 427 Lieber, ich freut mich gerade vor dem Abreisen noch so sehr über Ihre lieben
243 427 2172 518 Zeilen. Danke schön. Im December sieht man sich dann, hoffe ich sehr.
251 507 2282 601 (ich arbeite jetzt ohne Unterbrechnung alle Vormittage und Abende an dem
251 590 2379 700 Vortrag, der doch die Länge von stark 6 Feuilletons hat, und ich hatte nur 16
2073 659 2381 775 mit Hoffnung
1224 695 1805 791 Ihr Hugo
248 686 601 794 Tage.
1822 750 2222 890 14/I 807
1243 750 1555 871 h't schwer vor
248 772 706 890 2s6, 267.
251 874 2324 978 Mein lieber Arthur es ist mir natürlich äusserst zuwider, gerade Ihnen auf
256 970 2114 1078 eine directen Wunsch" nein" zu sagen, aber das geht absolut nicht
248 1036 2227 1174 1/ (und das dürfte schon hinreichen) bin ich 2 te Hälfte Februar fort
256 1160 2403 1246 2/ habe ich mir präcis vorgenommen wohl noch Vorträge zu halten, niemehr aber
267 1235 2456 1340 versammelten Schweinen meine schönen Werke vorzulesen. 3/ würde ein öffentlich-
254 1323 2324 1455 es Lesen (wenn auch zu wohltätigen Zweck) die Demonstration die in meiner
262 1419 2315 1571 jetzigen kl. Veranstaltung liegt (Hinauswurf von Presse und Premierengeck)
265 1502 526 1566 Sie arbeit
1571 1532 1789 1637 Ihr Hugo
256 1541 1089 1629 geradezu auf den Kopf stellen.
1836 1546 1949 1657 G.C.F.P.
846 1590 984 1670 ngen.
1014 1574 1359 1681 Wir sind Sonn
259 1599 678 1687 doppelte Honors
2106 1563 2335 1720 13/3 07
256 1643 364 1698 268
943 1659 1188 1745 ersten Hugo
262 1659 2456 1827 liber Arthur, bitte schreiben Sie mir pneumatisch nach Wien HimmefIpfortgasse 17
300 1781 444 1844 37. 3a
259 1778 2409 1918 ob das Burgtheater auf das Stück "Fuchs" von mir, das es seit 5 Jahren nicht
1411 1866 1645 1921 ablichen
733 1869 923 1932 V. Stück
256 1880 2354 2031 gespielt hat noch Rechte haben kann. Dieses Recht kann doch nicht auf ewige
273 1962 532 2026 wesenfalls
1406 1998 1637 2098 Ihr Hugo
262 2004 662 2075 Zeiten gelten.
1695 2023 1822 2139 sich
1866 2026 1973 2111 H.F.H.
686 2037 879 2147 G.C.H.F.F:H:D:H
289 2056 645 2133 andern Refleut
2001 2029 2271 2188 undatiert.
254 2106 364 2161 269
1045 2095 1819 2199 ein paar Briefe mehr verdrie.
491 2106 915 2208 erlieren, nicht
262 2150 375 2208 Geda
262 2175 2464 2268 Lieber, man sieht sich nie. Momentan sind wieder Gerty und ich nicht recht wohl
1293 2233 1822 2296 Rosmanabruck 12000
2037 2233 2158 2282 Anf.
256 2238 827 2299 bekommt von deber xxx
256 2282 2337 2392 können nicht in die Stadt. Ich habe böses Aug, schlechten Hals, wehen Fuss.
1852 2329 1949 2384 dite
1599 2326 1781 2387 man v
265 2332 499 2392 verhinein
259 2365 2387 2478 Kann nicht singen, nicht stehen, nciht schauen. Wünsche mir sehr Gesellschaft
259 2439 2434 2572 Seid doch einmal im Leben nett (zum Unterschied von den + + Bärenviehzeug
1370 2514 1574 2572 hübsch
259 2552 2301 2660 es ist jetzt so hübsch hier, Schnee und dabei mild, also kommt
1067 2610 1193 2663 mich
441 2607 780 2676 aber Arthur,
289 2616 372 2674 son
259 2646 2324 2748 einmal her oder Samstag, oder Sonntag; oder zum Essen oder Zum nachmittag
1345 2698 1750 2759 vorher gesegt
1034 2704 1188 2759 wenn xxx
537 2701 775 2770 ich freue
361 2707 493 2770 ich
259 2737 2326 2847 oder zum Nachtmahl. oder alles zugleich. Depeschiert schön gleich Eure werte
970 2792 1304 2855 Es ist beson
270 2806 386 2864 dreux
582 2800 708 2864 .S.
259 2844 1698 2905 Antwort. Euer unvergleichlicher und ergebener Diener
1883 2825 2031 2894 Hugo
265 2900 447 2963 Redacte
2001 2861 2494 2991 25/5 (unsicher
254 2891 998 2999 270 - 73 Karten 274, 275
874 2988 981 3051 Sie
248 3013 2459 3126 Mein lieber Arthur, Habe Brahm das Original vorgewiesen: 2975 Mark. Er bezahlt
