2716 3607
2225 237 2317 390 32
900 286 1363 472 Ich freu mich so
1791 311 2380 496 21/6 98 Dienstag
284 398 390 521 117
286 447 2426 624 Mein lieber Arthur. Es ist mir sehr leid, dass Sie sich für einen Tag angesagt
289 578 447 646 haben
286 594 2405 720 haben und dann doch nicht an einem andern gekommen sind, ich verlang mir sehr
284 682 2391 807 mit Ihnen zusammen zu sein. Jetzt hab ich nur wenige Tage mehr und die möcht
289 761 2459 905 ich mir sehr sparsam einteilen, bitte also wenn es geht, tellen Sie sichs auch
297 872 2489 987 so ein, wie ich Sie dann bitten werde. Uebermorgen Donnerstag ist meine Prüfung
300 943 2407 1096 dann werde ich Ihnen gleich schreiben. Mittwoch den 29 ten um mittag muss ich
297 1069 2380 1180 schon abreisen. Vor der Prüfung geh ich abends nicht ins Café weil ich zu
701 1167 1243 1276 Herzlichst Ihr Hugo
286 1178 564 1287 müd werd.
1630 1167 1745 1276 G.C.F.P.
294 1240 2336 1347 Bitte lieber Arthur richten Sie mir viele Bücher, die schön zum lesen sind
292 1344 2391 1450 für die Waffenübung, ich hab gar nichts. Womöglich wenn Sies haben möcht ich
294 1399 2465 1554 auch eine Novellensammlung oder sonst etwas wo allenfalls phantastische Stoffe
294 1529 594 1663 drin sind.
1723 1701 2274 1818 2 ter Juli Czortkow
297 1660 423 1843 118
1682 1791 2489 1908 Cavallerie Kaserne 26 Stunden
2285 1848 2486 1914 vannWie
976 1887 2410 2009 Hier ist mir so zuwider zu Muth in dieser trostlosen
294 1818 826 2015 Mein lieber Arthur
297 1979 2276 2086 niederschlagenden Gegend, dass ich mich immerfort mit dem Gedanken an das
305 2061 2435 2189 Spätere beschäftige und damit es ja nicht an einer Art von Indolenz und Mangel
305 2170 2361 2274 an Verständigung scheitert, will ich gleich etwas genaueres sagen, für mich
300 2260 2388 2361 aus Gründen die ich nicht alle aufzählen will, fast nicht anders möglich als
305 2350 2410 2462 dass wir unsere gemeinsame Fahrt zwischen dem 9 ten und 18 August machen. Ich
300 2432 2388 2549 weiss dass Sie ein paar Tage früher möchten aber bitte geben Sie mir diesmal
300 2525 2418 2642 nach, selbst wenn Sie etwas anderes um 2 - 3 Tage hinausschieben müssten. Ich
294 2609 2385 2713 meine wir könnten uns etwa am 9 ten früh in Innsbruck (?) treffen und dann
300 2732 2306 2833 den Weg fahren, den Sie wollen - Basel etc - und ich möchte sehr gern, dass
308 2830 2429 2925 er in der Gegend von Maloya oder sonstwo in der südöstlichen Schweiz aufhörte.
286 2903 2350 3032 Bitte erkundigen Sie sich wenn es geht auch in Wien - ich bin hier so abge-
311 3004 2334 3116 schnitten - wie es auf dieser Strecke mit dem Gepäck geht - ich habe nicht
308 3097 2361 3214 sehr wenig mit. Bitte schreiben Sie mir bald eine Zeile und sagen mir, dass
