2716 3607
220 280 2289 424 Von wem kann da die Rede gewesen sein? vielleicht von der ewigen Minnie?
217 377 2367 505 Eine Stunde später soupierte ich mit Leuten : da hörte Ich mir gegenüber einen
225 510 2272 619 zu seinem Nachbraam sagen auf englisch : und dann hat mir der manager gesagt,
239 567 2224 687 wenn Schnitzler fortfährt solche Sachen zu machen, wird man ihn als einen
223 679 2329 785 litterarischen Parish behandeln (wörtlich) Das interessierte mich doch sehr
1292 755 1377 809 sant
223 774 2253 888 und ich habe nach Tisch den Betreffenden angeredet; es ist der Attache bei
236 863 2275 994 der englischen Botschaft in Paris Mr van Sittard, ein ungewöhnlicher junger
223 948 2294 1067 Mensch, ganz jung, 23, ein Spieler, sehr elegant, hat die beste Prüfung ge-
529 1034 714 1091 in der
217 1059 2229 1165 macht, die englischen Diplomatie seit vielen Jahren vorgekommen ist,
231 1146 2281 1262 war head boy von Eton, schreibt auf französisch Theaterstücke und hat, was
228 1235 2359 1341 das netteste ist, eine unglaublich intensive Liebe für Ihre Sachen. Er findet
236 1325 2313 1412 sie viel besser als alles was auf allen englischen und franzöischen Theatern
225 1409 2221 1504 zusammen aufgeführt wird, worin er ja recht haben dürfte. Als ich ihn be-
236 1501 2283 1610 suchte ( er ist bis 23 ten Altaussee Villa Frankenstein) lag auf dem Tisch
231 1588 2414 1678 Vermächtnis, Beatrice, Sterben. Diese drei waren das einzige was er nicht kannte
231 1697 2313 1789 und nachzuholen hatte. Er sagt also: es geschieht ihm nun schon das zweite
225 1773 2332 1879 Mal dass er ganz auf dem Punkt ist, seine von Ihnen autorisierte Uebersetzung
228 1876 2196 1979 von 3 -4 Anatolsachen auf eine gute Bühne zu bringen und dass im letzten
223 1960 2202 2063 Moment Einspruch erhoben wird von Leuten, denen Sie auch die Autorisation
228 2036 2264 2145 erteilt haben. Sonderbarer Weise kam während ich mit ihm redete, ein Brief,
231 2123 2278 2251 indem abermals ein Regisseur schreibt : wenn Mr. Schnitzler fort-
239 2232 2327 2357 fährt sich so ausserordentlich zu benehmen wird niemand in England noch etwas
228 2338 2199 2444 von ihm wissen wollen “Was, liegt da vor? ich kenne Ihre ungewöhnliche
225 2405 2343 2511 Exactheit und habe van Sittard versichert, es muss da ein Schwindel vorliegen.
225 2509 2207 2615 Bitte klären Sie sogleich ihn oder mich auf, damit er nötigenfalls durch
231 2612 2237 2710 einen Process da Klarheit schafft und seinen so schönen und ziemlich unge-
231 2696 2161 2791 wöhnlichen Eifer nicht verliert. Es ist ein recht Interessanter Mensch.
364 2775 2297 2878 Ich bin also von der Waffenübung befreit d.h. sie ist auf den November
228 2875 2346 2976 verschoben, wo sie mich nicht sehr geniert. So treffen wir uns hoffentlich Wo?
1249 2938 1344 3000 eit.
217 2962 2381 3092 Ischl, ich meine der Fleck Ischl selbst wird mir vielleicht dadurch unmöglich
225 3054 2251 3212 dass meine Schwiegermutter hinfährt. Da käme ich eventuell an den Wolfgang-
