2736 3594
1983 410 2151 544 Loris
299 431 1769 614 sich künstlerisch und social unendlich viel anhängen.
1852 518 2272 712 Dienstag 23/2
1331 647 1565 750 G.C.H.F.P.
315 696 2357 872 Wenn Sie sich die Duse nicht anschauen, wenn auch auf der letzten Gallerie
312 686 395 805 18
315 789 2313 988 und stehend, versäumen Sie mehr als Sie sich vorstellen können. Loris
328 885 2161 1057 Ich gehe zu Wera und Fernande. Alles andere ist jetzt gleichgiltig.
1867 972 2285 1088 Mitte März 92
338 1062 2246 1246 Thatsachen 1/Frl Herzfeld sagt mir dass die Revue von Fried in jeder
325 1055 415 1160 19
338 1158 2264 1333 Beziehung ernst zu nehmen ist 2/ wegen Schwarzkopfs Empfehlung an Bonz
335 1251 2282 1442 müssen wir noch sprechen. 3/ dem Beraton werde ich so bald als möglich
338 1331 2414 1524 10 fl schicken. 4/ wäre es niezt möglich dass ich Sonntag um 4 Uhr zu Ihnen
343 1416 2419 1617 komme, dass auch Salten bestimmt kommt und dass ich Euch etwas vorlese, was
358 1519 2393 1710 ich zu Druck versprochen habe, aber nicht ohne Euch fortschicken möchte?
369 1609 2396 1792 Wenn nicht Sonntag so machen Sie einen andern Vorschlag. Herzlichst Loris
366 1769 1132 1893 Beiliegend danke Pietzsche.
1882 1738 2169 1913 19/5 92
374 1870 753 1993 Lieber Freund,
374 1852 2354 2071 Das erstmal schreibe ich einen Brief an Sie ängstlich. Ich muss nämlich
376 1978 2439 2158 sehr unartig sein. Verzeihen Sie bitte. Kainz, den ich irgend einen Sonntag
379 2037 2434 2251 nach Purkersdorf zu kommen versprochen hatte, reist Montag nach Graz, Prag,
379 2166 2447 2339 Moskau etc. und will mich absolut Sonntag draussen haben. Bitte bedenken Sie
389 2254 2372 2445 also dass Kainz für mich dasselbe vorstellt wie Reicher für Sie und ent-
397 2362 2352 2530 schuldigen Sie diesen Eingriff der Aussendinge in das Unsere. Ich komme
397 2473 2192 2620 vielleicht Montag zu Ihnen und wir verabreden irgend eine Stunde.
1212 2507 2550 2684 Herzlichst Loris Bitte auch Salten grüssen und
2006 2584 2396 2672 entschuldigen
405 2643 2476 2819 21  Lieber Freund. Ich bin für morgen zu Tisch geladen. Es ist also wieder
405 2754 2476 2927 nichts. Herr Bölsche hat mir das "Kind" zurückgeschickt; natürlich mit
1895 2850 2195 2958 Loris
420 2870 1725 3035 einen sehr artigen Brief. Auf Wiedersehen!
413 3071 745 3211 22, 27/ 24
