2483 3497
1293 693 1374 810 P.S.
1189 724 1272 815 3
656 808 2071 948 doch nicht früher als am Tage nach der Uraufführung
652 910 1979 1043 der Oper erscheinen, nicht unter einem Ladenpreis
657 1007 1949 1120 von 3 Mark verkauft und in Amerika nicht anders
656 1102 2013 1209 als durch die Firma Adolph Fürstner und auf deren
652 1189 2042 1315 Namen zum Schutz gegen Nachdruck eingetragen (copy-
652 1306 2033 1413 righted) werden. Bei der Uebertragung der Buchaus-
656 1379 2031 1481 gabe an S.Fischer Verlag hat Herr von Hofmannsthal
659 1480 1951 1578 dieser Firma vorstehende Verpflichtung betreffs
1576 1519 1664 1569 G.F.P.
657 1553 1992 1659 de s Zeitpunktes ihres Erscheinens.ihres Minimal-
657 1655 1926 1766 preises und ihres Schutzes in Amerika in einer
659 1727 2026 1838 Weise aufzuerlegen, dass Str. und die Firma Adolph
656 1822 2038 1940 Fürstner, der Str. das ausschliessliche Vervielfäl-
668 1908 2112 2022 tigungsrecht der Dichtung weiter übertragen wird, die-
656 1995 2019 2128 se Rechte direkt gegen die Firma S.Fischer Verlag
665 2105 1283 2218 geltend machen können.
1311 2123 1465 2205 G.C.F.P.
965 2176 2051 2296 vorstehender Bestimmungen ungeachtet ist
1544 2234 1659 2293 Puis
665 2261 2099 2391 Str. befugt, Ausgaben des Werkes oder von Teilen des-
661 2338 2094 2479 selben in beliebiger Art (auch in deutscher Sprache)
691 2440 1926 2578 erscheinen zu lassen oder das Recht hiezu an
691 2547 2026 2656 Andere, insbesondere an die Firma Adolph Fürstner
