<?xml version="1.0" encoding="UTF-8" standalone="yes"?>
<PcGts xmlns="http://schema.primaresearch.org/PAGE/gts/pagecontent/2013-07-15" xmlns:xsi="http://www.w3.org/2001/XMLSchema-instance" xsi:schemaLocation="http://schema.primaresearch.org/PAGE/gts/pagecontent/2013-07-15 http://schema.primaresearch.org/PAGE/gts/pagecontent/2013-07-15/pagecontent.xsd">
    <Metadata>
        <Creator>prov=READ-COOP:name=TrHtr:version=2.1.0:model_id=51170:date=25_07_2023_07:01</Creator>
        <Created>2023-05-01T21:58:53.031+02:00</Created>
        <LastChange>2023-07-25T07:01:12.771+02:00</LastChange>
        <TranskribusMetadata docId="1416440" pageId="54946834" pageNr="63" tsid="130587007" status="IN_PROGRESS" userId="64420" imgUrl="https://files.transkribus.eu/Get?id=CYWMYIFFDKTZWKJTAADMQRNQ&amp;fileType=view" xmlUrl="https://files.transkribus.eu/Get?id=IRIUHCUSPFZRJGOIBEIIIXPG" imageId="44450919"/>
    </Metadata>
    <Page imageFilename="1416440_0063.jpg" imageWidth="2716" imageHeight="3607">
        <ReadingOrder>
            <OrderedGroup id="ro_1711831057152" caption="Regions reading order">
                <RegionRefIndexed index="0" regionRef="tr_1"/>
                <RegionRefIndexed index="1" regionRef="tr_2"/>
            </OrderedGroup>
        </ReadingOrder>
        <TextRegion id="tr_1" custom="readingOrder {index:0;}">
            <Coords points="304,311 2430,311 2430,1401 304,1401"/>
            <TextLine id="tr_1_tl_1" custom="readingOrder {index:0;}">
                <Coords points="308,381 321,378 331,383 341,378 353,391 361,391 378,378 383,381 393,371 425,366 423,313 405,313 386,303 378,308 363,303 351,313 321,296 303,298"/>
                <Baseline points="319,361 364,361 409,364 432,367"/>
                <TextEquiv>
                    <Unicode>212.</Unicode>
                </TextEquiv>
            </TextLine>
            <TextLine id="tr_1_tl_2" custom="readingOrder {index:1;}">
                <Coords points="289,458 308,460 333,448 338,453 366,448 371,455 396,450 408,455 415,448 428,458 435,453 450,458 453,403 448,400 420,410 403,403 366,405 336,378 326,388 313,381 296,383"/>
                <Baseline points="304,444 319,444 364,438 409,435 453,432"/>
                <TextEquiv>
                    <Unicode>Grii</Unicode>
                </TextEquiv>
            </TextLine>
            <TextLine id="tr_1_tl_3" custom="readingOrder {index:2;}">
                <Coords points="1843,542 1883,545 1965,527 2005,542 2040,530 2072,540 2082,530 2139,537 2142,453 2104,453 2040,488 1958,433 1943,448 1915,428 1846,433"/>
                <Baseline points="1857,528 1875,525 1919,525 1964,525 2009,525 2054,522 2099,522 2143,525"/>
                <TextEquiv>
                    <Unicode>Bad Fusch</Unicode>
                </TextEquiv>
            </TextLine>
            <TextLine id="tr_1_tl_4" custom="readingOrder {index:3;}">
                <Coords points="1789,622 1886,632 1918,619 1940,632 1983,619 2005,637 2042,619 2052,629 2107,619 2147,639 2172,632 2172,552 2067,552 2020,587 2000,570 1905,577 1873,557 1843,557 1828,572 1789,567"/>
                <Baseline points="1803,618 1821,615 1866,615 1910,615 1955,618 2000,618 2045,615 2090,615 2134,612 2179,612"/>
                <TextEquiv>
                    <Unicode>22. VII. 1904</Unicode>
                </TextEquiv>
            </TextLine>
            <TextLine id="tr_1_tl_5" custom="readingOrder {index:4;}">
                <Coords points="420,667 470,679 520,652 669,647 796,687 1010,657 1010,602 970,577 876,597 806,580 774,547 607,552 505,602 420,595"/>
                <Baseline points="435,636 480,633 525,633 570,630 615,630 659,630 704,630 749,627 794,630 839,630 883,630 928,630 973,630 1015,636"/>
                <TextEquiv>
                    <Unicode>an Arthur Schnitzler</Unicode>
                </TextEquiv>
            </TextLine>
            <TextLine id="tr_1_tl_6" custom="readingOrder {index:5;}">
                <Coords points="418,776 460,776 475,791 512,776 535,789 582,774 609,784 639,776 639,684 599,684 567,669 552,677 520,662 497,662 455,687 418,682"/>
                <Baseline points="432,770 477,767 522,767 567,764 612,767 644,770"/>
                <TextEquiv>
                    <Unicode>Lieber,</Unicode>
                </TextEquiv>
            </TextLine>
            <TextLine id="tr_1_tl_7" custom="readingOrder {index:6;}">
                <Coords points="478,876 2276,863 2390,841 2390,779 1570,709 1468,764 478,784"/>
                <Baseline points="492,856 513,853 558,850 603,850 647,850 692,850 737,853 782,850 827,850 871,850 916,848 961,848 1006,848 1051,848 1095,848 1140,845 1185,845 1230,845 1274,845 1319,845 1364,842 1409,842 1454,842 1498,839 1543,839 1588,839 1633,839 1678,839 1722,836 1767,836 1812,836 1857,833 1902,833 1946,836 1991,833 2036,833 2081,833 2125,830 2170,830 2215,830 2260,827 2305,827 2349,824 2394,821"/>
                <TextEquiv>
                    <Unicode>Hier bin ich wirklich wie unter dem ersten Anhauch der Luft gesund ge-</Unicode>
                </TextEquiv>
            </TextLine>
            <TextLine id="tr_1_tl_8" custom="readingOrder {index:7;}">
                <Coords points="428,945 2373,950 2373,873 428,893"/>
                <Baseline points="441,943 453,943 498,943 543,943 588,943 633,943 677,940 722,940 767,940 812,937 856,940 901,937 946,937 991,937 1036,937 1080,934 1125,934 1170,934 1215,934 1260,934 1304,931 1349,931 1394,931 1439,931 1484,931 1528,928 1573,928 1618,928 1663,925 1707,925 1752,925 1797,925 1842,922 1887,925 1931,925 1976,925 2021,922 2066,925 2111,925 2155,922 2200,919 2245,916 2290,913 2334,913 2379,916"/>
                <TextEquiv>
                    <Unicode>worden, und von einem inneren Reichtum, dass ich manchmal, gegen Abend</Unicode>
                </TextEquiv>
            </TextLine>
            <TextLine id="tr_1_tl_9" custom="readingOrder {index:8;}">
                <Coords points="430,1047 2371,1012 2288,923 1997,978 433,970"/>
                <Baseline points="444,1033 450,1033 495,1033 540,1033 585,1030 630,1030 674,1030 719,1030 764,1030 809,1027 853,1027 898,1027 943,1027 988,1027 1033,1024 1077,1024 1122,1024 1167,1021 1212,1021 1257,1021 1301,1021 1346,1021 1391,1018 1436,1018 1481,1018 1525,1018 1570,1018 1615,1018 1660,1015 1704,1015 1749,1015 1794,1012 1839,1012 1884,1012 1928,1009 1973,1009 2018,1009 2063,1009 2108,1006 2152,1006 2197,1006 2242,1006 2287,1003 2332,1003 2376,1003"/>
                <TextEquiv>
                    <Unicode>auf eine steile Berglehne hinaufklettern muss, nur das Blut vom Kopf</Unicode>
                </TextEquiv>
            </TextLine>
            <TextLine id="tr_1_tl_10" custom="readingOrder {index:9;}">
                <Coords points="430,1132 2261,1097 2393,1144 2413,1012 433,1050"/>
                <Baseline points="444,1122 447,1119 492,1119 537,1119 582,1119 627,1119 671,1119 716,1119 761,1116 806,1116 850,1113 895,1113 940,1113 985,1113 1030,1113 1074,1110 1119,1110 1164,1110 1209,1107 1254,1107 1298,1107 1343,1107 1388,1107 1433,1104 1478,1104 1522,1104 1567,1104 1612,1101 1657,1101 1701,1098 1746,1098 1791,1098 1836,1098 1881,1098 1925,1098 1970,1095 2015,1095 2060,1095 2105,1095 2149,1095 2194,1095 2239,1092 2284,1089 2329,1089 2373,1086 2418,1086"/>
                <TextEquiv>
                    <Unicode>abzuleiten und den unaufhörlichen Zudrang von Gedanken, Bildern, 11 Situa-</Unicode>
                </TextEquiv>
            </TextLine>
            <TextLine id="tr_1_tl_11" custom="readingOrder {index:10;}">
                <Coords points="435,1216 2234,1206 2323,1184 2326,1102 435,1149"/>
                <Baseline points="450,1212 489,1209 534,1209 579,1209 624,1209 668,1206 713,1206 758,1206 803,1203 848,1203 892,1203 937,1203 982,1203 1027,1200 1071,1200 1116,1200 1161,1197 1206,1197 1251,1197 1295,1197 1340,1197 1385,1194 1430,1194 1475,1194 1519,1191 1564,1191 1609,1191 1654,1191 1698,1188 1743,1185 1788,1185 1833,1185 1878,1185 1922,1182 1967,1182 2012,1182 2057,1179 2102,1179 2146,1179 2191,1176 2236,1176 2281,1176 2326,1179"/>
                <TextEquiv>
                    <Unicode>tionen, abzuleiten. Es ist mir schwer, in solchen Zeiten ein Buch zu</Unicode>
                </TextEquiv>
            </TextLine>
            <TextLine id="tr_1_tl_12" custom="readingOrder {index:11;}">
                <Coords points="428,1311 2423,1289 2423,1214 2284,1194 428,1211"/>
                <Baseline points="441,1301 459,1301 504,1298 549,1298 594,1298 638,1298 683,1298 728,1295 773,1295 818,1292 862,1292 907,1292 952,1292 997,1289 1042,1289 1086,1289 1131,1289 1176,1286 1221,1286 1266,1286 1310,1283 1355,1283 1400,1283 1445,1280 1489,1283 1534,1283 1579,1280 1624,1280 1669,1277 1713,1277 1758,1274 1803,1274 1848,1274 1893,1272 1937,1272 1982,1269 2027,1269 2072,1269 2117,1269 2161,1266 2206,1266 2251,1266 2296,1263 2340,1263 2385,1260 2430,1263"/>
                <TextEquiv>
                    <Unicode>lesen. Ich möchte alles, was mir in die Hand fällt, dramatisieren, selbst</Unicode>
                </TextEquiv>
            </TextLine>
            <TextLine id="tr_1_tl_13" custom="readingOrder {index:12;}">
                <Coords points="433,1395 2234,1381 2236,1294 433,1308"/>
                <Baseline points="447,1391 492,1391 537,1391 582,1388 627,1388 671,1385 716,1385 761,1385 806,1382 850,1382 895,1382 940,1382 985,1379 1030,1379 1074,1379 1119,1376 1164,1376 1209,1376 1254,1373 1298,1373 1343,1373 1388,1373 1433,1370 1478,1373 1522,1370 1567,1367 1612,1367 1657,1367 1701,1367 1746,1367 1791,1364 1836,1364 1881,1361 1925,1361 1970,1358 2015,1358 2060,1358 2105,1355 2149,1355 2194,1355 2239,1358"/>
                <TextEquiv>
                    <Unicode>den Goethe-Schiller'schen Briefwechsel, oder die Linzer Tagespost.</Unicode>
                </TextEquiv>
            </TextLine>
        </TextRegion>
        <TextRegion id="tr_2" custom="readingOrder {index:1;}">
            <Coords points="450,1389 2424,1389 2424,2539 450,2539"/>
            <TextLine id="tr_2_tl_1" custom="readingOrder {index:0;}">
                <Coords points="704,1495 2321,1455 2321,1391 2152,1373 706,1408"/>
                <Baseline points="719,1478 758,1475 803,1475 848,1472 892,1469 937,1472 982,1469 1027,1469 1071,1466 1116,1466 1161,1466 1206,1466 1251,1466 1295,1466 1340,1466 1385,1463 1430,1463 1475,1463 1519,1460 1564,1460 1609,1457 1654,1457 1698,1454 1743,1454 1788,1454 1833,1451 1878,1454 1922,1451 1967,1451 2012,1448 2057,1448 2102,1448 2146,1445 2191,1445 2236,1442 2281,1442 2326,1439"/>
                <TextEquiv>
                    <Unicode>Das " Gerettete Venedig" habe ich heute abgeschlossen. Was</Unicode>
                </TextEquiv>
            </TextLine>
            <TextLine id="tr_2_tl_2" custom="readingOrder {index:1;}">
                <Coords points="440,1597 2353,1565 2373,1468 734,1515 443,1465"/>
                <Baseline points="453,1570 495,1570 540,1570 585,1567 630,1567 674,1567 719,1567 764,1567 809,1564 853,1561 898,1561 943,1561 988,1561 1033,1561 1077,1558 1122,1558 1167,1558 1212,1555 1257,1555 1301,1555 1346,1555 1391,1552 1436,1549 1481,1549 1525,1549 1570,1546 1615,1546 1660,1546 1704,1543 1749,1543 1794,1543 1839,1540 1884,1540 1928,1537 1973,1537 2018,1537 2063,1534 2108,1534 2152,1534 2197,1531 2242,1531 2287,1531 2332,1531 2376,1534"/>
                <TextEquiv>
                    <Unicode>noch daran zu tun ist, das wenige lässt sich unter dem Abschreiben tun.</Unicode>
                </TextEquiv>
            </TextLine>
            <TextLine id="tr_2_tl_3" custom="readingOrder {index:2;}">
                <Coords points="440,1679 2346,1622 2346,1567 2209,1552 443,1592"/>
                <Baseline points="453,1666 471,1663 516,1663 561,1660 606,1660 650,1657 695,1657 740,1657 785,1654 830,1654 874,1654 919,1651 964,1651 1009,1651 1054,1648 1098,1648 1143,1648 1188,1645 1233,1645 1277,1642 1322,1642 1367,1642 1412,1642 1457,1639 1501,1639 1546,1639 1591,1636 1636,1636 1681,1633 1725,1633 1770,1633 1815,1630 1860,1630 1905,1630 1949,1627 1994,1627 2039,1627 2084,1624 2128,1624 2173,1624 2218,1621 2263,1621 2308,1618 2352,1621"/>
                <TextEquiv>
                    <Unicode>Indessen sind aber, wie leuchtende Wolkeninseln hinter den Bergen her-</Unicode>
                </TextEquiv>
            </TextLine>
            <TextLine id="tr_2_tl_4" custom="readingOrder {index:3;}">
                <Coords points="440,1771 2236,1746 2321,1726 2323,1659 443,1687"/>
                <Baseline points="453,1752 492,1752 537,1752 582,1749 627,1749 671,1746 716,1746 761,1743 806,1743 850,1743 895,1743 940,1740 985,1740 1030,1740 1074,1740 1119,1737 1164,1737 1209,1737 1254,1737 1298,1734 1343,1734 1388,1731 1433,1731 1478,1728 1522,1728 1567,1728 1612,1725 1657,1725 1701,1722 1746,1722 1791,1722 1836,1719 1881,1716 1925,1716 1970,1716 2015,1713 2060,1713 2105,1713 2149,1710 2194,1713 2239,1710 2284,1707 2329,1710"/>
                <TextEquiv>
                    <Unicode>vor andere Stoffe gestiegen, zum Teil aus dem geheimnisvollen Abgrund</Unicode>
                </TextEquiv>
            </TextLine>
            <TextLine id="tr_2_tl_5" custom="readingOrder {index:4;}">
                <Coords points="435,1856 2244,1823 2271,1759 435,1789"/>
                <Baseline points="450,1842 486,1842 531,1842 576,1842 621,1839 665,1836 710,1836 755,1836 800,1833 845,1833 889,1830 934,1830 979,1830 1024,1830 1068,1827 1113,1827 1158,1827 1203,1824 1248,1824 1292,1821 1337,1818 1382,1818 1427,1818 1472,1815 1516,1815 1561,1815 1606,1812 1651,1812 1696,1812 1740,1809 1785,1809 1830,1809 1875,1806 1919,1806 1964,1806 2009,1803 2054,1800 2099,1800 2143,1800 2188,1797 2233,1797 2278,1797"/>
                <TextEquiv>
                    <Unicode>des niemals schlafenden, umbildenden Gedächtnisses: das " Leben ein</Unicode>
                </TextEquiv>
            </TextLine>
            <TextLine id="tr_2_tl_6" custom="readingOrder {index:5;}">
                <Coords points="440,1938 2279,1938 2306,1831 443,1868"/>
                <Baseline points="453,1931 474,1931 519,1928 564,1931 609,1928 653,1928 698,1925 743,1925 788,1922 833,1922 877,1922 922,1919 967,1919 1012,1919 1057,1919 1101,1919 1146,1916 1191,1913 1236,1913 1280,1910 1325,1910 1370,1910 1415,1908 1460,1908 1504,1905 1549,1905 1594,1902 1639,1902 1684,1902 1728,1899 1773,1899 1818,1896 1863,1896 1908,1896 1952,1893 1997,1893 2042,1890 2087,1890 2131,1890 2176,1887 2221,1887 2266,1884 2311,1881"/>
                <TextEquiv>
                    <Unicode>Traum" dieser fast zu grosse Stoff, hat seinen tiefen, dem Calderon</Unicode>
                </TextEquiv>
            </TextLine>
            <TextLine id="tr_2_tl_7" custom="readingOrder {index:6;}">
                <Coords points="438,2025 1557,2042 2196,2005 2259,1930 440,1940"/>
                <Baseline points="453,2024 471,2024 516,2021 561,2021 606,2018 650,2018 695,2018 740,2015 785,2015 830,2012 874,2012 919,2009 964,2009 1009,2009 1054,2009 1098,2006 1143,2006 1188,2003 1233,2003 1277,2000 1322,2000 1367,1997 1412,1997 1457,1997 1501,1994 1546,1994 1591,1994 1636,1988 1681,1988 1725,1988 1770,1988 1815,1985 1860,1985 1905,1982 1949,1982 1994,1982 2039,1979 2084,1979 2128,1976 2173,1976 2218,1973 2263,1979"/>
                <TextEquiv>
                    <Unicode>fast entgegengesetzten Schluss gefunden, " Pentheus " im Stoff den</Unicode>
                </TextEquiv>
            </TextLine>
            <TextLine id="tr_2_tl_8" custom="readingOrder {index:7;}">
                <Coords points="443,2119 2201,2090 2284,2085 2286,2015 445,2035"/>
                <Baseline points="456,2111 501,2111 546,2111 591,2111 636,2108 680,2108 725,2108 770,2105 815,2105 859,2102 904,2099 949,2099 994,2099 1039,2096 1083,2096 1128,2093 1173,2093 1218,2093 1263,2090 1307,2090 1352,2087 1397,2084 1442,2084 1486,2084 1531,2081 1576,2081 1621,2081 1666,2081 1710,2078 1755,2075 1800,2075 1845,2072 1890,2072 1934,2069 1979,2069 2024,2069 2069,2069 2114,2066 2158,2066 2203,2063 2248,2063 2293,2063"/>
                <TextEquiv>
                    <Unicode>Bacchen des Euripides nahe, aber viel reicher und schöner, hat sich</Unicode>
                </TextEquiv>
            </TextLine>
            <TextLine id="tr_2_tl_9" custom="readingOrder {index:8;}">
                <Coords points="448,2229 2226,2182 2259,2107 453,2127"/>
                <Baseline points="465,2203 474,2203 519,2203 564,2200 609,2200 653,2197 698,2194 743,2194 788,2194 833,2194 877,2191 922,2191 967,2188 1012,2188 1057,2185 1101,2185 1146,2182 1191,2182 1236,2179 1280,2179 1325,2176 1370,2176 1415,2173 1460,2173 1504,2170 1549,2170 1594,2170 1639,2167 1684,2164 1728,2164 1773,2164 1818,2164 1863,2161 1908,2158 1952,2155 1997,2155 2042,2155 2087,2155 2131,2152 2176,2152 2221,2149 2266,2149"/>
                <TextEquiv>
                    <Unicode>zum Sevenarium gegliedert, zweiactig; "Orest in Delphi“ der Elektra</Unicode>
                </TextEquiv>
            </TextLine>
            <TextLine id="tr_2_tl_10" custom="readingOrder {index:9;}">
                <Coords points="448,2313 2246,2274 2418,2249 2420,2177 450,2229"/>
                <Baseline points="462,2296 498,2296 543,2293 588,2293 633,2290 677,2290 722,2287 767,2287 812,2284 856,2284 901,2284 946,2281 991,2278 1036,2278 1080,2275 1125,2275 1170,2272 1215,2272 1260,2269 1304,2269 1349,2266 1394,2266 1439,2263 1484,2263 1528,2260 1573,2260 1618,2260 1663,2257 1707,2254 1752,2254 1797,2254 1842,2251 1887,2251 1931,2248 1976,2248 2021,2248 2066,2245 2111,2245 2155,2242 2200,2242 2245,2242 2290,2239 2334,2236 2379,2236 2424,2236"/>
                <TextEquiv>
                    <Unicode>2 ter Teil zeigt seine Gestalten unheimlich deutlich - mit dieser Fracht</Unicode>
                </TextEquiv>
            </TextLine>
            <TextLine id="tr_2_tl_11" custom="readingOrder {index:10;}">
                <Coords points="450,2410 1719,2376 1746,2308 453,2321"/>
                <Baseline points="465,2394 498,2391 543,2385 588,2385 633,2382 677,2382 722,2379 767,2379 812,2376 856,2376 901,2373 946,2370 991,2370 1036,2367 1080,2367 1125,2364 1170,2364 1215,2361 1260,2361 1304,2358 1349,2358 1394,2358 1439,2355 1484,2352 1528,2352 1573,2349 1618,2349 1663,2349 1707,2346 1752,2349"/>
                <TextEquiv>
                    <Unicode>gehe ich am 31, ten nach Markt Aussee, Ramgut.</Unicode>
                </TextEquiv>
            </TextLine>
            <TextLine id="tr_2_tl_12" custom="readingOrder {index:11;}">
                <Coords points="450,2520 749,2470 1868,2485 1873,2348 1624,2403 453,2408"/>
                <Baseline points="465,2481 486,2481 531,2478 576,2475 621,2475 665,2472 710,2472 755,2469 800,2466 845,2466 889,2466 934,2463 979,2463 1024,2460 1068,2460 1113,2457 1158,2457 1203,2457 1248,2454 1292,2451 1337,2451 1382,2448 1427,2448 1472,2445 1516,2445 1561,2442 1606,2442 1651,2439 1696,2439 1740,2436 1785,2436 1830,2436 1875,2439"/>
                <TextEquiv>
                    <Unicode>Lassen Sie mich hier und dort nicht ohne Nachricht.</Unicode>
                </TextEquiv>
            </TextLine>
            <TextLine id="tr_2_tl_13" custom="readingOrder {index:12;}">
                <Coords points="1843,2580 1871,2580 1950,2552 1960,2557 2012,2532 2104,2560 2104,2470 2045,2470 2027,2458 1940,2485 1876,2473 1846,2480"/>
                <Baseline points="1860,2529 1887,2523 1931,2523 1976,2523 2021,2520 2066,2520 2111,2523"/>
                <TextEquiv>
                    <Unicode>Ihr Hugo</Unicode>
                </TextEquiv>
            </TextLine>
        </TextRegion>
    </Page>
</PcGts>
