2716 3607
2281 251 2385 329 28
340 348 2358 599 entgegenfahren kann. Geht es dann wegen Poldy oder anderem nicht, so habt
1500 524 2080 671 Herzlichst Ihr Hugo
342 551 1340 733 Ihr doch nichts schlechtes gemacht.
1639 695 2118 829 Montag 19/7 97
342 757 2262 963 Mein lieber Arthur, ich habe erst heute erfahren dass Papa nächsten
350 888 2315 1064 Montag von hier abreist, so möchte ich doch nicht gern die letzten Tage
358 987 2364 1142 von hier fort und wir lassen also lieber das rendez vous. Es tut mir sehr
364 1080 2438 1235 leid, aber wenn wir beide etwas gearbeitet haben werden, wird es eine grosse
361 1195 2291 1315 Freude sein, uns im Spätherbst wieder zu sehen. Sie schreiben mir wohl
361 1270 2318 1406 hie und da eine Zeile nach Italien, ich werde Ihnen immer meine Adresse
364 1337 2374 1489 zukommen lassen. Die Mozartbiographie ist ein entzückendes Buch von einer
366 1438 2428 1604 unglaublichen Ausführlichkeit und Intimität. Man gewinnt ihn sehr lieb. Ich
1104 1545 1366 1620 im August
380 1548 2281 1684 schicke Ihnen die beiden Bande nach Wien. Werde ich von Richard nie
382 1660 634 1735 auch nur
374 1668 1543 1802 eine Zeile bekommen? Es ärgert mich sehr.
372 1746 2433 1906 Ich wünsche Ihnen für die nächsten 2 Monate alles Gute Von Herzen Ihr Hugo
1874 1912 2449 2045 undatiert Dienstag
380 1952 468 2080 99
380 2019 2372 2144 Lieber Arthur, bitte seien Sie noch xxxx vor Ihrer Abreise so gut mir
382 2112 2430 2262 hierher den Namen und die Adresse des Ischler Arztes zu schreiben, den Sie
382 2195 2532 2358 für den besten halten (neben Widerhofer). Poldys Nervosität hat sich nämlich
401 2286 2417 2430 in eine unausgesetzte martervolle Angst vor Schwindsucht verwandelt, zum
390 2385 2398 2513 Theil hervorgerufen durch eine unvorsichtige aber gar nicht beängstigende
390 2481 2385 2607 Aeusserung Schrötters. Er muss also von Aussee aus die Möglichkeit haben
401 2548 2420 2706 sooft er will einen Arzt zu sehen, der ihm die Unschädlichkeit des betref-
398 2655 2420 2786 fenden Symptoms, das er sich von Tag zu Tag wechselnd einredet, nachweist.
1452 2751 1687 2877 Hugo
751 2762 1369 2904 Im Voraus dankt Ihnen
2160 2829 2358 2968 27/VII
414 2909 513 3091 100
401 3016 2388 3166 Bitte seien Sie so lieb und schicken Poldy (Villa Andrism Alt Aussee)
390 3139 2420 3267 möglichst bald ein Buch wo Symptome gewöhnlicher Neurasthenie drinstehen,
