2680 3516
1935 182 2055 297 gut
1181 174 1619 313 Überstein gefallt
302 218 2357 425 nur ein bisschen wehtut, überhaupt ausgeschlossen. Ich freue mich sehr auf
1538 370 1921 498 Sie. Ihr Hugo
1361 389 1461 512 le
1706 452 2133 580 Rodaun 31/X 08
302 487 422 588 Dezir.
305 547 2457 675 Mein lieber Arthur, wegen des Schreibers danke ich sehr aber ich möchte lieber
316 639 2411 759 ein Frauenzimmer von weiblichem Geschlecht. Um mir das nachzutragen, dürften
316 708 2248 841 Sie nicht der berüchtigte Erotiker sein 1  Was den "Morgen" betrifft
310 822 2365 950 so hänge ich mit diesem schönen Unternehmen ausschliesslich nur mehr durch
316 909 2446 1031 einen Process zusammen, werde aber gern das nächste Mal bei Ihnen die Gedichte
310 982 2495 1140 von Winterstein anschauen, vielleicht kann man sie an Blei für seine Zeitschrift
316 1091 2378 1238 schicken, oder sonst wo hin. Drittens bitte ich Sie recht herzlich den ein-
310 1203 2501 1339 gelegten Brief mir zuliebe durchzulesen und wenn Sie keinen Grund dagegen haben
318 1287 2416 1399 demgemäss dieses Fräulein Braun vom Volkstheater, das sich auch schon direct
313 1366 2365 1516 an Sie gwandt hat, bei sich zu empfangen. Denn ich sage mir, dass es einem
1597 1475 1821 1576 etc etc
316 1467 1486 1606 anständigen Menschen wie Dr Camiloo Mükler
1910 1467 1992 1581 P:
324 1562 2240 1679 Ich wurschtle mich weiter gegen das Ende meines vierten Actes und bin
1897 1641 2506 1777 Gruss v d Schreiberin
1235 1649 1796 1763 von Herzen Ihr Hugo
1948 1752 2422 1856 Semmering 3/X 08
324 1693 433 1859 297
1197 1747 1333 1848 Bresu
982 1744 1173 1864 grosses
550 1774 678 1867 G.H.F.P.
754 1774 901 1853 Geweis
316 1859 2319 1943 min lieber, ich bin hier für unbestimmte Dauer um meinen 4 Act zu machen
324 1910 2395 2041 und den Anfang vom ersten und ein Stückel vom dritten. Kommen Sie nicht mit
329 2016 2414 2139 Ihrem Arbeiterl einbisserl herauf? wie nett wäre das. Es ist so ein schöner
1108 2112 1361 2234 Ihr Hugo
310 2120 1056 2245 Moment in der Landschaft.
1899 2109 2090 2226 G.H.F.P.
310 2196 2468 2335 l'arbre desGros, assis dans sa loge, lit toujours avec une mine transfiguree
340 2329 2003 2436 " le chemin de la liberte " C'est absolument touchant a voir.
2172 2381 2280 2485 1909
308 2406 435 2525 pa8
1306 2389 2003 2512 ) an Sie zurückgeschickt,
558 2397 653 2514 G.F.P
318 2471 2332 2602 mein lieber Arthur, so nett und gemütlich es nämlich abends bei Euch war,
321 2582 2416 2705 so sehr wünsche ich mir nach der ungewohnten Zufälligkeit, dass wir zwei mal
324 2686 2506 2792 Freunde bei Euch trafen, wieder die Freude Sie allein zu sehen. Es giebt Zeiten
313 2759 2482 2898 in welchen man besonders deutlich fühlt, welche Menschen auf der Velt man sehr
318 2868 2449 2969 gern hat, und für mich ist diese jetzige Zeit eine solche, Vielleicht, da Ihr
316 2969 2373 3100 viel vorhabt, telegraphiert Ihr einmal 1-2 Tage voraus, einen Abend wo wir
