6248 4728
1836 369 2309 535 Arthur Schnitzler
926 495 2298 635 Vierzig vielleicht, doch frisch, und gut gebaut,
946 613 2309 708 Sie zechte mit, sprach englisch mit dem Lord;
926 686 2399 806 Und wenn mir recht ist, unterm Tisch französisch.
952 767 2253 870 Die nehmen wir auf uns, Herr Bassi, wie?
1036 854 2788 957 Flaminia: Es kommen wohl noch andere Gäste, denk' ich.
1036 940 2673 1024 Santis: Das Fräulein aus Lyon nebst Frau Mama.
952 1030 2345 1117 — Die Mutter ist die jüngre, kommt mir vor
924 1092 2219 1234 Ein Fabrikant aus Lüttich, kahl, doch reich,
929 1161 1097 1257 Und
926 1245 3177 1343 (Jetzt erst bemerkt er, wie die drei andern dastehen: Andrea zwischen Anna und Flaminia, beide an der
1884 1318 2245 1394 Hand haltend.)
1195 1329 2499 1458 Wie —?! Wird hier ein Menuett geübt?
935 1427 2488 1553 Doch nein, dies ist kein Tanz. Was geht hier vor?
1022 1528 2620 1634 Flaminia: So lassen Sie die Hand mir endlich frei.
1036 1612 3084 1699 Santis: Es riecht nach Zank! Was gibt's? Die Weiber — wie?
924 1699 3177 1825 Warum? Am mich —? (Zu Andrea) Um Sie —?  (acht) Ich will nicht hoffen.
1019 1780 2678 1872 Andrea: Kein Zank, Baron, das Wort erschiene grob.
935 1867 2298 1962 Ein Zwist, kaum das. Ein kleiner Unterschied
924 1937 2161 2049 Der Meinungen — bezüglich eines Falls
915 2029 2186 2119 Nein, keines Falls, der sich begeben hätte,
912 2082 2147 2236 Ein philosoph'scher Streit gewissermaßen.
915 2189 1682 2309 Auch philosophisch kaum
1022 2253 1285 2359 Santis:
1760 2245 2320 2373 Das denk' ich mir.
1030 2329 3146 2499 Andrea (wie mit einem plöblichen Einfang: Und kann ihn einer schlichten, so sind Sie's
1016 2418 1713 2547 Santis: Wie? — ich?
1016 2485 1296 2594 Andrea:
1738 2471 2788 2639 Ja, grade Sie. Und mit Verlaub
904 2572 2124 2681 Bericht' ich, meine Damen, knapp gefaßt
901 2645 2124 2757 Den Anfang der Geschichte noch einmal,
904 2740 2183 2860 Daß der Baron den Knoten uns entwirre.
1016 2824 1987 2930 Santis (etwas mißtrauisch und unsicher):
910 2894 2348 3053 Vertrieb man sich die Zeit hier mit Geschichten?
1010 2989 1458 3104 Andrea (rasch):
898 3042 2127 3191 Auch meinen Teil zum Feste beizutragen,
904 3163 2107 3294 War ich gesonnen, unserm werten Kreis
907 3247 2040 3356 Mit einer lust'gen Fabel aufzuwarten.
910 3322 2116 3431 Zur Probe, wie sie wirken mag, trug ich
898 3392 2264 3510 Sie eben vor — und da die Lösung schwierig,
896 3484 2214 3613 Hatt' ich den Einfall, statt den eignen Geist,
898 3574 2180 3672 Der holden Damen Scharfsinn. zu bemühn.
884 3652 2239 3759 Doch wie sich leider weist, nicht zart entwirrt,
884 3714 2315 3862 Nein, wild zerknäult ist nun mein armer Faden.
879 3815 2183 3918 Drum eh' ich, den mit Kunst ich aufgerollt,
868 3876 1892 4036 In ärgerlicher Angeduld zerreiße,
854 4019 1008 4167 42
4288 439 4733 579 Die Schwestern
3375 577 4833 700 Versuchen Sie Ihr Glück, Baron, und schlingen
3381 669 4559 767 Den launenhaft verwirrten Knoten auf.
3476 747 5203 851 Santis: Den Knoten auf —? Begreife das, wer mag!
3487 840 5239 960 Andrea: Sie werden gleich. Und so, wie Sie entscheiden
3392 904 4083 1019 Wir fügen uns darein.
4117 943 4548 1089 Das tun wir.
3479 988 3820 1103 Flaminia:
3487 1072 3753 1170 Anina:
3482 1128 5242 1254 Andrea: Und mit dem Schluß, den Sie der Fabel finden,
3389 1226 4565 1349 Trag' ich sie Ihren werten Gästen vor.
3482 1290 5502 1422 Santis: Mit meinem Schluß?! Ein Dichter ich? Das wäre —
3487 1391 5206 1523 Andrea: Nicht großer Kunst bedarf's, nur eines Worts.
3392 1447 3969 1598 Ein Ja, ein Nein.
3971 1506 4559 1654 Nur eines Worts?
3479 1539 3773 1648 Santis:
4584 1604 5150 1721 Nicht mehr. (Bastig)
3482 1626 3787 1730 Andrea:
3386 1662 4702 1797 Und rasch beginn' ich, eh die Gäste kommen.
3392 1766 4472 1892 Zwei Schwestern — war's nicht so?
4492 1842 5035 1973 Zwei Schwestern?
3496 1856 3843 1965 Flaminia:
3496 1940 3991 2046 Anina (bestimmt):
3496 2010 5007 2110 Andrea: Jung beide, beide schön und wohlgesittet
3501 2088 5169 2189 Santis: Auch wohlgesittet? Nun, man wird ja sehen.
3501 2180 5197 2273 Andrea: Sehr ähnlich von Gestalt, nicht so von Antlitz
3496 2236 5287 2362 Santis: Doch von Gestalt! Ich wittre was. Nur weiter
3496 2320 5046 2443 Andrea: Die Jüngre ist verlobt — die Ältre frei
3501 2413 4344 2530 Santis: Mit wem verlobt?
4377 2471 5080 2606 Gleichviel, ich kürze ab.
3507 2494 4011 2603 Andrea (ärgerlich):
3392 2558 3896 2678 Die Ältre also
3988 2617 4702 2743 Die noch nicht verlobt
3501 2653 3781 2762 Santis:
3501 2726 4422 2855 Andrea: Die frei ist, ja doch.
4414 2804 4836 2927 Und wie alt?
3496 2813 3773 2913 Santis:
4850 2855 5346 3003 Kaum neunzehn.
3507 2900 3784 2997 Andrea:
3501 2930 4400 3070 Santis: Just wie mein Lord.
4419 3014 5150 3171 Der nicht hierhergehört.
3501 3056 3795 3151 Andrea:
3501 3095 4495 3266 Santis (lachend): Ich lud ihn ein.
4481 3163 5278 3322 Doch nicht in die Novelle.
3498 3213 3792 3319 Andrea:
3501 3258 4170 3431 Santis: Ich höre zu
4173 3336 4859 3484 Doch stumm, ich bitte.
3501 3378 3795 3468 Andrea:
4878 3428 5066 3543 Gern.
3501 3456 3781 3552 Santis:
3507 3487 5253 3630 Andrea (rasch): Da stellt sich eines Tags ein Jüngling ein,
3398 3602 4559 3703 In den die Ältre zärtlich sich verliebt
3398 3661 4797 3812 Wie er in sie; doch da man streng sie hütet —
3501 3773 4249 3901 Santis: Wer hütet sie?
4282 3790 5080 3974 Die Mutter ohne Zweifel.
3507 3851 3801 3957 Andrea:
3398 3904 4165 4069 Der Vater ist längst tot.
