6328 4904
1774 484 2241 657 Arthur Schnitzler
884 627 2101 797 Und die von Gott geschaffen, tausendfach
881 755 2011 876 Ihm alle seine Sünden heimzuzahlen.
999 783 3049 934 Anina (scheinbar ernstbast): Trägst du mit solcher Absicht dich, dann muß,
898 932 2132 1018 Wer Casanova liebt, ihn vor dir warnen.
1004 946 2798 1099 Flaminia: Nein doch, wieso? Drehst du aus jedem Wort
901 1074 2330 1189 Mir eine Fangschnur? Hörst du nicht vielmehr
909 1141 2104 1253 Aus jedem, daß ich toll in ihn verliebt?
909 1186 2294 1332 Und nun zum drittenmal, als trieb' ein Teufel
909 1306 2369 1404 Sein Spiel mit mir — schon hatt' ich ihn gewiß
904 1385 2204 1488 Fliegt mir der seltne Vogel aus der Hand,
901 1460 2151 1575 In die er selbst so gern sich betten wollte.
901 1536 2258 1648 O nimmermehr! Was kommt dich Böse an,
926 1637 2263 1726 Daß du mir nehmen willst, mir vorenthalten,
920 1698 2199 1810 Was Rechtens mein!! Du Unersättliche!
904 1771 2162 1891 Daß du, sei's nun durch Zufall oder Lust,
918 1858 2109 1978 Doch unverdient gewiß, die Seine warst
904 1925 2442 2084 Ist das nicht Glück genug? Willst du noch mehr?
1021 2023 2039 2168 Anina: Ich war die Seine nicht.
2053 2059 2632 2216 Wer denn als du?
1029 2107 1365 2218 Flaminia:
1021 2168 1706 2294 Anina: Viel eher du.
1723 2207 2590 2358 Für ihn, doch nicht für mich.
1029 2258 1365 2372 Flaminia:
1024 2319 2719 2445 Anina: Er weiß nicht, daß ich’s war, so war ich's nicht.
1035 2397 2915 2523 Flaminia: Ich war's nicht, denn ich weiß, daß ich’s nicht war.
1021 2484 2462 2638 Anina: So hätten beide wir ein Recht an ihn.
1933 2571 2157 2655 (Zögernd)
912 2630 2188 2758 Und wer das beßre hat, soll er entscheiden.
1029 2711 2828 2837 Flaminia: Nun ward sie völlig toll! Er soll entscheiden!!
932 2803 2176 2921 Als hätt' er's gestern abend nicht getan,
920 2893 1432 3005 Und wählte mich
1469 2923 2367 3058 Da stand ich nicht zur Wahl.
1024 2979 1287 3088 Anina:
920 3044 2171 3164 In dieser Nacht ist vieles anders worden.
932 3100 2571 3228 Für ihn — für dich — fur mich. Nun wähl' er neu
926 3203 2523 3332 Nein doch, zum erstenmal! — Komm, laß uns gehn.
1035 3279 2098 3424 Flaminia: Mit dir — zu ihm —?
2107 3321 2915 3480 Daß wir aus seiner Hand,
1035 3382 1292 3472 Anina:
932 3391 2154 3536 Wie's immer falle, unser Los empfangen.
946 3525 2101 3642 Gemeinsam gehn wir, eine kehrt zurück.
1035 3620 2809 3723 Flaminia: Das wär' ein ungleich Spiel, du Höchstgerechte.
946 3704 2269 3810 Erst wenn auch ich ihm eine Nacht geschenkt,
951 3771 2448 3886 Ward unser Anspruch gleich, dann darf er wählen.
946 3863 2311 3961 Doch früher nicht. Ist dies nicht edel g'nug?
943 3930 2109 4051 Ich will noch edler sein. Anina, höre:
946 4012 2269 4179 Du sollst ihn nur für eine Nacht mir lassen,
4261 422 4694 613 Die Schwestern
3354 576 4801 744 Für eine Nacht, doch ohne Wahl. Und morgen
3349 691 4557 808 bring' ich auf Eid ihn selber dir zurück.
3354 772 4607 892 Du magst ihn dann für ewig dir behalten.
3363 842 4828 985 Verlangst du mehr? — Hier meine Perlenschnur
4140 918 4809 1015 (Auf eine Gebärde der Anina:)
3360 993 4750 1102 Ein Freundschaftszeichen nur, nicht etwa Lohn.
3365 1069 4566 1197 Läßt du allein mich gehn, so ist es dein.
3379 1099 4725 1270 Nenn's Laune, wenn du willst, Besessenheit,
3377 1231 4627 1362 Noch gestern hätt’ ich für den Venezianer
3382 1301 4529 1438 So wenig als für einen andern Mann
3371 1402 4442 1516 Die letzte dieser Perlen hingegeben.
3374 1452 4585 1600 Nur eben heut und weil ich grade will
3477 1513 4988 1676 Anina: Als wär' er mir um tausend Perlen feil.
3466 1620 4543 1785 Flaminia: Zu deinen Füßen denn.
4207 1670 4795 1782 (Sie stürzt vor ihr nieder.)
3494 1746 4336 1872 Anina: Was fällt dir ein?
3488 1796 5161 1941 Flaminia: Ein letztes Mal, laß dich beschwören, Kind.
3396 1905 4952 2028 Du kennst mich nicht. So sanft und gut ich scheine,
3399 1978 4602 2137 Wer störrisch meinen Bitten sich versagt
3497 2079 4571 2193 Anina (sich von ihr losreißend): Ich tu's.
3508 2109 5643 2288 Flaminia (plöslich auf und in höchster Erbitterung): Dann Gnade Gott uns beiden.
3416 2224 4607 2347 Vor allem dir und deinem sanften Aug’.
3416 2330 4663 2439 Und da die finstre Nacht dir hold gesinnt,
3413 2383 4666 2543 Sei ewig sie um dich. Mit dieser Nadel
3586 2434 5452 2557 (Sie hat einen Pfeil aus ihrem Haar gezogen und will Anna damit ins Auge fahren.)
3508 2467 5645 2644 Andrea (tritt jezt zwischen sie, nimmt zuerst Flaminia, dann Anina bei der Hand, die er vor-
3405 2549 5654 2730 läufig nicht losläht. Sie stehen also alle drei in einer Reibe, den Blick gegen links gewandt, in dem
3849 2627 5226 2742 Augenblick, wie sich die Tür links öffnet und Santis hereintritt).
4101 2700 4971 2811 Anina — Flaminia — Andrea — Santis
3522 2722 5514 2926 Santis (etwas betrunken, noch in der Tür): Flaminia! — Dacht' ich's doch!
4538 2811 5528 2940 (Weiter binein.) Ich darf wohl auch
3438 2907 4708 3060 Fertig gemacht! Gleich sind die Gäste da!
3435 3021 5005 3136 Ist man auch schön genug —? Es mag sich lohnen.
3438 3091 4971 3206 Ein feiner Herr, mein Lord — wird neunzehn eben,
3433 3184 4918 3301 Sieht dem Adonis gleich und sanft wie Bacchus.
3449 3256 4921 3374 Wir sind auf du und du. In Barren schleppt er
3441 3298 5055 3491 Das Gold mit sich. Wer wird den Bissen schnappen
3444 3438 4353 3542 Blond oder braun? (Zu Andrea)
4045 3449 4929 3612 Wenn wir nicht das Geschäft
3444 3561 4904 3709 Auf halbpart machen. — Wie, Herr Philosoph?
3458 3651 4733 3771 Denn so ein Lord erscheint nicht alle Tage.
3455 3737 4711 3866 Auch wirft schon Holland seine Netze aus
3575 3824 4322 3961 Flaminia: Die Witwe?
4325 3827 5310 4017 Ja. Trotz ihrer Neununddreißig.
3564 3916 3844 4020 Santis:
3466 3908 4870 4126 Nicht Männer mein' ich, Jahre neununddreißig.
