5208 3864
1311 385 1671 476 G.C.F.P.
3600 425 4122 575 strachtet den Brief, ver-
1046 472 2246 575 ANDREA (peinlich berührt)t Doch weiß ich
3219 539 3776 648 Türa links, öffnet sie).
1027 552 2324 676 Ob Sie mich in Ferara finden werden?
3077 612 3604 756 ANINA (tritt ein).
1088 644 2492 772 CASANOVA: Ich werde. Denn Sie sind von den
3560 663 4035 785 Andrea Anna.
2322 722 2536 844 nicht,
3035 733 4547 893 ANDREA. Es wahrte lang, doch ging es nicht um dich.
1004 768 2320 905 Die sich an abenteuerlicher Fahrt behagen,
3023 850 4383 962 Er lieh sich Gold von mir für seine Flucht,
1004 878 2450 1008 An Schlaf in fremden Betten, Gasthofschmäusen
3029 926 4380 1031 Für die harmlosen Grund er schlau' erfunden,
1029 981 2240 1076 Und Nachbarschaft von Reise-Ungetähr.
3033 1000 4540 1124 Und schickt — durch mich — dir einen Abschiedsgruß.
1040 1057 2336 1158 Ihr Ziel heißt Frieden, Ordnung und Gesetz
3052 1078 3894 1206 ANINA (unmerklich lucbelnd):
1029 1120 2343 1238 Wie Heimkehr Ihrer Wandrung letzter Sinn.
3029 1168 4260 1273 80 nehm ich diesen denn als letzten mit.
1034 1204 2324 1309 Und schon im Geist seh' ich an Ihrem Herd
3040 1248 4098 1372 Nun laß für eine Weile mich allein,
1017 1278 2492 1414 Mit heitrer Gunst den flücht'gen Gast empfangen
3023 1318 4204 1444 Daß ungestort ich mich zur Reise rüste.
1017 1366 2492 1490 Der — mit dem Gold natürlich, das er schuldet —
3080 1412 3673 1551 ANDREA (fragond):
4090 1452 4357 1583 G.C.F.P.
1034 1457 2391 1554 Wie letzten Abglanz gern vergeßner Tage,
3033 1490 3393 1598 Wohin?
1023 1507 2536 1631 Ehrbiet'gen Gruß dem edlen Paare bringt.
3077 1530 4534 1669 ANINA: Auch wenn ich’s wußte, steht ein Recht
1063 1617 2530 1722 ANDREA: Dem Paar? Wieso? Noch bin ich nicht
3016 1661 4248 1749 Zu fragen dir nicht zu. Laß mich allein.
2086 1692 2534 1795 vermählt.
1139 1692 1814 1808 G.C.H.F.P.S
3088 1735 3675 1857 ANDREA: Anina!
1069 1791 2541 1920 CASANOVA: So sind Sie's bald. Und preisen dann
3071 1819 3680 1932 ANINA (nach rectu):
2282 1854 2486 1955 Ihr Lo
3543 1888 4511 2006 Nun, so geh' ich, wie ich bin.
1023 1905 2347 2092 Das schon dem Jüngling eine Gattin schenkte,
3082 1951 4547 2109 ANDREA: Und was mir Casanova sonst erzählte,
1017 2015 2174 2122 Schon wie Anna, klug und tugendhaft.
3010 2063 4189 2166 Bekummert nicht im mind’sten dich —
1023 2115 2235 2225 Ein frühgeschloßnes ist das stärkste Band,
3069 2139 3475 2273 ANINA:
4242 2088 4545 2271 ich denke
1017 2153 2416 2299 Weh dem, der ewig sucht; wohl dem der fand.
3364 2196 4357 2299 (auf den offenen Sekretär xxx)
1076 2263 2536 2379 ANDREA: Ein solcher Spruch aus Casanovas Mund!
3016 2286 4549 2387 Du sprachst die Wahrheit — wie der Anblick weist.
1023 2372 2541 2459 CASANOVA: Bewahren Sie ihn sorglich im Gemüte,
3023 2379 4393 2469 Und war' es etwa doch um mich gegangen —
1017 2436 2345 2537 Noch keinem gab ich höhre Weisheit kund.
3040 2452 4477 2547 Was kümmert's mich? Neu fängt mein Leben in.
1076 2513 1823 2637 ANDREA: Zu gütig.
3029 2520 4319 2650 Und keiner ist darin — nicht er, nicht du.
1082 2537 2534 2684 CASANOVA: Schwacher Dank für Ihre Güte.
3185 2604 4300 2703 (Etwas beftiger; aber noch immer rubig)
1004 2673 2377 2768 Gern legt' ich, eh zu scheiden mir bestimmt;
3010 2690 4385 2804 Edß mich allein, schon zweimal bat ich dich —
1010 2757 2336 2854 Mich Ihrer holden Freundin erst zu Füßen;
3023 2770 4279 2884 Bis ich, was mein ist, mir zusammenfinde.
1010 2844 2494 2932 So bitt' ich denn, sie schwesterlich zu grüßen.
3023 2846 4374 2968 (Bei ihrem Schrank, bat ihn geöffnet, beginne Wäsche- und Klö-
3488 2932 3980 3029 stücke berauszunehme.
1004 2918 2528 3052 Ein Bruder ist’s, ein Freund, der Abschied nimmt. (Ab.)
