<?xml version="1.0" encoding="UTF-8" standalone="yes"?>
<PcGts xmlns="http://schema.primaresearch.org/PAGE/gts/pagecontent/2013-07-15" xmlns:xsi="http://www.w3.org/2001/XMLSchema-instance" xsi:schemaLocation="http://schema.primaresearch.org/PAGE/gts/pagecontent/2013-07-15 http://schema.primaresearch.org/PAGE/gts/pagecontent/2013-07-15/pagecontent.xsd">
    <Metadata>
        <Creator>prov=READ-COOP:name=TrHtr:version=2.1.0:model_id=51170:date=29_07_2023_23:52</Creator>
        <Created>2023-05-10T13:13:38.376+02:00</Created>
        <LastChange>2023-07-29T23:52:09.558+02:00</LastChange>
        <TranskribusMetadata docId="1428569" pageId="55409701" pageNr="19" tsid="131470298" status="IN_PROGRESS" userId="64420" imgUrl="https://files.transkribus.eu/Get?id=IEUCQSPGIUDGOQJHIXSQTTCJ&amp;fileType=view" xmlUrl="https://files.transkribus.eu/Get?id=QMFBANGNFSBXNBOBFUOIOLDD" imageId="44683846"/>
    </Metadata>
    <Page imageFilename="1428569_0019.jpg" imageWidth="5304" imageHeight="4008">
        <ReadingOrder>
            <OrderedGroup id="ro_1711793507182" caption="Regions reading order">
                <RegionRefIndexed index="0" regionRef="tr_2"/>
                <RegionRefIndexed index="1" regionRef="tr_1"/>
            </OrderedGroup>
        </ReadingOrder>
        <TextRegion id="tr_2" custom="readingOrder {index:0;}">
            <Coords points="1085,564 2636,564 2636,2664 1085,2664"/>
            <TextLine id="tr_2_tl_1" custom="readingOrder {index:0;}">
                <Coords points="1781,651 1810,658 1825,647 1856,674 1869,678 1879,668 1892,674 1900,670 1915,681 1950,656 1964,656 1962,572 1948,576 1908,551 1875,541 1861,551 1852,541 1840,545 1827,531 1792,551 1777,549"/>
                <Baseline points="1789,614 1878,620 1968,620"/>
                <TextEquiv>
                    <Unicode>82</Unicode>
                </TextEquiv>
            </TextLine>
            <TextLine id="tr_2_tl_2" custom="readingOrder {index:1;}">
                <Coords points="1080,785 2037,749 2094,778 2191,739 2364,801 2406,785 2406,670 1973,656 1675,708 1482,641 1282,705 1080,687"/>
                <Baseline points="1091,751 1157,757 1246,757 1336,751 1425,751 1514,751 1604,751 1693,745 1783,745 1872,745 1962,745 2051,745 2141,739 2230,739 2320,739 2409,745"/>
                <TextEquiv>
                    <Unicode>Und so selbdritt, gedrängt in rascher Fahrt;</Unicode>
                </TextEquiv>
            </TextLine>
            <TextLine id="tr_2_tl_3" custom="readingOrder {index:2;}">
                <Coords points="1074,851 2322,853 2404,835 2406,785 2160,755 1898,795 1773,757 1076,785"/>
                <Baseline points="1085,835 1157,840 1246,840 1336,835 1425,835 1514,829 1604,829 1693,829 1783,829 1872,829 1962,823 2051,829 2141,823 2230,823 2320,823 2409,823"/>
                <TextEquiv>
                    <Unicode>bringt in die Stadt zurück uns die. Karosse.</Unicode>
                </TextEquiv>
            </TextLine>
            <TextLine id="tr_2_tl_4" custom="readingOrder {index:3;}">
                <Coords points="1086,939 1207,930 1299,953 1342,922 1500,943 1578,920 1711,949 1827,918 1827,878 1775,878 1729,839 1615,839 1503,887 1373,843 1205,862 1180,887 1086,870"/>
                <Baseline points="1097,924 1115,924 1204,918 1294,918 1383,912 1473,918 1562,912 1652,912 1741,912 1831,906"/>
                <TextEquiv>
                    <Unicode>Und wir sind wieder da.</Unicode>
                </TextEquiv>
            </TextLine>
            <TextLine id="tr_2_tl_5" custom="readingOrder {index:4;}">
                <Coords points="1790,1009 1956,1018 1983,999 2027,1014 2206,986 2281,1036 2298,1024 2356,1047 2404,1030 2404,955 2339,918 2258,945 2194,912 2156,916 2112,949 2060,955 1938,911 1790,922"/>
                <Baseline points="1801,990 1890,990 1980,990 2069,984 2159,984 2248,984 2338,990 2409,996"/>
                <TextEquiv>
                    <Unicode>Sie sehn wir wohl;</Unicode>
                </TextEquiv>
            </TextLine>
            <TextLine id="tr_2_tl_6" custom="readingOrder {index:5;}">
                <Coords points="1134,1011 1176,1024 1257,1007 1284,1022 1307,1007 1338,1024 1396,1005 1438,1040 1465,1032 1488,1041 1490,932 1461,943 1432,934 1411,955 1369,937 1301,953 1286,939 1222,937 1149,972 1136,964"/>
                <Baseline points="1145,1007 1222,1002 1312,996 1401,996 1491,996"/>
                <TextEquiv>
                    <Unicode>ANDREA:</Unicode>
                </TextEquiv>
            </TextLine>
            <TextLine id="tr_2_tl_7" custom="readingOrder {index:6;}">
                <Coords points="1080,1095 2281,1105 2320,1093 2322,1028 2196,986 1915,1040 1771,984 1357,1007 1232,1055 1082,1014"/>
                <Baseline points="1091,1085 1163,1085 1252,1085 1341,1079 1431,1079 1520,1079 1610,1073 1699,1079 1789,1073 1878,1073 1968,1067 2057,1067 2147,1067 2236,1067 2326,1067"/>
                <TextEquiv>
                    <Unicode>Nicht Herrn Gudar, auch Casanova nicht,</Unicode>
                </TextEquiv>
            </TextLine>
            <TextLine id="tr_2_tl_8" custom="readingOrder {index:7;}">
                <Coords points="1080,1184 1199,1222 1363,1176 2416,1176 2418,1080 2218,1113 2069,1078 1784,1116 1080,1109"/>
                <Baseline points="1091,1163 1169,1169 1258,1163 1347,1163 1437,1163 1526,1157 1616,1157 1705,1157 1795,1157 1884,1151 1974,1151 2063,1151 2153,1151 2242,1151 2332,1151 2421,1151"/>
                <TextEquiv>
                    <Unicode>Der nun, vor weitren Schicksalszeichen sicher,</Unicode>
                </TextEquiv>
            </TextLine>
            <TextLine id="tr_2_tl_9" custom="readingOrder {index:8;}">
                <Coords points="1074,1263 1823,1274 1931,1247 2046,1270 2058,1182 1563,1172 1467,1211 1303,1182 1197,1222 1074,1194"/>
                <Baseline points="1085,1246 1169,1246 1258,1246 1347,1246 1437,1240 1526,1240 1616,1240 1705,1240 1795,1234 1884,1234 1974,1234 2063,1240"/>
                <TextEquiv>
                    <Unicode>Ein unverbesserlicher Liebesnarr,</Unicode>
                </TextEquiv>
            </TextLine>
            <TextLine id="tr_2_tl_10" custom="readingOrder {index:9;}">
                <Coords points="1111,1355 2158,1322 2389,1351 2389,1242 1734,1288 1538,1251 1111,1269"/>
                <Baseline points="1121,1330 1139,1330 1228,1330 1318,1330 1407,1324 1497,1324 1586,1324 1675,1318 1765,1318 1854,1318 1944,1318 2033,1318 2123,1318 2212,1318 2302,1318 2391,1312"/>
                <TextEquiv>
                    <Unicode>Vielleicht zum zweitenmal in Ihrem Wagen</Unicode>
                </TextEquiv>
            </TextLine>
            <TextLine id="tr_2_tl_11" custom="readingOrder {index:10;}">
                <Coords points="1074,1428 1569,1438 1615,1407 1704,1453 1967,1407 2218,1448 2337,1424 2339,1344 2108,1326 1736,1373 1630,1336 1546,1376 1382,1336 1207,1373 1076,1344"/>
                <Baseline points="1085,1413 1091,1413 1180,1413 1270,1413 1359,1407 1449,1407 1538,1401 1628,1401 1717,1401 1807,1401 1896,1401 1986,1401 2075,1401 2165,1395 2254,1395 2343,1395"/>
                <TextEquiv>
                    <Unicode>Der heißgeliebten Ungetreuen nachstürmt.</Unicode>
                </TextEquiv>
            </TextLine>
            <TextLine id="tr_2_tl_12" custom="readingOrder {index:11;}">
                <Coords points="1132,1519 2572,1507 2626,1488 2626,1384 2143,1455 1704,1451 1605,1409 1532,1453 1134,1448"/>
                <Baseline points="1145,1497 1198,1491 1288,1491 1377,1491 1467,1491 1556,1485 1646,1485 1735,1485 1825,1485 1914,1479 2004,1479 2093,1479 2182,1485 2272,1485 2361,1485 2451,1485 2540,1479 2630,1485"/>
                <TextEquiv>
                    <Unicode>SANTIS: Sie zu vergessen schwur er heil'gen Eid!</Unicode>
                </TextEquiv>
            </TextLine>
            <TextLine id="tr_2_tl_13" custom="readingOrder {index:12;}">
                <Coords points="1153,1594 1736,1578 1800,1607 1954,1567 2171,1578 2173,1519 1835,1492 1671,1536 1613,1500 1247,1534 1155,1513"/>
                <Baseline points="1163,1580 1192,1574 1282,1574 1371,1574 1461,1574 1550,1568 1640,1568 1729,1568 1819,1568 1908,1562 1998,1562 2087,1562 2176,1562"/>
                <TextEquiv>
                    <Unicode>FLAMINIA: Wo bleibt er denn?</Unicode>
                </TextEquiv>
            </TextLine>
            <TextLine id="tr_2_tl_14" custom="readingOrder {index:13;}">
                <Coords points="1821,1679 1971,1661 2054,1682 2183,1650 2248,1677 2618,1663 2631,1575 2574,1596 2427,1557 2323,1582 2275,1559 2175,1586 1954,1567 1906,1598 1821,1594"/>
                <Baseline points="1831,1646 1920,1646 2009,1646 2099,1646 2188,1646 2278,1646 2367,1646 2457,1640 2546,1640 2636,1646"/>
                <TextEquiv>
                    <Unicode>Warum läßt er uns warten?</Unicode>
                </TextEquiv>
            </TextLine>
            <TextLine id="tr_2_tl_15" custom="readingOrder {index:14;}">
                <Coords points="1134,1704 1163,1684 1194,1679 1217,1690 1249,1669 1301,1694 1338,1667 1369,1667 1401,1688 1421,1688 1423,1590 1388,1594 1365,1609 1330,1590 1309,1602 1274,1586 1234,1602 1209,1590 1195,1600 1190,1592 1176,1602 1165,1592 1155,1602 1136,1598"/>
                <Baseline points="1145,1658 1157,1658 1246,1658 1336,1658 1425,1652"/>
                <TextEquiv>
                    <Unicode>ANINA:</Unicode>
                </TextEquiv>
            </TextLine>
            <TextLine id="tr_2_tl_16" custom="readingOrder {index:15;}">
                <Coords points="1134,1746 1767,1771 2168,1736 2220,1763 2221,1665 2191,1650 1979,1690 1802,1659 1634,1692 1249,1669 1136,1702"/>
                <Baseline points="1145,1741 1151,1741 1240,1741 1330,1741 1419,1741 1508,1735 1598,1729 1687,1729 1777,1729 1866,1735 1956,1735 2045,1729 2135,1723 2224,1729"/>
                <TextEquiv>
                    <Unicode>ANDREA: Die Gäste sammeln sich.</Unicode>
                </TextEquiv>
            </TextLine>
            <TextLine id="tr_2_tl_17" custom="readingOrder {index:16;}">
                <Coords points="2010,1819 2060,1836 2104,1815 2187,1835 2256,1815 2383,1835 2551,1813 2626,1829 2626,1758 2556,1775 2420,1719 2264,1723 2202,1756 2168,1736 2083,1763 2010,1744"/>
                <Baseline points="2021,1813 2093,1807 2182,1807 2272,1807 2361,1807 2451,1807 2540,1807 2630,1807"/>
                <TextEquiv>
                    <Unicode>Er wird nicht fehlen.</Unicode>
                </TextEquiv>
            </TextLine>
            <TextLine id="tr_2_tl_18" custom="readingOrder {index:17;}">
                <Coords points="1134,1842 1174,1838 1197,1852 1232,1833 1245,1842 1270,1831 1286,1842 1301,1833 1336,1846 1351,1836 1392,1844 1432,1833 1432,1763 1382,1769 1336,1754 1321,1765 1280,1758 1247,1773 1222,1767 1209,1781 1178,1765 1134,1783"/>
                <Baseline points="1145,1825 1169,1819 1258,1819 1347,1819 1437,1819"/>
                <TextEquiv>
                    <Unicode>SANTIS:</Unicode>
                </TextEquiv>
            </TextLine>
            <TextLine id="tr_2_tl_19" custom="readingOrder {index:18;}">
                <Coords points="1138,1917 1220,1942 1340,1910 1734,1931 2225,1902 2225,1846 2108,1815 1915,1852 1732,1833 1594,1875 1523,1833 1140,1842"/>
                <Baseline points="1151,1908 1157,1908 1246,1902 1336,1902 1425,1902 1514,1902 1604,1896 1693,1896 1783,1896 1872,1896 1962,1896 2051,1890 2141,1890 2230,1890"/>
                <TextEquiv>
                    <Unicode>ANDREA: Sie setzen sich zu Tisch.</Unicode>
                </TextEquiv>
            </TextLine>
            <TextLine id="tr_2_tl_20" custom="readingOrder {index:19;}">
                <Coords points="2058,1979 2108,1998 2125,1983 2260,1981 2325,2002 2445,1969 2518,2006 2560,1983 2614,2010 2614,1896 2599,1892 2441,1908 2408,1888 2375,1902 2331,1885 2210,1940 2135,1906 2058,1919"/>
                <Baseline points="2069,1968 2159,1968 2248,1974 2338,1968 2427,1968 2516,1968 2606,1974 2618,1974"/>
                <TextEquiv>
                    <Unicode>Wir werden’s auch.</Unicode>
                </TextEquiv>
            </TextLine>
            <TextLine id="tr_2_tl_21" custom="readingOrder {index:20;}">
                <Coords points="1134,1996 1197,2000 1219,2021 1234,2012 1263,2021 1286,2000 1305,1998 1328,2012 1409,2017 1440,2006 1442,1929 1407,1915 1373,1927 1353,1913 1299,1912 1286,1921 1272,1915 1224,1944 1134,1931"/>
                <Baseline points="1145,1986 1174,1986 1264,1986 1353,1986 1443,1980"/>
                <TextEquiv>
                    <Unicode>SANTIS:</Unicode>
                </TextEquiv>
            </TextLine>
            <TextLine id="tr_2_tl_22" custom="readingOrder {index:21;}">
                <Coords points="1147,2079 2537,2091 2628,2077 2628,2010 2418,1981 2056,2029 1679,1965 1147,2033"/>
                <Baseline points="1157,2063 1198,2069 1288,2063 1377,2069 1467,2063 1556,2063 1646,2063 1735,2057 1825,2057 1914,2057 2004,2057 2093,2057 2182,2057 2272,2057 2361,2051 2451,2051 2540,2051 2630,2051"/>
                <TextEquiv>
                    <Unicode>ANDREA: Unhôflichkeit ist, was zumeist ich hasse.</Unicode>
                </TextEquiv>
            </TextLine>
            <TextLine id="tr_2_tl_23" custom="readingOrder {index:22;}">
                <Coords points="1086,2187 1403,2156 1654,2189 1813,2150 1971,2181 2116,2144 2298,2177 2312,2094 1835,2071 1707,2116 1399,2075 1330,2112 1151,2077 1086,2106"/>
                <Baseline points="1097,2153 1151,2153 1240,2153 1330,2153 1419,2147 1508,2147 1598,2147 1687,2147 1777,2141 1866,2141 1956,2141 2045,2141 2135,2135 2224,2135 2314,2141"/>
                <TextEquiv>
                    <Unicode>Auf eigne Rechnung speis' ich und allein.</Unicode>
                </TextEquiv>
            </TextLine>
            <TextLine id="tr_2_tl_24" custom="readingOrder {index:23;}">
                <Coords points="1116,2270 2606,2235 2608,2144 1910,2156 1831,2198 1116,2183"/>
                <Baseline points="1127,2236 1180,2230 1270,2230 1359,2230 1449,2230 1538,2224 1628,2224 1717,2224 1807,2224 1896,2224 1986,2224 2075,2224 2165,2218 2254,2224 2343,2218 2433,2212 2522,2212 2612,2218"/>
                <TextEquiv>
                    <Unicode>(Wendet sich der Türe rechts zu. Bewegung draußen im Garten.)</Unicode>
                </TextEquiv>
            </TextLine>
            <TextLine id="tr_2_tl_25" custom="readingOrder {index:24;}">
                <Coords points="1134,2327 1311,2345 1465,2318 1503,2343 1552,2322 1619,2341 1738,2320 1796,2343 1796,2254 1715,2241 1598,2258 1465,2239 1380,2268 1240,2243 1134,2268"/>
                <Baseline points="1145,2314 1174,2314 1264,2314 1353,2314 1443,2308 1532,2308 1622,2308 1711,2308 1801,2308"/>
                <TextEquiv>
                    <Unicode>SANTIS: Was gibt’s?</Unicode>
                </TextEquiv>
            </TextLine>
            <TextLine id="tr_2_tl_26" custom="readingOrder {index:25;}">
                <Coords points="1138,2433 1398,2406 1475,2443 1675,2393 1835,2424 2183,2418 2166,2302 1671,2368 1546,2325 1140,2345"/>
                <Baseline points="1151,2391 1204,2397 1294,2397 1383,2397 1473,2397 1562,2397 1652,2391 1741,2391 1831,2397 1920,2391 2009,2391 2099,2385 2188,2385"/>
                <TextEquiv>
                    <Unicode>FLAMINIA (zum Fenster): Er ist es.</Unicode>
                </TextEquiv>
            </TextLine>
            <TextLine id="tr_2_tl_27" custom="readingOrder {index:26;}">
                <Coords points="2131,2472 2156,2487 2273,2477 2318,2491 2354,2474 2452,2476 2454,2402 2375,2397 2300,2433 2287,2426 2260,2435 2198,2404 2160,2424 2133,2412"/>
                <Baseline points="2141,2469 2188,2469 2278,2469 2367,2463 2457,2457"/>
                <TextEquiv>
                    <Unicode>Casanova r</Unicode>
                </TextEquiv>
            </TextLine>
            <TextLine id="tr_2_tl_28" custom="readingOrder {index:27;}">
                <Coords points="1134,2508 1151,2518 1192,2514 1230,2489 1272,2501 1294,2485 1324,2506 1374,2489 1442,2520 1444,2424 1405,2429 1373,2410 1317,2429 1272,2420 1211,2435 1178,2424 1134,2437"/>
                <Baseline points="1145,2481 1180,2481 1270,2475 1359,2481 1449,2475"/>
                <TextEquiv>
                    <Unicode>SANTIS:</Unicode>
                </TextEquiv>
            </TextLine>
            <TextLine id="tr_2_tl_29" custom="readingOrder {index:28;}">
                <Coords points="1120,2601 1145,2589 1186,2606 1203,2593 1222,2606 1259,2597 1301,2626 1367,2583 1413,2587 1419,2508 1363,2489 1324,2508 1317,2499 1286,2512 1276,2504 1251,2514 1238,2504 1219,2514 1203,2506 1157,2531 1126,2533"/>
                <Baseline points="1133,2570 1151,2570 1240,2564 1330,2558 1419,2552"/>
                <TextEquiv>
                    <Unicode>ANINA:</Unicode>
                </TextEquiv>
            </TextLine>
            <TextLine id="tr_2_tl_30" custom="readingOrder {index:29;}">
                <Coords points="1353,2697 1580,2714 1682,2649 1759,2674 1989,2643 2327,2651 2327,2574 2281,2589 2148,2543 2004,2574 1938,2535 1827,2562 1736,2541 1632,2587 1355,2597"/>
                <Baseline points="1365,2654 1437,2642 1526,2642 1616,2642 1705,2642 1795,2642 1884,2642 1974,2636 2063,2636 2153,2636 2242,2630 2332,2636"/>
                <TextEquiv>
                    <Unicode>(Anina und Flaminia öffnen das Fenster.)</Unicode>
                </TextEquiv>
            </TextLine>
        </TextRegion>
        <TextRegion id="tr_1" custom="readingOrder {index:1;}">
            <Coords points="3077,981 4628,981 4628,3177 3077,3177"/>
            <TextLine id="tr_1_tl_1" custom="readingOrder {index:0;}">
                <Coords points="3371,1043 3392,1043 3407,1051 3419,1043 3442,1049 3455,1041 3486,1053 3496,1043 3504,1051 3525,1049 3525,966 3484,970 3459,986 3450,986 3432,972 3371,976"/>
                <Baseline points="3381,1031 3471,1031 3530,1031"/>
                <TextEquiv>
                    <Unicode>G.C.F.P.</Unicode>
                </TextEquiv>
            </TextLine>
            <TextLine id="tr_1_tl_2" custom="readingOrder {index:1;}">
                <Coords points="3767,1107 3831,1076 3890,1097 3971,1057 4044,1082 4164,1028 4406,1076 4414,947 4227,903 4137,957 3987,941 3846,972 3777,951"/>
                <Baseline points="3781,1067 3787,1067 3876,1061 3966,1043 4055,1037 4145,1031 4234,1031 4324,1031 4413,1031"/>
                <TextEquiv>
                    <Unicode>III.</Unicode>
                </TextEquiv>
            </TextLine>
            <TextLine id="tr_1_tl_3" custom="readingOrder {index:2;}">
                <Coords points="3084,1182 4227,1190 4605,1161 4605,1097 4404,1070 4187,1115 3971,1059 3719,1134 3086,1136"/>
                <Baseline points="3095,1174 3178,1174 3268,1174 3357,1169 3447,1169 3536,1163 3626,1163 3715,1157 3805,1157 3894,1157 3984,1157 4073,1151 4163,1151 4252,1151 4342,1151 4431,1145 4520,1145 4610,1145"/>
                <TextEquiv>
                    <Unicode>Im Hintergrund unter Bäumen ist der gedeckte Tisch sichtbar, an</Unicode>
                </TextEquiv>
            </TextLine>
            <TextLine id="tr_1_tl_4" custom="readingOrder {index:3;}">
                <Coords points="3084,1274 4560,1242 4612,1232 4614,1180 3086,1182"/>
                <Baseline points="3095,1246 3184,1240 3274,1234 3363,1234 3453,1234 3542,1228 3632,1234 3721,1228 3811,1228 3900,1222 3990,1222 4079,1222 4169,1216 4258,1216 4347,1216 4437,1210 4526,1210 4616,1216"/>
                <TextEquiv>
                    <Unicode>dem die Gäste zwanglos gruppiert sind. Noch nicht alle haben Platz</Unicode>
                </TextEquiv>
            </TextLine>
            <TextLine id="tr_1_tl_5" custom="readingOrder {index:4;}">
                <Coords points="3084,1340 4530,1317 4593,1309 4595,1226 3086,1274"/>
                <Baseline points="3095,1312 3167,1306 3256,1306 3345,1306 3435,1306 3524,1300 3614,1300 3703,1294 3793,1294 3882,1294 3972,1294 4061,1288 4151,1282 4240,1282 4330,1282 4419,1282 4509,1282 4598,1276"/>
                <TextEquiv>
                    <Unicode>genommen; die früber Erwäbnten, so insbesondere der Lord und die</Unicode>
                </TextEquiv>
            </TextLine>
            <TextLine id="tr_1_tl_6" custom="readingOrder {index:5;}">
                <Coords points="3065,1398 4587,1392 4599,1301 3067,1349"/>
                <Baseline points="3077,1377 3083,1377 3173,1371 3262,1371 3351,1371 3441,1365 3530,1365 3620,1365 3709,1365 3799,1359 3888,1359 3978,1359 4067,1353 4157,1353 4246,1353 4336,1353 4425,1347 4514,1347 4604,1359"/>
                <TextEquiv>
                    <Unicode>Witwe aus Holland, beben sich bervor. Noch weiter im Hintergrunde,</Unicode>
                </TextEquiv>
            </TextLine>
            <TextLine id="tr_1_tl_7" custom="readingOrder {index:6;}">
                <Coords points="3072,1459 4297,1465 4366,1426 4605,1451 4607,1392 3074,1388"/>
                <Baseline points="3083,1443 3089,1449 3178,1443 3268,1437 3357,1437 3447,1437 3536,1437 3626,1431 3715,1431 3805,1431 3894,1431 3984,1425 4073,1425 4163,1425 4252,1419 4342,1419 4431,1419 4520,1419 4610,1425"/>
                <TextEquiv>
                    <Unicode>durch die Allee beranschreitend wird Casanova sichtbar im bellen,</Unicode>
                </TextEquiv>
            </TextLine>
            <TextLine id="tr_1_tl_8" custom="readingOrder {index:7;}">
                <Coords points="3076,1565 3825,1505 4387,1571 4599,1542 4599,1448 4495,1430 4295,1467 3078,1455"/>
                <Baseline points="3089,1514 3173,1508 3262,1508 3351,1508 3441,1508 3530,1508 3620,1503 3709,1503 3799,1497 3888,1497 3978,1497 4067,1497 4157,1497 4246,1497 4336,1491 4425,1491 4514,1491 4604,1491"/>
                <TextEquiv>
                    <Unicode>Staatsgewand, reich geschmückt mit Ringen, Ketten, Dosen usw.</Unicode>
                </TextEquiv>
            </TextLine>
            <TextLine id="tr_1_tl_9" custom="readingOrder {index:8;}">
                <Coords points="3126,1613 3675,1629 3788,1596 4041,1619 4110,1596 4112,1534 3994,1511 3908,1548 3342,1525 3128,1548"/>
                <Baseline points="3137,1592 3220,1592 3310,1592 3399,1586 3489,1586 3578,1586 3668,1586 3757,1580 3846,1580 3936,1580 4025,1580 4115,1574"/>
                <TextEquiv>
                    <Unicode>SANTIS (durchs offene Fenster binaus):</Unicode>
                </TextEquiv>
            </TextLine>
            <TextLine id="tr_1_tl_10" custom="readingOrder {index:9;}">
                <Coords points="3084,1696 3161,1715 3251,1684 3405,1681 3484,1707 3567,1679 3646,1707 3750,1677 3823,1696 3854,1688 3856,1605 3775,1630 3711,1609 3519,1638 3450,1615 3405,1642 3309,1638 3247,1605 3084,1611"/>
                <Baseline points="3095,1670 3184,1675 3274,1675 3363,1670 3453,1675 3542,1670 3632,1664 3721,1664 3811,1664 3858,1670"/>
                <TextEquiv>
                    <Unicode>Willkommen, werte Gäste!</Unicode>
                </TextEquiv>
            </TextLine>
            <TextLine id="tr_1_tl_11" custom="readingOrder {index:10;}">
                <Coords points="3126,1784 4314,1758 4395,1786 4422,1717 4056,1675 3946,1704 3856,1677 3754,1721 3376,1682 3128,1706"/>
                <Baseline points="3137,1759 3173,1759 3262,1759 3351,1759 3441,1759 3530,1759 3620,1759 3709,1759 3799,1753 3888,1753 3978,1753 4067,1747 4157,1747 4246,1747 4336,1747 4425,1747"/>
                <TextEquiv>
                    <Unicode>STIMiss der Eingeladenen: Dank, Baron.</Unicode>
                </TextEquiv>
            </TextLine>
            <TextLine id="tr_1_tl_12" custom="readingOrder {index:11;}">
                <Coords points="3136,1875 4146,1861 4135,1775 3954,1811 3885,1784 3819,1825 3496,1767 3269,1777 3215,1810 3138,1792"/>
                <Baseline points="3149,1848 3167,1848 3256,1848 3345,1848 3435,1842 3524,1842 3614,1842 3703,1842 3793,1848 3882,1842 3972,1837 4061,1837 4151,1837"/>
                <TextEquiv>
                    <Unicode>SANTIS: Willkommen, Casanova!</Unicode>
                </TextEquiv>
            </TextLine>
            <TextLine id="tr_1_tl_13" custom="readingOrder {index:12;}">
                <Coords points="4129,1950 4202,1958 4223,1942 4231,1950 4272,1933 4345,1929 4364,1948 4385,1931 4426,1935 4426,1865 4399,1875 4352,1848 4281,1886 4239,1871 4223,1879 4204,1867 4177,1873 4164,1861 4129,1865"/>
                <Baseline points="4139,1920 4228,1920 4318,1920 4407,1920 4431,1926"/>
                <TextEquiv>
                    <Unicode>Casanova!</Unicode>
                </TextEquiv>
            </TextLine>
            <TextLine id="tr_1_tl_14" custom="readingOrder {index:13;}">
                <Coords points="3149,1960 3184,1950 3278,1965 3305,1948 3332,1964 3386,1944 3417,1965 3515,1946 3511,1877 3484,1886 3455,1873 3440,1883 3367,1865 3323,1875 3282,1861 3215,1886 3151,1871"/>
                <Baseline points="3161,1938 3250,1938 3340,1938 3429,1938 3518,1926"/>
                <TextEquiv>
                    <Unicode>STIMMAN:</Unicode>
                </TextEquiv>
            </TextLine>
            <TextLine id="tr_1_tl_15" custom="readingOrder {index:14;}">
                <Coords points="3126,2052 3307,2067 3403,2027 3704,2062 4002,2021 4431,2073 4447,1937 4031,1983 3810,1927 3652,1979 3502,1944 3403,1983 3307,1948 3126,1981"/>
                <Baseline points="3137,2033 3196,2027 3286,2027 3375,2027 3465,2027 3554,2021 3644,2021 3733,2021 3823,2021 3912,2015 4002,2009 4091,2015 4180,2015 4270,2009 4359,2009 4449,2009"/>
                <TextEquiv>
                    <Unicode>LORD: O Mister Casanova, very enchanted!</Unicode>
                </TextEquiv>
            </TextLine>
            <TextLine id="tr_1_tl_16" custom="readingOrder {index:15;}">
                <Coords points="3513,2137 3609,2104 3763,2123 3813,2106 3927,2133 4039,2102 4170,2123 4171,2056 4000,2021 3885,2058 3515,2060"/>
                <Baseline points="3524,2111 3548,2105 3638,2099 3727,2099 3817,2099 3906,2093 3996,2093 4085,2093 4175,2093"/>
                <TextEquiv>
                    <Unicode>(Er drückt ihm die Hand.)</Unicode>
                </TextEquiv>
            </TextLine>
            <TextLine id="tr_1_tl_17" custom="readingOrder {index:16;}">
                <Coords points="3138,2214 3494,2198 3654,2237 3958,2185 4110,2210 4112,2116 3904,2148 3796,2114 3659,2154 3384,2094 3315,2131 3138,2135"/>
                <Baseline points="3149,2188 3220,2188 3310,2188 3399,2188 3489,2188 3578,2188 3668,2188 3757,2188 3846,2176 3936,2176 4025,2176 4115,2171"/>
                <TextEquiv>
                    <Unicode>MUTTER aus Lyon (zu Casanova):</Unicode>
                </TextEquiv>
            </TextLine>
            <TextLine id="tr_1_tl_18" custom="readingOrder {index:17;}">
                <Coords points="3078,2285 3093,2283 3111,2300 3151,2297 3180,2281 3217,2289 3251,2281 3290,2297 3309,2285 3328,2289 3328,2218 3298,2200 3240,2229 3207,2216 3184,2225 3163,2212 3136,2216 3118,2200 3078,2212"/>
                <Baseline points="3089,2272 3178,2272 3268,2272 3334,2272"/>
                <TextEquiv>
                    <Unicode>Hieher!</Unicode>
                </TextEquiv>
            </TextLine>
            <TextLine id="tr_1_tl_19" custom="readingOrder {index:18;}">
                <Coords points="3157,2375 3432,2379 3515,2352 3665,2381 3708,2354 3786,2387 3985,2347 4017,2368 4019,2291 3848,2260 3821,2285 3659,2283 3525,2323 3453,2279 3159,2298"/>
                <Baseline points="3167,2355 3220,2355 3310,2355 3399,2355 3489,2349 3578,2349 3668,2349 3757,2349 3846,2343 3936,2343 4025,2332"/>
                <TextEquiv>
                    <Unicode>TOCHTER: An meine Seite!</Unicode>
                </TextEquiv>
            </TextLine>
            <TextLine id="tr_1_tl_20" custom="readingOrder {index:19;}">
                <Coords points="3991,2433 4054,2429 4135,2452 4170,2422 4241,2443 4262,2429 4287,2451 4314,2441 4377,2451 4406,2441 4410,2335 4366,2325 4300,2352 4254,2335 4179,2366 4152,2362 4127,2383 4058,2347 4019,2368 3992,2364"/>
                <Baseline points="4002,2427 4055,2421 4145,2421 4234,2415 4324,2415 4413,2409"/>
                <TextEquiv>
                    <Unicode>Nein, zu mir!</Unicode>
                </TextEquiv>
            </TextLine>
            <TextLine id="tr_1_tl_21" custom="readingOrder {index:20;}">
                <Coords points="3157,2445 3203,2452 3213,2443 3226,2449 3261,2441 3276,2449 3298,2441 3305,2449 3317,2441 3430,2466 3430,2372 3365,2366 3336,2381 3301,2374 3280,2381 3257,2368 3221,2383 3203,2374 3184,2383 3157,2375"/>
                <Baseline points="3167,2433 3256,2433 3345,2433 3435,2433"/>
                <TextEquiv>
                    <Unicode>WITWE:</Unicode>
                </TextEquiv>
            </TextLine>
            <TextLine id="tr_1_tl_22" custom="readingOrder {index:21;}">
                <Coords points="3144,2533 4050,2522 4341,2603 4499,2568 4503,2395 4360,2451 4214,2435 4110,2493 3806,2424 3145,2462"/>
                <Baseline points="3155,2522 3161,2516 3250,2522 3340,2522 3429,2522 3518,2522 3608,2522 3697,2516 3787,2516 3876,2510 3966,2510 4055,2510 4145,2510 4234,2505 4324,2505 4413,2499 4503,2499"/>
                <TextEquiv>
                    <Unicode>SANTIS: Vorerst noch, Casanova, auf ein Wort.</Unicode>
                </TextEquiv>
            </TextLine>
            <TextLine id="tr_1_tl_23" custom="readingOrder {index:22;}">
                <Coords points="3138,2631 3369,2618 3461,2653 3529,2616 3717,2643 3854,2608 4062,2631 4064,2556 3919,2574 3725,2541 3511,2566 3403,2539 3140,2562"/>
                <Baseline points="3149,2606 3173,2612 3262,2612 3351,2612 3441,2612 3530,2606 3620,2606 3709,2606 3799,2606 3888,2600 3978,2594 4067,2600"/>
                <TextEquiv>
                    <Unicode>CASANOVA (ist näber gekommen):</Unicode>
                </TextEquiv>
            </TextLine>
            <TextLine id="tr_1_tl_24" custom="readingOrder {index:23;}">
                <Coords points="3103,2708 4522,2682 4501,2595 4237,2576 3962,2655 3831,2620 3105,2635"/>
                <Baseline points="3113,2689 3184,2695 3274,2695 3363,2695 3453,2695 3542,2689 3632,2689 3721,2689 3811,2683 3900,2677 3990,2677 4079,2677 4169,2677 4258,2672 4347,2672 4437,2672 4526,2666"/>
                <TextEquiv>
                    <Unicode>Was wird gewünscht? (Anina und Flaminia gewabrend):</Unicode>
                </TextEquiv>
            </TextLine>
            <TextLine id="tr_1_tl_25" custom="readingOrder {index:24;}">
                <Coords points="3740,2784 3869,2774 3904,2799 4181,2776 4220,2797 4341,2768 4522,2772 4524,2683 4345,2712 4214,2687 4166,2722 4046,2691 3896,2718 3788,2693 3742,2707"/>
                <Baseline points="3751,2767 3811,2767 3900,2761 3990,2761 4079,2761 4169,2761 4258,2755 4347,2755 4437,2749 4526,2755"/>
                <TextEquiv>
                    <Unicode>Den Damen meinen Gruß.</Unicode>
                </TextEquiv>
            </TextLine>
            <TextLine id="tr_1_tl_26" custom="readingOrder {index:25;}">
                <Coords points="3097,2872 4572,2861 4618,2849 4620,2755 3854,2812 3573,2760 3242,2807 3099,2770"/>
                <Baseline points="3107,2856 3190,2850 3280,2850 3369,2850 3459,2850 3548,2850 3638,2850 3727,2850 3817,2844 3906,2844 3996,2844 4085,2839 4175,2839 4264,2839 4353,2833 4443,2833 4532,2827 4622,2833"/>
                <TextEquiv>
                    <Unicode>(Anina und Flaminia, die zu seiten des Fensters stehen, die eine rechts,</Unicode>
                </TextEquiv>
            </TextLine>
            <TextLine id="tr_1_tl_27" custom="readingOrder {index:26;}">
                <Coords points="3078,2964 4591,2926 4628,2851 3080,2868"/>
                <Baseline points="3089,2922 3107,2922 3196,2922 3286,2922 3375,2922 3465,2922 3554,2922 3644,2916 3733,2916 3823,2916 3912,2916 4002,2910 4091,2910 4180,2910 4270,2910 4359,2904 4449,2898 4538,2898 4628,2904"/>
                <TextEquiv>
                    <Unicode>die andre links, erwidern kaum merklich die Verbeugung Casanovas.)</Unicode>
                </TextEquiv>
            </TextLine>
            <TextLine id="tr_1_tl_28" custom="readingOrder {index:27;}">
                <Coords points="3151,3028 4589,3015 4620,2914 4171,2968 3390,2930 3151,2972"/>
                <Baseline points="3161,3017 3190,3011 3280,3011 3369,3011 3459,3011 3548,3006 3638,3006 3727,3006 3817,3006 3906,3000 3996,3000 4085,3000 4175,3000 4264,3000 4353,2994 4443,2994 4532,2988 4622,2988"/>
                <TextEquiv>
                    <Unicode>ANDREA (stebt, für Casanova unsichtbar, immer noch an der-</Unicode>
                </TextEquiv>
            </TextLine>
            <TextLine id="tr_1_tl_29" custom="readingOrder {index:28;}">
                <Coords points="3090,3090 3159,3115 3788,3090 3923,3120 3977,3088 4175,3095 4216,3076 4218,3013 3952,3051 3804,3018 3184,3036 3092,2997"/>
                <Baseline points="3101,3083 3149,3077 3238,3077 3328,3083 3417,3077 3507,3077 3596,3077 3685,3077 3775,3071 3864,3071 3954,3071 4043,3071 4133,3071 4222,3071"/>
                <TextEquiv>
                    <Unicode>Türe rechts, dem Innern des Zimmers abgewandt).</Unicode>
                </TextEquiv>
            </TextLine>
            <TextLine id="tr_1_tl_30" custom="readingOrder {index:29;}">
                <Coords points="3151,3180 3313,3228 3400,3182 3629,3230 3939,3186 4039,3215 4289,3188 4289,3095 3923,3120 3540,3088 3151,3122"/>
                <Baseline points="3161,3167 3220,3167 3310,3167 3399,3167 3489,3167 3578,3167 3668,3167 3757,3167 3846,3167 3936,3167 4025,3167 4115,3167 4204,3167 4294,3161"/>
                <TextEquiv>
                    <Unicode>SANTIS: Gleich sollen Sie's erfahren.</Unicode>
                </TextEquiv>
            </TextLine>
        </TextRegion>
    </Page>
</PcGts>
