6055 4696
1425 398 1933 570 Arthur Schnitzler
671 495 2021 693 noch geschwinder, als Sie sich’s erträumen —
2209 607 2404 722 G.C.F.P.
553 634 1989 757 Vielleicht schon morgen ist das Geld geschafft.
631 711 1853 856 Andrea: Ihr Freund in Brüssel —?
1765 770 2553 912 Herr Lausin — vielleicht.
642 802 1027 920 Casanova:
537 856 2209 1027 Wenn nicht schon vorher die Gelegenheit — (lächelnd)
2198 901 2369 1056 G.C.F.P.
537 960 1254 1094 Ich reise mit Gudar —
1711 952 1885 1043 G.C.F.P.
1246 1005 1917 1147 Den Sie bezahlen.
647 1045 944 1142 Andrea:
647 1094 2497 1219 Casanova: Natürlich. Dies vor allem. Lad' ihn dann
460 1206 1660 1332 In meinen Wagen als Begleiter ein
553 1270 2438 1377 Ein Spielchen — auf der Fahrt, im ersten Posthaus; —
2500 1225 2690 1409 G.F.P.
553 1350 1898 1444 Und lächelt mir das Glück wie gestern ihm —
545 1422 1963 1545 Und die Wahrscheinlichkeit spricht sehr dafür —,
553 1513 1802 1636 So hab' vor Abend ich mein Geld zurück.
655 1596 1356 1709 Andrea: Mein Geld.
655 1671 1270 1775 Casanova (lächelnd):
1358 1636 2492 1751 Vielmehr das Geld des Herrn Gudar.
647 1722 1880 1880 Andrea: Der dann so arm ist wie zuvor.
1925 1794 2259 1941 Wer spielt,
652 1829 1008 1938 Casanova:
553 1864 1880 2003 Muß auf der Karten Tücke stets gefaßt sein.
642 1984 1671 2120 Andrea: Doch Sie beklagten ihn.
1668 2040 2353 2179 Wie sollt' ich's nicht?
642 2067 1035 2171 Casanova:
553 2104 1901 2257 Ein Greis beinah und war einst jung wie ich,
545 2219 1842 2315 Sogar wie Sie. War Offizier, ein Held —
553 2299 1773 2409 Ihn liebten edle Frau'n. Sie hätten ihn
570 2372 1687 2479 Wie ich in seiner Blüte kennen sollen,
553 2452 1786 2572 Da ihn geheime Sendung nach Venedig —
545 2524 1823 2626 Auf meine Wege noch geheim're — führte,
564 2612 2094 2717 Und wir — er noch ein Mann, ich fast ein Knabe —
564 2687 1767 2797 Aus blut'ger Liebesfehde, wie's zuweilen
564 2794 1928 2874 Sich fügt — als Freundespaar emporgetaucht.
559 2861 1995 2965 So was vergißt sich nicht. Ich weiß nicht, wem
559 2933 1826 3083 Ich lieber tausend Goldstück' schuldig bliebe
564 3024 1404 3160 Als meinem Freund Gudar.
1382 3059 1941 3195 Ich weiß es; mir.
660 3096 938 3195 Andrea:
666 3144 2668 3278 Casanova (berutta): Dem jüngern Freund, dem glücklichern vor allem.
545 3254 1992 3350 Sie zögern? Trau'n Sie meinem Sterne nicht?
671 3334 2380 3428 Andrea: Was hat Ihr Stern mit meinem Gold zu tun?
660 3409 2358 3519 Casanova: So spricht ein Handelsmann, nicht ei Poet.
564 3487 1826 3599 Doch jenem auch vermag ich zu entgegnen.
989 3540 2358 3660 (Auf den Wechsel deutend, den er noch immer in der Hand hält)
564 3602 2000 3754 Was steht hier? Tausend. Machen wir daraus
559 3735 1652 3861 Zweitausend, zahlbar in zwei Jahren.
1655 3794 1810 3901 Und
660 3810 952 3909 Andrea:
719 3888 920 3997 er —?
3254 487 4671 647 Casanova: Woher? Die Wahl ist freilich schw.
3134 626 4313 733 Da wäre denn vor allem Herr Lausin —
3217 698 4195 840 Andrea: Der mit den Spitzen?
3203 773 3620 885 Casanova:
4198 693 4679 882 Der seit Jahr v
3139 842 4479 965 Zum Eintritt mich in sein Geschäft beschwört,
3115 925 4238 1029 Weil ich zuweilen aus Gefälligkeit
3126 984 4267 1118 Anpreise seine Ware schönen Damen
3118 1072 4428 1190 Und ihm schon manche Kunde so gewann.
3235 1123 4906 1262 Andrea: Doch dünkt mich ein Beruf von solcher Art —
3211 1219 5035 1334 Casanova (cata): Nicht würdig Ihres sehr ergebnen Dieners.
3128 1313 4545 1425 So dacht auch ich, darum verschmäht' ich ihn.
3139 1406 4356 1497 Zumal ich, wenn man spekulieren wollte,
3139 1455 4438 1586 Mit meiner kleinen chemischen Erfindung
3150 1556 3885 1690 Sie hörten wohl davon?
3235 1583 4230 1746 Andrea (unbestimmt): Mir war's
4315 1679 4719 1823 Man spricht
3235 1725 3850 1837 Casanova (bescheiden):
3134 1775 4476 1896 Davon zuviel. Wir sind erst beim Versuch.
3144 1832 4572 1995 Doch wenn die weitern das Versprechen halten,
3152 1965 4294 2059 Das uns der erste gab, hebt eine neue
3152 2045 3500 2160 Epoche an.
3241 2118 3794 2230 Andrea: Wieso?
3249 2136 4569 2289 Casanova (wie begeistern): Die Farben leuchten
3134 2275 4473 2364 Wie üpp'ge Blumen in des Südens Pracht
3144 2342 4454 2484 Und bleichen nie. Der reichste Seidenstoff
4123 2422 4409 2529 (andrer Ton)
3144 2468 4497 2631 Bleibt so selbst in der Wäsche unverwüstlich.
3249 2599 4091 2700 Andrea (muß unwillkürlich lachen).
3254 2631 4906 2770 Casanova: Führt Sie die Reise nächstens nach Paris,
3150 2762 4540 2848 Soll mein Vertraunsmann, Doktor Retigneul,
3152 2818 4433 2922 So sorglich sonst er das Geheimnis hütet,
3144 2890 4444 3021 Die schönsten Proben Ihrer Gattin weisen.
3254 3003 4270 3099 Andrea (macht eine ungeduldige Gebärde).
3265 2992 5414 3174 Casanova (die Gebürde mißverstehend): O, zum Verkaufe steht noch keine aus.
3259 3128 5000 3241 Andrea (pottend): So daß Sie auch von dieser Seite nicht
3152 3227 4519 3329 So bald sich größre Summen hoffen dürften.
3265 3286 4952 3452 Casanova: In Bälde kaum. Doch Summen ungezählt,
3168 3369 4235 3487 So daß man auf Verlegerhonorare
3168 3468 4294 3553 Und all dergleichen kläglichen Gewinn
3163 3540 4369 3666 Für weitre Lebenszeit verzichten könnte.
3176 3626 3698 3746 Indessen freilich -
3767 3655 4425 3805 Sie verdienen Geld?
3270 3706 3575 3807 Andrea:
3275 3749 4906 3885 Casanova: Doch leider, wie Sie merken, nicht genug.
3168 3858 4564 3995 Ja, könnt' ich mich entschließen, von mir selbst
