7048 5080
1860 486 2389 632 Arthur Schnitzler
951 579 2150 771 Dem werten Publiko was zu erzählen,
970 715 2052 832 Es gäbe mancherlei. So bietet mir
975 752 2394 933 Dreitausend Gulden Herr Jan Groth im Haag
994 877 2163 989 Für eine Schild'rung meiner Kerkerhaft
975 959 2243 1068 Und wunderbaren Flucht und Rettung an.
1076 1031 2830 1156 Andrea: Dreitausend? And Sie schlugen aus! Warum?
1100 1127 2703 1225 Casanova: Nur ungern bin ich meiner Taten Herold.
1090 1214 2679 1294 Andrea: Davon war gestern abend nichts zu merken.
1071 1249 2774 1385 Casanova: Ein Spötter gar? So raten Sie mir selbst,
994 1342 2469 1451 Wie widersteht man schöner Frau'n Bestürmung?
994 1430 2392 1536 Sie hörten's. Man entriß mir den Bericht —
975 1525 2458 1637 Wie stets. Bequemer wahrlich wär's, man hätte
989 1602 2384 1717 Ein Büchlein gleich bereit, statt jeder Antwort,
994 1682 2094 1773 Zu angemeßnem Preise zu verkaufen.
989 1759 2275 1847 Und wär' der Einfall früher mir gekommen,
989 1812 2543 1935 So wüßt' ich doch — blieb ich Gudar auch schuldig
989 1911 2094 2025 Zumindest, wie ich meine Zeche zahle
999 1993 1889 2105 Und Angeld meinem Kutscher.
1908 2070 2639 2187 Wie —? Auch das —?
1090 2083 1385 2195 Andrea:
1010 2147 1677 2296 So steht's mit Ihnen?
1695 2222 2280 2363 Für den Augenblick.
1092 2246 1451 2368 Casanova:
1005 2336 2567 2456 Es wär' nicht schlimm, wenn man nicht reisen müßte.
1095 2413 2328 2514 Andrea (nach kurzer Pause wie mit einem Entschluß):
1005 2503 2224 2620 Nun denn, Sie sollen die Dukaten haben.
999 2594 2328 2692 Die tausend für Gudar und auch die fünfzig
994 2655 2243 2751 Auf die großmütig Sie verzichten wollten,
1005 2748 2429 2844 Den „Überschuß" — für Wirt und Reisewagen.
1090 2830 2769 2942 Casanova: So und nicht anders hab' ich mit's erwartet.
999 2905 2511 3016 Von heut' ab. — nehmen Sie's statt jedes Danks
999 3006 2373 3123 Lebt Ihnen auf der Welt kein treu'rer Freund
994 3075 1459 3189 Als Casanova.
1119 3133 2299 3261 Andrea: Nicht so rasch, mein Herr.
1018 3229 2291 3348 Sie werden dieses Gold nicht früher haben,
999 3322 2161 3452 Eh' mir auf eine Frage Antwort wird.
1100 3391 1940 3550 Casanova: So fragen Sie.
1108 3497 1414 3601 Andrea:
1953 3436 2867 3617 Und Antwort ohne Umschweif.
999 3545 2171 3678 Wahr bis ins leyte unter heil'gem Eid.
1095 3641 2859 3760 Casanova: Was hätt' ich einem Freunde zu verschweigen?
1108 3728 3239 3835 Andrea (langsam, aber nicht zu empt: Was zwingt Sie, Spa so eilig zu verlassen)
1100 3800 2176 3925 Casanova (nach einem unmerklichen Jögern):
970 3867 2203 3997 Daß ich des Lebens hier nicht sicher bin.
1113 3960 2907 4103 Andrea: Wie das? — Warum? Sie schwuren, Casanova!
967 4085 1143 4252 36
4632 436 5113 598 Die Schwestern
3853 558 5631 755 Casanova: And trotzdem zweifeln Sie? Was könnte sonst
3752 680 4470 821 Als dringende Gefahr —
4507 720 5174 909 Sind Sie der Mann,
3840 776 4151 882 Andrea:
3763 850 4499 975 Der vor Gefahren flieht
4531 866 5068 1052 Vor offnen, nein,
3853 941 4212 1042 Casanova:
3758 983 4927 1111 Doch lauert tückisch im Verborgnen sie,
3739 1084 4985 1191 Als Mörderdolch an dunkler Straßenecke,
3744 1161 5025 1284 Als Tropfen Gift im weingefüllten Kelch,
3752 1249 5238 1353 Beim Fest als des betrunknen Würgers Hand —
3763 1323 4959 1454 So wär' es tölpisch, sie herauszufordern.
3752 1403 4273 1515 Sie finden nicht?
3853 1424 5187 1589 Andrea: Gibt’s hierzuland — vielmehr,
3763 1555 5187 1674 Gibt's einen Ort, wo Männer Ihres Wandels,
3763 1632 4858 1730 Wo Casanova vor betrognen Gatten,
3776 1693 5044 1820 Verführten Mädchen und verratnen Frau'n
3752 1796 4940 1900 Für alle Zeit gefeit sich wähnen dürfte?
3840 1882 5490 1993 Casanova: O, was für Worte! Keines gilt für mich!
3763 1951 5371 2065 Verführt' ich jemals —? Nein, ich war zur Stelle,
3763 2041 4903 2147 Wenn just mit holder Zauberei Natur
3763 2107 5076 2240 Ihr Werk begonnen. Auch verriet ich keine,
3766 2200 4996 2288 Denn ewig dankbar jeder blieb mein Herz.
3758 2280 5020 2365 Und gar die Fabel vom betrognen Mann!
3758 2349 5126 2442 Nur Bosheit schuf so sinnlos schnödes Wort.
3768 2424 4996 2543 Ist der betrogen, der sein Schicksal kennt?
5158 2421 6668 2665 des Geheimsblieb
3768 2517 4829 2628 Der zu beklagen, der es nie erfuhr?
3867 2594 4515 2711 Andrea: Sophisterei!
4520 2626 5249 2777 Philosophie, mein Herr.
3859 2673 4220 2780 Casanova:
3867 2719 5520 2883 Andrea: Doch Ihre nur, nicht des betrognen Gatten;
4677 2822 5073 2907 (in anderm Ton):
3758 2857 5089 3000 Wie — wenn ich Ihre Flucht verstehen soll
3758 2958 4940 3091 Sich eben neu.an einem Beispiel weist.
3853 3040 4709 3152 Casanova: So ahnen Sie?
3853 3117 5007 3250 Andrea (In höchster Spannung, aber beherrscht):
4730 3162 5687 3327 Vielleicht. Doch muß ich wissen,
3755 3245 5124 3388 Eh' ich mein Gold für Ihren Wechsel tausche.
3859 3354 4799 3465 Casanova (nach einem kurzen Zögern):
3758 3436 4884 3556 Da Ihre Jugend solche Vorsicht hegt,
3752 3503 5092 3606 So will ich — wie mit Zinsen im voraus —
3752 3577 5238 3726 Mit gutem Ratschlag meinen Schuldschein fristen.
3853 3667 4502 3790 Andrea: Der wäre?
3867 3755 4268 3861 Casanova:
4504 3721 5498 3867 Daß Sie sich vor Santis hüten.
3859 3821 5012 3965 Andrea: Was kümmert Santis mich?
3856 3909 4207 4023 Casanova:
5036 3875 5610 4039 Wir wollen hoffen,
3736 3954 4255 4127 Es bleibt dabei.
5870 4031 6033 4172 27.
