5304 3976
1690 385 1889 487 76 —
992 468 2266 614 Von dem ein ander Mal — den Bräutigam
978 584 2159 727 In letzter Stunde abhielt zu erscheinen.
1037 672 1507 782 SANTIS (gierig):
990 737 2251 871 Und unser Jüngling findet für die eine
975 833 2348 937 Die Schwestern beid' im dämmrigen Gemach!
1033 910 2497 1010 ANDREA: Nein. Statt der einen findet er die andre.—
986 992 2372 1095 Die Braut, die von des Wartens Pein ermattet,
986 1084 2329 1177 In schweren Schlummer sank. Indes die eine,
986 1169 2378 1260 Mißmutig und enttäuscht — (sie ahnt ja nicht,
986 1237 2319 1337 Daß keine Botschaft aufgeschobner Hochzeit
992 1333 2493 1432 Den liebsten trat) — von Trost ind Schlaf gemieden.
980 1415 2253 1500 Die Lagerstätt' verläßt und in des Gartens
980 1490 2149 1588 Entlegenster Allee, dem fernen Jüngling,
975 1570 2174 1668 Der, ach so nah; nutzlose Seufzer weiht,
986 1641 2263 1753 Bis endlich tränenmüd sie sich zur Rückkehr
975 1726 2191 1823 Ins schwesterliche Schlafgemach bequemt.
975 1809 2427 1911 Doch wie sie; um die Schwester nicht zu wecken,
969 1891 2129 1983 Ganz leise nur die Klinke niederdrückt,
969 1968 2418 2063 Ist ihr, als schlürf' und schwebe drin ein Schritt;
969 2059 2223 2151 Und ahnungsvoll bewegt die Türe öffnend
969 2148 2342 2229 Gewahrt sie eben noch; wie durch das Fenster
975 2208 2436 2306 Hinaus ins Dunkel rasch ein Mensch verschwindet.
956 2293 2257 2380 Zwar sieht sie nur den Umriß der Gestalt,
969 2382 2278 2476 Doch kann sie nimmer zweifeln, wer es war.
975 2461 2489 2565 Und starr; in Scham, in Schmerz, in Zorn steht sie
975 2546 2297 2640 Im stummen Raum; aus dessen Schattentiefe
978 2606 2387 2739 Treulos zerwühlt — ein gleißendes Geständnis —
969 2697 2263 2807 Der Kissen Linnenweiß sie höhnisch grüßt.
986 2782 2306 2871 Und drin begraben (— wäre sie doch tot —
986 2861 2401 2982 Denkt die Betrogne —) ruht unschuldig-schuldig
992 2945 2312 3060 Die Schwester, die ihr den Geliebten stahl; —
3659 412 3883 550 77 —
2969 546 4337 686 Des Zufalls Opfer, doch zugleich ihm dankbar,
2986 644 4157 763 Jungfräulich-bräutlich, eh die Sonne sapl
2973 722 4312 850 Und eh sie aufging — eines Fremden Dirne.
3309 812 4176 908 (Draußen im Park Bewegung, Lärm.)
3039 888 3974 1009 FLAMINIA: Die Gäste schon?
3828 959 4478 1069 Die Musikanten sind's!
3039 973 3326 1077 ANINA:
3039 1058 4480 1162 ANDREA: Es drängt die Zeit, So schweig’ ich denn
4174 1131 4484 1239 von allem,
2980 1194 4293 1301 Was sich in Wort und in Gebärde zwischen
2969 1286 4371 1407 Den Schwestern weiter zutrug bis zum Morgen.
2963 1386 4233 1477 Nur dies bericht' ich: Beide liebentzündet
2973 1454 4312 1562 Erheben gleichen Anspruch auf den Jüngling
2963 1534 4170 1634 Die eine, die sein eigen war, doch ohne,
2963 1609 4257 1717 Daß ihm bewußt, wen er umfangen hielt —
2962 1698 4276 1804 So daß sie der erschlichnen Lust nicht froh
2963 1772 4425 1893 In neuem Durst nach freigebotner schmachtet —,
2969 1862 4119 1976 Die andre, die er zu umarmen wähnte
2980 1940 4168 2036 Und die in ungestillter Sehnsucht seufzt.
2973 2030 4218 2114 Und jede hält ihr Recht allein begründet,
2980 2121 4212 2204 Wie sie der andern Recht für nichtig hält.
2980 2187 4304 2312 Dem Jüngling aber sich zur Wahl zu stellen,
2986 2266 3972 2380 Wie's nahe läge, lehnen beide ab,
2980 2363 4325 2448 Denn ist er nicht, wie jetzt, ein Ahnungsloser,
2992 2427 4276 2546 Vielmehr als wissend in den Fall verwickelt,
2984 2516 4174 2623 So ward's ein anderer, völlig neuer Fall,
2992 2597 4276 2710 Und Laune spräche das Entscheidungswort,
2980 2674 4354 2773 Nicht, wie sie' wünschen und wie der Novelle
2984 2775 4197 2861 Verborgner Sinn erheischt, Gerechtigkeit.
2992 2835 4252 2958 So also steht die Frage: Welcher Schwester
2986 2914 4259 3037 Nach. Herzensrecht gehört der Jüngling zu à
2992 2999 4170 3137 Und Sie, Baron, der als erfahrner Mann
