6376 4872
1462 484 2013 676 Arthur Schnitzler
1916 613 2486 789 Tat ich ihn nicht?
713 643 1457 819 Casanova (wie gelangweilt):
632 740 1911 886 Betrogen alle drei: der Jüngling zweifach,
630 843 1854 967 Einfach die Frau'n, auf ihre Weise jede.
635 932 1840 1038 So glich sich alles aus, und ich erkläre:
640 1011 1716 1124 Ungültig war das ganze Abenteuer.
738 1070 2484 1189 Andrea: Das sagt sich leicht. Doch Sie vergessen leider:
643 1162 2078 1297 Noch stehn die Damen da mit Blanken Dolchen.
738 1211 2557 1332 Casanova: Doch in der Dichtung nur. Denn in den Höh'n
654 1300 1989 1443 Des philosophischen Problems, mein Freund,
646 1389 2157 1513 Gibt's weder Dolch noch Leidenschaft noch Mord.
646 1467 2062 1611 Die Rechnung ist gelöst — gehn wir zu Tisch.
754 1565 2065 1667 Andrea (in kindischem Trotz ihm den Weg versperrend):
654 1630 1965 1738 Gelöst ist das Problem, ich lass' es gelten.
659 1708 1854 1846 Wie aber, frag' ich, endet die Novelle?
670 1786 2073 1916 Wo, was einmal geschehn, nicht nach Belieben
662 1884 1827 1992 Als ungeschehn sich abtun läßt, in der,
665 1962 1773 2070 Da sie des Lebens treues Abbild ist,
684 1994 2148 2154 Erinnerung nicht verlischt; Irrtum und Wahrheit
689 2094 1973 2238 Sich wunderbar verschlingen, Leidenschaften
684 2213 1905 2313 Ins Nah' und Ferne weiterwirken, wo —
684 2276 1819 2386 In der Novelle just so wie im Leben
678 2370 2008 2467 Es nicht an Dolchen fehlt, die blitzen, töten,
681 2446 2292 2562 Und Waffen andrer Art, — an Blut und Tränen..
786 2511 1738 2643 Casanova (zum Fenster hinaussehend):
695 2548 2319 2708 Rheinlachs mit grüner Sauce — es bleibt uns nichts!
789 2678 2419 2792 Andrea: And wo — auf unsern Fall zurückzukommen,
700 2765 2003 2870 Sich Anspruch gegen Anspruch trotzig stellt,
697 2830 1903 2951 Und die verliebten Damen nicht geneigt,
708 2916 1954 3021 Verzicht zu leisten, weniger noch zu teilen.
797 3002 1622 3119 Casanova (zum Fenster hinaus):
713 3075 1892 3205 Rubinrot funkelt der Burgunderwein —
716 3138 2057 3289 Der Lord hält bei der zweiten Flasche schon.
805 3211 2389 3362 Santis: Aus Amsterdam die Wittib bei der dritten.
819 3324 1462 3435 Casanova: Zu Tisch!
819 3365 2278 3524 Andrea: Noch nicht, Sie machen’s sich zu leicht.
713 3470 2024 3589 Sie sollten sich die Mahlzeit erst verdienen.
813 3535 2503 3678 Casanova: Auch jetzt noch, da ich selbst Gastgeber bin?
835 3616 2359 3759 Santis: Die Rollen sind vertauscht, dafür fand ich
724 3694 2070 3856 Die Lösung des Problems und fand zugleich
722 3802 1308 3924 Der Fabel Schluß.
1376 3835 1776 4008 Wahrhaftig?
838 3894 1122 4005 Andrea:
1824 3921 2167 4059 Aufgepaßt.
832 3975 1124 4078 Santis:
738 4046 2094 4224 Der Jüngling zweifach glücklich, wie Andrea
4365 435 4802 597 Die Schwestern
3465 549 4667 719 Wie Casanova meint, zweifach betrogen,
3454 703 4751 803 Der nachts die eine hielt in heißen Armen,
3459 776 4710 897 Jedoch im Geist der andern Bild umfing,
3459 827 4827 978 Er muß, daß allen drein nach Recht geschehe,
3465 927 4789 1051 In einer Nacht, gleich der verfloßnen dunkel,
3465 1003 4627 1157 Beseligt an der andern Herz gedrängt,
3470 1097 4770 1205 Der einen Bildnis sich ins Auge träumen -
3465 1157 4829 1292 Und wieder, eh' der Morgen graut, entfliehn.
3567 1224 5740 1408 Casanova (hat bei diesen Worten in sinngemäher Weise bald auf Flaminia, bald aus Antna
3475 1338 3684 1467 geblickt).
3578 1370 5275 1494 Santis (Rola): So lös' ich das Problem als Philosoph,
3475 1476 4694 1578 Und als Poet beschließ' ich die Novelle.
3570 1516 5181 1659 Andrea: And klatschen Beifall selber sich als Tropf.
3578 1619 4619 1743 Santis: He, wie? (Will auf ihn los.)
3586 1678 5054 1808 Casanova: Kein neuer Aufschub, wenn's beliebt.
3578 1738 5405 1876 Santis: Die Antwort auf den Tropf zum Nachtisch, Herr!
3575 1843 5227 1978 Casanova: Und nun zu Tisch, ich bitte, meine Damen.
3578 1921 5751 2054 Andrea (fich vor die Türe stellend): Es gibt ein Vorgericht. Wir wollen sehn,
4459 2003 4800 2084 (zu Casanova)
3502 2035 5135 2197 Wem von uns zwei'n nachher das Mahl noch schmeckt.
3602 2162 4259 2270 Casanova: So eilig?
3592 2181 4702 2354 Andrea (den Degen ziebend): Ziehn Sie!
4724 2238 5470 2424 Wie der Braten duftet
3597 2327 3959 2427 Casanova:
3502 2357 4786 2481 Getrüffelte Pasteten, Angarwein! (zu Andrea)
3494 2440 4943 2605 Zwei Bissen und ein Schluck, nachher den Tod!
3608 2524 5108 2646 Andrea: Vor allem unser Gang, und einer nur
3513 2611 4916 2740 Von uns, ich schwör's, soll irdisch weitertafeln.
3513 2689 4613 2830 Sie oder ich, der andre in der Hölle.
3600 2705 5308 2897 Casanova: Im Paradies, wenn's sein muß, aber gleich.
3619 2778 5773 2975 Santis (allmählich verstehend): Wieso? Warum? War's etwa kein Problem?
3616 2940 5227 3048 Casanova (hat auch den Degen gezogen, stellt sich Andrea gegenüber).
3627 2986 5724 3138 Flaminia (Halt! Ich erlaub' es nicht! Mein Casanova!
3629 3054 5783 3229 Santis (glaude zu begretfen): Flaminia, wie? Bei dir heut' nacht — ist's möglich?!
3535 3178 4929 3289 Bei dir, statt bei Anina? — Nun versteh' ich.
3538 3251 4837 3373 Dein Casanova! Ha, nicht übel, wahrlich
3538 3324 4951 3448 Bin ich dein Gatte nicht, dein Herr nicht mehr,
3532 3413 4759 3524 Daß du dir deine Schlafgenossen wählst?
3532 3508 4729 3621 Du sollst es büßen. Aber noch vor dir
3548 3535 5402 3694 Dein Casanova! (zu ihm, den Dezen ziehend) Rechenschaft von Ihnen
3548 3656 4819 3816 Verlang’ ich, der die Gattin mir verführt.
3543 3754 4073 3881 Und zwar sofort.
3656 3756 5094 3940 Casanova (vonua): Es geht nur nach der Reihe.
3540 3916 4713 4032 Beiseit' getreten, wenn ich bitten darf,
3546 3981 4802 4159 Und nun, Andrea, Freund, ich bin bereit.
