5416 4088
3796 488 3965 582 105
3205 505 4630 651 xxx und xxx
1741 594 2067 703 104 —
3191 573 4669 732 CASANOVA: Ob Sie mich auch zudringlich scheiten
3270 667 4659 813 mögen,
1116 678 2375 855 Doch teilt's mit uns die göttliche Teresa,
3124 770 4404 903 Ich lasse nimmer mit so wundem Herzen
1141 786 2573 968 So nennen wir’s ein königliches Mahl.
3137 857 4290 993 Sie hier allein.
1191 870 2636 1016 TERESA: Wer kann da widerstehn? Ich speise mit..
3178 938 4288 1068 ANDREA: Was kümmert Casanova
1160 961 2551 1112 (Mit einem Blick zu Anina und Flaminia)
3124 1003 4669 1137 Andreas Herz!
1139 1034 2436 1218 Wenn diese Schönen mir zur Seite bleiben.
3205 1068 4682 1218 CASANOVA. Gut; mag sich's, mir verschließen.
1195 1089 2638 1328 (Flaminia und Anina reichen ihr die Hände, die sie in ihren
3137 1157 4667 1316 Doch nenn' ich's Knabentrotz, wenn es verschmäht
1729 1207 2117 1306 Händen behält.)
2409 1228 2592 1324 G.C.F.P
3137 1251 4676 1397 Ersehnten Trost aus holdern Händen auch,
1153 1239 2423 1454 Und eine Stunde nur, dann — (zu Casanova)
3143 1333 4682 1470 Als aus des unwillkommnen Freunds; — ihn dankbar
2213 1297 2688 1510 mein Geliebter,
3157 1412 4671 1543 Aus der Geliebten Händen, zu empfangen.
1166 1426 2450 1600 In sausender Karosse fort nach, Wien.
3174 1487 4688 1637 ANDREA: Wie, Casanova, soll ich wirklich denken,
1212 1464 2640 1702 (Durch die Türe rechts ab, Flaminia und Anna an der Hand
3168 1591 4377 1708 Daß dieses Tages schamlos grelles Licht
1514 1589 2329 1704 führend, Santis und Gudar folgen.)
1226 1637 2686 1789 Casanova — Andrea.
3168 1641 4446 1791 So wenig meiner Seele Grund erhellt
1232 1720 2713 1864 CASANOVA (wollte auch folgen, wie er Andrea regungslos steben¬
3174 1750 4532 1873 Für Ihr tiefschauend Aug'###
3172 1810 4525 1958 (Leidenschaftlich, nicht beftig). Sie glauben, jemals
1178 1829 2348 1958 blieben siebt, bleibt auch er an der. Türe steben):
1207 1871 2703 2044 Und Sie?
3185 1894 4571 2050 Vermöcht'Andre###einem Weib, das###er
1251 1954 2722 2125 ANDREA (böflieb): Verziehn Sie nicht. Man geht zu
3187 1969 4594 2125 Geliebt und das ihm untreu ward, versöhnt
2509 2044 2740 2150 Tische.
3172 2058 4630 2202 Als Liebender, zu nahn! — Wie’s andre können,
1249 2106 1716 2200 G.C.H.F.P.S.
1260 2123 2736 2298 ÇASANOVA: Nicht ohne Sie, sonst denk' ich, daß
3193 2138 4576 2269 Wie's, mir zum Staunen, Casanova kann,
1201 2202 2728 2371 Sie zürnen,
3205 2217 4548 2350 Dem unter tausend Fraun die Wahl gegönnt
3197 2319 4279 2446 Und der die allerungetreuste wählt.
1212 2313 2286 2463 Und das verdürbe mir den Appetit.
1262 2384 2559 2536 ANDREA: Ein guter Spaß.
3216 2402 3996 2530 CASAN OVA (unbefangen):
1278 2453 2742 2636 CASANOVA(näber xu ihm) Ich bin Ihr Freund, Andrea.
3235 2496 4108 2603 Wen meinen Sie?
1274 2546 2682 2715 ANDREA; Ich aber nicht der Ihre, Casanova.
3280 2574 4090 2694 ANDREA:ns Sie fragen?
4165 2551 4584 2722 Ah, Teresa!
1289 2626 2769 2851 CASANOVA: Ein Schuldner mehr ist mir Gewinn
3289 2661 3745 2772 CASAN OVA:
2425 2720 2745 2842 und Ehre.
3247 2728 4096 2849 Nicht wahr###
3293 2786 4736 2932 ANDREA (etwas verwirrt):
1295 2784 2680 2966 STIMMENT (aus dem Park): Casanova! Casanvoa!)
3345 2849 4778 3009 Sie selbst, so schien es mir, gestand. —
1301 2905 2767 3114 ANDREA: So gehn Sie doch, man ruft Sie. Niemand
3301 2938 4778 3091 CASANUKA: Gestand. Nun ja, doch was Teresa mir
2569 2966 2763 3118 mich.
3262 3032 4628 3210 Auch zu gestehn und zu verschweigen hatte —
1226 3036 2628 3208 Und so ist's recht. Hier ist nicht meine Welt.
1243 3155 2576 3339 Die Ihre ist's. Man ruft Sie, gehn Sie doch!
