5192 3896
921 495 2184 646 Um das mich trog, was Rechtens mir gehört
906 598 2192 707 So gern erfahr’ ich, daß ich dem Erwählten,
927 694 2209 799 Als frei von Schuld, Verzeihung bieten darf.
927 767 2158 876 Und edelmütig selbst sie ihm zu bringen
921 842 2326 945 Leist' ich Verzicht auf Schmaus und Trank und F
939 929 2297 1034 Und flügelschnell eil' ich dem Teuern nach.
967 1009 2384 1098 ANINA (bat zuerst starr, dann immer gelöster und beiterer de
908 1084 2412 1175 Worten der Flaminia gelauscht. Der Ausdruck ihres Antlitzes zeigt
921 1167 2384 1264 daß sie den Humor der Sacblage zu erfassen beginnt und immer by
927 1223 1855 1342 reiter wird, sich ihm selbst anzupassen):
921 1274 2313 1435 So fein beschuht — bei droh 'ndem Ungewitter?
979 1389 1674 1506 FLAMINIA (fassungslos):
914 1433 2297 1601 Zu höhnen wagt sie gar, die Unverschämte?
979 1556 2186 1690 ANINA: Kein Wagen rings —!
1518 1637 2420 1787 Sechs stehn bereit zur Lustfahrt.
973 1649 1413 1785 FLAMINIA:
933 1736 2134 1847 Den raschesten wähl' ich als meinen aus.
985 1801 2435 1995 ANINA: Und welche Richtung denkst du ihm zu
2180 1914 2384 2023 weisen.
991 1970 2368 2154 FLAMINIA: Die Straße, die ein Casanova fähr
914 2075 1524 2225 Bleibt nicht geheim.
2102 2138 2289 2221 G.C.F.P.
1548 2144 2283 2313 Es sei, ihm läge dran.
991 2186 1288 2297 ANINA:
991 2235 2259 2404 FLAMINIA: Wo ist er hin —? Du weißt’s?
1787 2348 2356 2465 Wie sollt’ ich’s wissen,
995 2358 1280 2463 ANINA:
939 2425 2237 2594 Und ahnt' ich's etwa, dir verriet ich's kaum
1518 2517 1851 2628 (Will geben.)
979 2552 2188 2707 FLAMINIA (verstellt ihr wieder den Weg):
939 2679 2229 2810 Kein Wagen nimmt dich mit, ich kaufe alle.
967 2772 2279 2911 ANINA: Doch keiner weiß den Weg.
1865 2855 2338 2986 Mir mangelt nicht
979 2877 1423 2992 FLAMINIA:
939 2949 2211 3107 Womit ich Wirt und Kutscher reden mache.
3256 478 4126 658 Bin ich gleich arm — was für G
4147 606 4407 727 bringe —
3054 670 4421 807 zahlt's der Liebste, bin ich erst bei ihm!
3010 739 4478 921 FLAMINIA: Sie ist verrückt! Gib acht! Setzt du
4098 822 4532 951 den Fuß
2968 882 4593 1044 Aus diesem Zimmer, lass' als Diebin ich
2933 1013 4260 1139 Dich ins Gefängnis bringen. Lächle nicht!
2931 1098 4260 1223 In Spa der Richter ist mein Freund.
3783 1145 4470 1286 Auch der!
3000 1189 3375 1304 ANINA:
3006 1260 4492 1371 FLAMINIA: Und wär' er nicht mein Freund, er
3951 1326 4453 1449 ist gerecht.
2939 1401 4447 1528 Und Raub bleibt Raub. Ich schreie, wenn du's wagst —
3000 1484 4459 1609 ANINA: Doch nicht so laut, daß es Herr Santis hört.
2998 1607 4474 1728 FLAMINIA: Was geht mich Santis an? Die ganze
3973 1651 4457 1768 todt
3622 1665 3846 1770 G.C.F.P.
3299 1667 3474 1770 G.C.H.F.P
2951 1728 4298 1851 Soll's wissen. Diebin! Mörderin! Verruchte!
2939 1833 4153 1960 Das Fenster auf, Andrea, daß man’s hört.
3000 1908 4124 2031 ANINA: Gern will ich selbst —
3214 1976 4209 2095 (als wollte sie zum Fenster).
3004 2059 4025 2225 FLAMINIA (sie am Mantel baltend):
3561 2126 4435 2289 Verworfne, Schamvergeßne
3234 2164 3412 2344 G.F.P.
3509 2241 3957 2344 (In anderm Ton)
2949 2301 4358 2427 Unsel'ges Kind! Andrea! Steht der Mann
2939 2388 4332 2503 Nicht da wie steingehaun und läßt mich armes,
2945 2457 4371 2584 Mich schwaches Weib — als ging’s ihn gar nichts an
2957 2564 4264 2689 Andrea! Marmorblock! Bildsäule! Mensch!
2957 2630 4209 2762 Vergißt du, daß sie deine Braut? Daß du
2951 2717 4203 2832 Sie braven Eltern, die daheim verzweifeln,
2964 2806 4227 2909 Entführt, unschuldig wie sie war, ein Kind,
2980 2885 4193 2998 Um schnöde deiner Lust sie aufzuopfern?
2964 2949 4245 3123 Und nun, da sie nur übt, was du sie lehrte
