7160 5112
1966 504 2447 659 Arthur Schnitzler
1059 628 2354 789 Stechdunkle Augen, und er grölt mich an:
1107 741 2692 879 „Trollst du nicht gleich dich fort, bist du des Todes!"
1070 842 2633 1005 Und greift mich an. Die Pferde stehn zum Glück,
1087 912 2250 1025 So hab' ich beide Hände frei und bin
1096 974 2399 1104 Bereit, mit scharfer Klinge mich zu wehren.
1081 1065 2391 1200 Schon schwirren sie, berühren sich und ritzen
1118 1124 2619 1279 — Auch er bekam was ab —, da speit der Wagen
1101 1228 2597 1349 Noch einen aus. Den kannt' ich.'s war Gudar.
1090 1329 2470 1431 Der ruft: Komm doch zu Sinnen, Casanova!
1096 1402 2470 1504 Was fällt dir einö! Und aufgerißnen Blicks
1101 1467 2495 1602 Rückweichend vor Erstaunen, nicht vor Schreck,
1112 1549 2442 1698 Erkenn' in meinem wildvermummten Gegner
1118 1650 2259 1757 Ich wirklich Casanova, unsern Freund.
1096 1704 2484 1825 Und meine Waffe senkend: Sind Sie toll —?
1101 1786 2526 1918 Ich bin es, Santis, nicht ein Straßenräuber,
1112 1873 2366 1983 Und Ihren Wagen hielt ich auf, weil ich
1096 1935 2383 2073 Heut früh mit hohem Angeld ihn gemietet
1112 2036 2245 2157 Zu einer Fahrt in lust'ger Kumpanei.
1107 2064 2791 2259 He, Kutscher, stimmt's? Und hieb dem Strolch zugleich
1107 2205 2290 2321 Mit flachem Degen übern Rücken eins
1112 2261 2422 2383 Sie lud ich auch, vielmehr sie schliefen nöch,
1121 2354 2478 2456 Als ich in Ihren Gasthof kam des Morgens.
1143 2430 2501 2540 Sie sind sehr eilig, scheint's, wohin die Reise?
1118 2492 2532 2650 Und gar massiert! Auch Sie, Gudar, warum?
1138 2585 2191 2695 Sie schweigen beide. Casanova hat
1129 2661 2219 2799 Der lächerlichen Maske sich entledigt
1129 2743 2613 2884 Und starrt wie aufgescheucht aus wirren Träumen.
1146 2825 2478 2954 Nun, wie's beliebt, sag' ich, Sie aufzuhalten,
1138 2906 2521 3030 Wenn Sie die Ferne lookt, hab' ich kein Recht.
1129 2982 2453 3112 Doch leider heißt's, zu Fuße weiterwandern.
1149 3044 2732 3188 Glück auf den Weg! Und schwing' mich ins Gefährt;
1143 3154 2664 3287 Dem Kutscher einen Hieb: Nach Spa, du Schuft!
1149 3242 2484 3340 Doch wie er wenden will, schwingt Casanova
1160 3312 2552 3433 Zu mir sich in den Wagen und, ich weiß nicht,
1160 3408 2484 3498 War's Absicht oder nur des Wagens Ruck -
1155 3441 2616 3568 Fliegt an den Hals mir: Santis, teurer Freund!
1149 3543 2625 3692 Sie hat das Schicksal hergesandt. Schon war ich,
1155 3636 2090 3737 Ein unverbesserlicher Liebesnarr,
1160 3675 2287 3827 Nachstürmend einem ungetreuen Weib,
1155 3737 2681 3881 Auf schlimmem Weg in Schmach, vielleicht in Tod.
1160 3853 2667 3982 Das Zeichen kam zur Zeit. Sie sind mein Retter!
1166 3946 2574 4081 Nun laßt uns schmausen, trinken, spielen, lachen
1143 4027 2357 4176 Und lustig sein, trotz allen Weiberränken.
4714 546 5244 698 Die Schwestern
3872 679 5368 825 Gudar fährt mit! — er war schon eingestiegen =
3867 791 5171 881 Und so selbdritt, gedrängt in rascher Fahrt,
3878 853 5188 966 Brinzt in die Stadt zurück uns die Karosse
3875 943 4771 1053 And wir sind -wieder da.
4588 980 5255 1121 Sie seyn wir wohl;
3960 1019 4503 1138 Andrea:
3867 1104 5140 1222 Nicht Herrn Gudar, auch Casanova nicht,
3858 1163 5210 1293 Der neu, vor weitren Schicksalszeichen sicher,
3875 1259 4917 1377 Ein unverbesserlicher Liebesnarr,
3878 1315 5216 1456 Vielleicht zum zweitenmal in Ihrem Wagen
3881 1417 5111 1515 Der heißgeliebten Lingetreuen nachstürmt.
5610 1380 5852 1538 G.C.H.F.P.
3968 1417 5480 1628 Santis: Sie zu vergessen schwur er heil'gen Eid!
3979 1574 4940 1735 Flaminia: Wo bleibt er denn?
4957 1574 5858 1766 Warum läßt er uns warten?
3979 1667 4250 1769 Anna:
5900 1662 6106 1822 G.C.F.P.
4010 1684 5016 1870 Andrea: Die Gäste sammeln sich.
5041 1746 5678 1932 Er wird nicht fehlen.
5754 1802 6077 1907 G.C.F.P.P
3982 1825 4278 1929 Santis:
3996 1822 5002 2014 Andrea: Sie setzen sich zu Tisch.
5728 1963 6021 2064 G.C.H.F.P.
5002 1901 5610 2070 Wir werden's auch.
3985 1980 4278 2081 Santis:
3985 2008 5458 2169 Andre Anhöflichkeit ist, was zumeist ich hasse.
5804 2107 6179 2222 G.C.H.F.P.
3886 2129 5148 2273 Auf eigne Rechnung speis' ich und allein.
4314 2138 5751 2309 (Wendet sich der Türe rechts zu. Bewegung draußen im Garten.)
3979 2233 4726 2380 Santis: Was gibt's?
3985 2326 5078 2509 Flaminia (um Feußen): Er ist es
4700 2380 5340 2563 Gasmovi
5942 2436 6103 2532 G.C.F.P.
3985 2428 4281 2535 Sautis:
5269 2425 5427 2566 (r)
3991 2512 4272 2644 Anina:
5740 2512 6016 2619 G.C.H.F.P
4551 2529 5495 2675 (Anina und Framinin öffnen das Fenster.)
5827 2591 6058 2704 G.H.F.P.
5801 2670 6080 2780 G.C.H.F.P.
4681 2644 5120 2833 m
5830 2754 5987 2833 G.C.F.P.
3943 2751 6148 2932 im Hintergrund unter Bäumen ist der gedeckte Tisch schwer, an dem die Häßte zwänglich gruppetet sind.
3889 2878 6151 2991 Noch nicht alle haben Platz genommen; die früher Erwähnten, so inöbesondere der Lord und die Blick
3886 2923 6151 3061 aus Holland, heben sich hervor. Noch weiter im Hintergrunde, durch die Alles heranschreitend, wird
4022 2991 6063 3092 Casanova sichtbar im hellen Staatsgewand, reich geschmüßt mit seitigen, Reiten. Dosen tisch.
3996 3050 5731 3194 Santis (durchs offene Fenster hinaus): Willkommen, werte Gäste!
4005 3143 5357 3250 Stimmen der Eingeladenen: Dank Baron.
3996 3233 5021 3382 Santis: Willkommen, Casanova!
4836 3253 5334 3416 Casanova!
4016 3320 4345 3430 Stimmen:
4005 3354 5393 3532 Lord: O tister Casanova, very enchanted!
4743 3458 5314 3551 (Er desickt ihm die Band.)
4016 3503 5311 3650 Mutter aus Lyon an Gasanova! Hieher!
4041 3560 5534 3746 Tochter: An meine Seite!
4861 3627 5599 3782 Nein, zu mir /
4044 3698 4298 3796 Witwe:
5627 3692 5869 3816 G.C.F.P.
4022 3703 5486 3917 Gantis: Vorerst noch, Casanova, auf ein Wort.
5551 3785 5863 3901 Monsieur Même
4016 3861 4889 3965 Casanova (ist näher gekommen):
3920 3861 6041 4022 Was wird gewünscht? (Anna und Flamina gewahrend): Dein Damen in einer Ge-
3920 3974 5999 4151 scheinen und Glaminia, die zu selten des Fenstierd neben, die eine reches die gibtere links, etwider
5362 4039 5762 4165 aa2:
4743 4061 4897 4137 lich die
5050 4050 5303 4168 gung:Casau
