5288 3976
3630 429 3818 550 79 —
1619 461 1898 579 — 78 —
3004 490 3364 647 ANDREA:
3529 497 4472 643 Ja, wenn wir ihn zur Stelle hätten.
968 548 2294 710 Und, was noch wicht’ger, unverwirrten Sinns,
2951 632 4061 721 Doch leider ist er abgereist heut früh.
968 681 2066 801 Der Frage gegenübersteht, erscheinen
3004 687 4203 816 SANTIS: So seine Absicht. Doch er blieb.
975 755 2061 869 Zur Lösung uns vor allem ausersehn.
2998 786 3362 896 ANDREA:
4061 767 4438 901 Er blieb —
975 846 2171 954 Und daß es auch zu reiflicher Erwägung
3004 863 3935 975 SANTIS: Und kommt zu Tisch.
975 913 2247 1049 An Zeit nicht fehle, sei zur Antwort Ihnen
2998 954 3290 1055 ANINA:
975 1023 2467 1112 Bis zum Beschluß des Gastmahls Frist gegönnt.
3858 958 4192 1104 Er kommt?
2985 1011 3429 1140 FLAMINIA:
1028 1064 2491 1192 ANINA: Kein Aufschub mehr. Es überlegt sich
2985 1110 3381 1222 SANTIS:
3941 1095 4461 1226 Vor einer Stunde
2233 1163 2491 1256 schlecht
2939 1173 4097 1305 Gelang's mir, ihn persönlich einzuladen:
962 1231 2408 1347 Beim Schwatz der Gäste und Geklirr der Gläser.
2951 1271 3660 1379 Gleich wird er da sein.
1040 1323 2484 1442 FLAMINIA: Die Antwort gleich, so lang er nüch-
2998 1353 3345 1452 ANDREA:
3922 1324 4453 1461 Irrtum sicherlich.
2252 1400 2497 1501 tern ist.
2945 1416 4264 1543 Da er doch Abschied nahm für längre Fahrt.
1028 1484 2490 1622 ANDREA: Wie’s denn beliebt. Das Wort hat der
3004 1520 4453 1617 SANTIS: Sie währte kurz — vorm Stadttor hundert
2288 1560 2490 1660 Baron.
2945 1596 3474 1702 War sie zu Ende.
4228 1600 4450 1738 [Schritt
1034 1651 2497 1770 SANTIS: Doch der verzichtet gern für jetzt und
2998 1675 3332 1786 ANDREA:
3524 1666 4173 1778 Und er kehrt zurück?
2286 1734 2505 1831 später.
3009 1753 4461 1875 SANTIS: Im gleichen Wagen, der ihn mit Gudar
968 1831 2353 1943 Denn werd' ich nachher kaum betrunkner sein
2945 1841 4150 1973 Entführen sollte — seiner Liebsten nach.
973 1890 2378 2015 Als jetzt, so weiß ich doch, daB ich vor Tische
2998 1918 3292 2021 ANINA:
3431 1937 3672 2083 Tere sa?
985 1975 2313 2074 Nicht klüger bin als nach gehaltner Mahlzeit.
2996 2000 3433 2108 FLAMINIA:
979 2064 2180 2190 Und was Erfahrung anbetrifft, so findet
2992 2080 3292 2194 SANTIS:
3672 2057 4453 2195 Ja, der holden Ungetreuen.
985 2131 2190 2252 Zu so verzwickten Rätseln Lösung sich
2932 2150 4230 2275 Er war ihr auf der Spur und fuhr ihr nach.
981 2220 2224 2342 Wohl mancher, der in Liebeslanden weiter
2932 2239 4376 2362 Was ging’s mich an? War doch der Wagen mein.
981 2309 2195 2410 Als ich gereist und mehr sich umgetan.
2915 2328 4174 2434 Für unsre Lustfahrt hatt' ich ihn gemietet.
998 2383 2241 2486 Und einen weiß ich, der uns ohne Zögern
2926 2425 4211 2499 So war's mein gutes Recht, ihn aufzuhalten.
990 2463 2241 2579 Der fein, doch allzu kraus erdachten Fabel
2926 2490 4186 2588 Ich tat’s, noch eh ich wußte, wer drin saß.
992 2550 2516 2674 Gewünschten Abschluß als ein Meister fände. (Pause.)
2939 2567 4247 2664 Und mit Gefahr des Lebens. Seht mich an.
992 2630 2417 2751 Sprech' ich den Namen aus, der auf den Lippen
3345 2649 4074 2759 (Er weist auf sein Handgelenk.)
992 2731 1583 2842 Uns allen steht —?
2992 2725 3768 2842 FLAMINIA: Verwundet?
1803 2768 2258 2915 Sie meinen...
1055 2810 1400 2932 ANDREA:
2983 2816 3286 2918 ANINA:
3713 2812 3901 2920 Blut?
1057 2892 1315 2989 ANINA
2992 2897 3285 2998 SANTIS:
3833 2873 4448 3002 Von Casanovas Degen.
1040 2865 2520 3064 FLAMINIA (zugleich in verschiedenem Ton): Casanova?
2992 2954 4442 3118 ANDREA: Welch Abenteuer! Wie begab sich’s nur?
1049 3055 1685 3190 SANTIS: Wer sonst.
