7128 4984
1943 432 2422 584 Arthur Schnitzler
1047 560 2473 698 Und noch geschwinder, als Sie sich's erträumen
1061 682 2422 776 Vielleicht schon morgen ist das Geld geschafft.
1151 754 2292 893 Andrea: Ihr Freund in Brüssel —?
2292 792 3054 943 Herr Lausin — vielleicht.
1149 839 1506 946 Casanova:
1061 879 2609 1037 Wenn nicht schon vorher die Gelegenheit — (lächelnd)
1061 994 1690 1133 Ich reise mit Gudar
1770 1031 2332 1173 Den Sie bezahlen.
1159 1069 1444 1175 Andrea:
1154 1122 2852 1245 Casanova: Natürlich. Dies vor allem. Lad’ ihn dann
1053 1229 2223 1335 In meinen Wagen als Begleiter ein —
1066 1303 2716 1420 Ein Spielchen — auf der Fahrt, im ersten Posthaus;
1061 1399 2356 1498 Und lächelt mir das Glück wie gestern ihm
1066 1476 2481 1591 Und die Wahrscheinlichkeit spricht sehr dafür —,
1061 1554 2313 1676 So hab' vor Abend ich mein Geld zurück.
1167 1631 1850 1743 Andrea: Mein Geld
1871 1690 3019 1804 Vielmehr das Geld des Herrn Gudar.
1173 1708 1764 1823 Casanova (lächelnd):
1159 1770 2398 1919 Andrea: Der dann so arm ist wie zuvor
1170 1871 1522 1975 Casanova:
2430 1858 2780 1985 Wer spielt,
1061 1927 2393 2044 Muß auf der Karten Tücke stets gefaßt sein.
1165 2036 2183 2127 Andrea: Doch Sie beklagten ihn.
2188 2100 2894 2236 Wie sollt' ich's nicht?
1173 2108 1530 2215 Casanova:
1074 2167 2422 2300 Ein Greis beinah und war einst jung wie ich,
1077 2263 2332 2377 Sogar wie Sie. War Offizier, ein Held -
1061 2329 2292 2449 Ihn liebten edle Frau'n. Sie hätten ihn
1071 2425 2201 2537 Wie ich in seiner Blüte kennen sollen,
1074 2513 2287 2604 Da ihn geheime Sendung nach Venedig -
1066 2580 2332 2702 Auf meine Wege noch geheim’re — führte,
1066 2649 2590 2756 Und wir — er noch ein Mann, ich fast ein Knabe
1071 2745 2268 2860 Aus blut'ger Liebesfehde, wie's zuweilen
1069 2809 2433 2929 Sich fügt — als Freundespaar emporgetaucht.
1077 2892 2518 3006 So was vergißt sich nicht. Ich weiß nicht, wem
1074 2971 2340 3094 Ich lieber tausend Goldstück' schuldig bliebe
1074 3059 1903 3179 Als meinem Freund Gudar.
1173 3131 1463 3238 Andrea:
1895 3121 2454 3249 Ich weiß es; mir.
1173 3195 3177 3323 Casanova denua): Dem jüngern Freund, dem glücklichern vor allem.
1063 3249 2505 3414 Sie zögern? Trau'n Sie meinem Sterne nicht?
1167 3377 2886 3507 Andrea: Was hat Ihr Stern mit meinem Gold zu tun?
1167 3464 2860 3568 Casanova: So spricht ein Handelsmann, nicht ei Poet.
1063 3507 2321 3672 Doch jenem auch vermag ich zu entgegnen.
1490 3590 2862 3734 (Auf den Wechsel deutend, den er noch immer in der Hand hält)
1058 3638 2529 3816 Was steht hier? Tausend. Machen wir daraus
1069 3774 2148 3907 Zweitausend, zahlbar in zwei Jahren.
1165 3843 1463 3947 Andrea:
2151 3832 2321 3976 Und
1063 3918 1309 4059 Woher
4808 450 5245 624 Die Schwestern
4008 618 5634 736 Casanova: Woher? Die Wahl ist freilich schwierig
3907 706 5064 829 Da wäre denn vor allem Herr Lausin
4019 792 4978 914 Andrea: Der mit den Spitzen?
4968 853 5703 1018 Der seit Jahr und Tag
4019 879 4363 986 Casanova:
3912 957 5263 1093 Zum Eintritt mich in sein Geschäft beschwört,
3918 1034 4954 1117 Weil ich zuweilen aus Gefälligkeit
3918 1117 5000 1210 Anpreise seine Ware schönen Damen
3918 1189 5162 1322 Und ihm schon manche Kunde so gewann.
4013 1269 5644 1375 Andrea: Doch dünkt mich ein Beruf von solcher Art
4008 1351 5794 1455 Casanova (rasch): Nicht würdig Ihres sehr ergebnen Dieners.
3915 1420 5389 1540 So dacht' auch ich, und-drum verschmäht' ich ihn.
6036 1415 6503 1628 darîne
3918 1514 5090 1604 Zumal ich, wenn man spekulieren wollte,
3918 1586 5114 1690 Mit meiner kleinen chemischen Erfindung
3902 1658 4648 1780 Sie hörten wohl davon?
4003 1727 5042 1868 Andrea (unbestimmt): Mir war’s -
4003 1812 4605 1924 Casanova (bescheiden):
5079 1802 5474 1953 Man spricht
3912 1905 5210 1988 Davon zuviel. Wir sind erst beim Versuch.
3907 1985 5298 2121 Doch wenn die weitern das Versprechen halten,
3912 2057 5032 2188 Das uns der erste gab, hebt eine neue
3902 2129 4248 2244 Epoche an.
3990 2207 4546 2327 Andrea: Wieso?
3990 2289 5306 2428 Casanova (wie begeistert): Die Farben leuchten
3904 2364 5210 2494 Wie üpp'ge Blumen in des Südens Pracht
3878 2444 5165 2585 Und bleichen nie. Der reichste Seidenstoff
4850 2540 5157 2644 (andrer Ton)
3907 2596 5221 2734 Bleibt so selbst in der Wäsche unverwüstlich.
3998 2697 4840 2804 Andrea (mus unwillkürlich lachen).
3995 2761 5639 2916 Casanova: Führt Sie die Reise nächstens nach Paris,
3907 2841 5415 2961 Soll mein Vertrauchsmann, der Doktor Retigneul,
3888 2939 5143 3043 So sorglich er sonst das Geheimnis hütet,
3883 3009 5170 3137 Die schönsten Proben Ihrer Gattin weisen.
3982 3086 4994 3201 Andrea (macht eine ungeduldige Gebärde).
3982 3139 6127 3273 Casanova (die Gebärde mißverstehend): O, zum Verkaufe steht noch keine aus.
3995 3246 5706 3385 Andrea (pottend): So daß Sie auch von dieser Seite nicht
3894 3302 5223 3433 So bald sich größre Summen hoffen dürften.
3990 3395 5663 3518 Casanova: In Bälde kaum. Doch Summen ungezählt,
3888 3478 4933 3595 So daß man auf Verlegerhonorare
3880 3550 4997 3678 Und all dergleichen kläglichen Gewinn
3886 3627 5045 3747 Für weitre Lebenszeit verzichten könnte.
3886 3715 4368 3830 Indessen freilich
3976 3792 4277 3896 Andrea:
4472 3779 5098 3928 Sie verdienen Geld?
3976 3867 5567 4013 Casanova: Doch leider, wie Sie merken, nicht genug.
3859 3942 5218 4115 Ja, könnt' ich mich entschließen von mir selbst
5271 4069 5746 4296 OFSUCHO
5341 4227 5748 4381 (retorbez GEIBÉ###
5293 4344 5722 4530 18 AUG. 1919
5330 4520 5647 4720 ENBURG
