6280 4840
4270 414 4704 553 Die Schwestern
1779 481 2260 643 Arthur Schnitzler
3451 531 4972 677 Andrea: Doch nicht dein Bild, Anina...
995 610 2633 774 Anina: Du denkst, daß seine Täuschung dauern wird?
3362 650 4655 762 So bleibt Geheimnis zwischen dir und mir,
1007 712 3002 831 Andrea: Sie könnte wohl. Sie wird. — Er geht nach Holland..
3362 734 4707 849 Was heute nacht geschah; und schwören wir
3375 774 4819 938 Von dieser Stund' ab Schweigen und Vergessen
906 804 1779 940 Nach fernerm Land vielleicht.
995 883 2834 1020 Anina (blikt auf den Sekretär, mit bitterem Spott): Du hast das Deine
3375 883 4511 1012 Einander zu — so ist es nie geschehn.
3444 948 4960 1082 Anina: Genest, weil Eitelkeit des Stachels ledig,
893 940 1278 1102 Dazu getan.
3375 1050 4714 1169 Ein Herz so rasch, das todverwundet schien?
1002 1037 2188 1169 Andrea: Nicht viel. Erspieltes Gold!
3379 1131 4558 1256 Nun erst verlor ich dich! — Fahr hin!
913 1149 2387 1265 Hätt' ich's verweigern sollen —? Nicht viel eher,
4035 1186 4970 1318 (Sie nimmt ihren Mantel um, will geben.)
913 1226 2243 1340 Daß mir so leicht gemacht war zu gewähren,
4561 1260 4789 1375 Anina!
3469 1243 3767 1377 Andrea:
906 1315 1566 1442 Als Fügung nehmen
3384 1308 4645 1452 Dies deine Antwort? Meiner Liebe die!?
1660 1375 1995 1516 Fügung? —
1005 1407 1253 1516 Anina:
3481 1370 4883 1548 Anina: Ich habe keine andre. Laß mich fort.
2042 1466 2558 1586 Fühlst denn nicht
1002 1474 1566 1590 Andrea (dringender):
3481 1504 4357 1655 Andrea: Wo willst du hin?
913 1576 2164 1657 Auch du, daß diese wunderbare Wendung,
4384 1538 5186 1700 Dorthin, wo du nicht bist.
3494 1593 3734 1705 Anina:
906 1640 2174 1759 Schicksal-gesandt, ein Zeichen uns bedeutet,
3486 1662 4077 1784 Andrea: Doch er!
913 1710 2109 1821 Das zu mißkennen — zu verwerfen gar
4097 1687 5300 1844 Was geht's dich an? Laß mich vorbei!
3494 1757 3747 1851 Anina:
930 1806 2327 1911 Verblendung, Trotz — beinahe Läst'rung wäre?
3494 1811 4588 1958 Andrea: So weiß ich, daß du logst.
1002 1868 2987 1995 Anina: Du schwärmst. Was wandte sich —? Ist, was geschehn,
4623 1834 4888 2012 Niemals.
3499 1916 3739 2015 Anina:
4920 1925 5347 2057 Du liebst ihn.
903 1968 2417 2079 Mit einmal nicht geschehn? Und was erlebt ward,
3486 1990 3776 2084 Andrea:
3506 2017 5255 2169 Anina: Jetzt lieb' ich ihn... und nun erst wird es Glück.
930 2064 2263 2146 Nun plötzlich nicht erlebt? Ist meine Schuld
926 2121 2216 2258 Geringre? Oder keine gar? Dein Schmerz
3494 2136 4412 2255 Andrea: Wär's nicht enteilt!
4427 2141 5141 2327 Ich hol' es mir zurück.
918 2208 2050 2308 Gemildert — oder aufgelöst in nichts?
3506 2231 3757 2340 Anina:
3506 2278 5230 2427 Andrea: Wenn ich nicht schneller wäre, dem Entflohnen
926 2280 2104 2397 Die Stunde, da dem andern ich gehörte,
926 2377 2171 2469 Aus ihrer Schwester Reihen ausgelöscht?
3397 2375 4501 2479 Als Bote deiner Liebe, doch zugleich
913 2466 2327 2543 Und schlepp' ich ihren trüben Dunst nicht mehr,
3409 2414 4739 2568 Ein Künder ernstrer Botschaft zu erscheinen.
3511 2526 4982 2655 Anina: Empfing er sie, wo wäre dein Gewinn?
930 2526 2317 2628 Wie übler Herberg' Rauch, drin ich genächtigt,
930 2610 2151 2719 In meinen Haaren unverwelklich mit —?
3402 2608 4762 2714 Wenn du ihn auch erschlügst, vor aller Welt
3409 2685 4744 2781 Bekennt' ich mich als seiner Lust Gefährtin:
1012 2667 2883 2811 Andrea: Währt auch die Qual und bleibt die Schuld bestehn,
3409 2749 4886 2871 And schlüg' er dich — die blut'ge Hand, Andrea,
928 2784 2360 2896 Noch einmal, dünkt mich, gibt das Schicksal uns
3414 2848 4680 2963 Die mich von dir erlöste, wollt' ich küssen!
935 2856 2067 2963 Frei zu erwägen, ob wir beide nicht —
3511 2888 5198 3030 Andrea: Renn’ in dein Anheil denn, der Weg ist frei!
935 2925 2523 3064 Du schlimmes Wort — ich schlimmres Tun verzeihn
3747 2975 5332 3104 (Er öffnet selbst die Tür rechts, in diesem Augenblick tritt Flaminia ein.)
1025 3007 1777 3139 Anina: Verzeihn —!
4198 3057 4893 3161 Andrea — Anina — Flaminia.
1025 3107 2466 3198 Andrea: Verstehn denn und vergessen wollen.
3518 3102 5295 3241 Flaminia: Ei, schönen Dank! Das ist mir ein Empfang!
1025 3183 2610 3305 Anina: Vergessen —? Wie? Ist ungesprochen jetzt
3414 3208 5052 3305 Grad wie bei Hof, wenn's auch nicht so gemeint war.
930 3275 2303 3389 Der Worte Schmähschwall, der mich übergoß?
3434 3290 4972 3414 Zum Ausgehn schon bereit —? Das trifft sich gut.
926 3342 2164 3434 Sind sie nun ungedacht, die Haßgedanken,
3422 3370 4538 3471 Die andern lassen allzu lange warten.
930 3429 2248 3541 Drin wie in dumpf geballter Nebel Treiben
3434 3409 4724 3556 Drum wollt' ich fragen, ob wir nicht indes
930 3513 2124 3625 Mein Wesen deinem Blicke sich verlor?
3434 3521 4779 3630 Selbdritt uns an die Tafel setzen wollen —?
2293 3583 2754 3697 wie du mein's
1025 3603 2228 3702 Andrea: Doch wenn ich's wiederfände
3528 3613 4836 3707 Anina: Verzeihn Sie —! (Will an ihr vorbet.)
1025 3680 2665 3796 Anina: Wie kann ich's jemals und wie könntest du's?
3536 3687 4446 3806 Flaminia (harmlos): Was —?
935 3754 2273 3861 Nimmt er nicht die Erinn’rung jener Stunde,
4499 3747 4824 3876 Sie sehn —
3541 3779 3794 3873 Anina:
4873 3811 5414 3955 Im Reisemantel?
930 3851 2380 3948 Den Duft von meinem Leib, von meinen Küssen
3533 3863 3883 3963 Flaminia:
3422 3910 5027 4082 Jetzt merk' ich's erst! Sie wollten —? Ohne ihn? —
930 3918 2305 4054 Den Nachgeschmack, der Seufzer Monnehauch
943 4005 1523 4129 Für ewig mit —?
