6280 4824
1630 507 2090 626 Arthur Schnitzler
724 596 1994 719 Zu Arbeit und Vergnügen klug gesellten
734 694 2054 798 Zum größten Vorteil schlüg’s uns allen aus.
724 772 2047 883 Denn dieser Bassi — Santis' Worte sind's
724 848 2032 974 Als meinen Meister muß ich ihn erkennen.
813 921 2024 1073 Anina: Als Meister —? Und worin?
810 992 1179 1108 Flaminia:
2072 1020 2652 1161 Sie fragen, Beste?
825 1078 1804 1199 Anina (erschrocken): Im Spiel —?
813 1143 2400 1280 Flaminia (belläufig): Vielleicht in andern Dingen auch.
813 1242 2133 1380 Anina: Nie früher rührt' er eine Karte an.
800 1317 1989 1433 Flaminia (ungläubig): Ach, gutes Kind —
813 1393 2186 1532 Anina (immer erregter): Wie hätt' er in Ferrara,
699 1439 1875 1572 Als eines angesehnen Kaufherrn Sohn,
707 1539 1870 1673 Wie in Bologna auf der hohen Schule
686 1635 1991 1749 Dergleichen — Künste jemals lernen sollen!
803 1709 1845 1832 Flaminia: Ob dort, ob anderswo!
782 1779 1244 1883 Anina (lebhaft):
1863 1815 2287 1931 Sie irren sich!
681 1840 2029 2004 Der Eltern Widerstand — denn ich bin arm
681 1928 1237 2044 Trieb uns hinaus
765 2034 2365 2158 Flaminia (sie unterbrechend): Nun aber sind Sie draußen.
666 2105 2092 2246 So fängt es eben an. Aus Flucht wird Reise,
666 2181 1863 2297 Aus notgedrungner Reise heitere Fahrt,
669 2264 2191 2390 Leicht wird der Sinn, und in der Fremde lernt sich,
669 2319 1837 2456 Was uns der Heimat Enge vorenthielt,
654 2418 2077 2567 Meist nur allmählich, — manchmal über Nacht.
651 2483 1194 2594 Sie sind wie alt?
757 2567 1004 2663 Anina:
1232 2579 1709 2698 Schon achtzehn.
734 2650 1100 2743 Flaminia:
1721 2660 2168 2799 Achtzehn! Ich
641 2731 1918 2854 Bin vierundzwanzig. Und zehn Jahre her,
641 2809 2100 2948 Daß ich mit Santis —! Ach, wie war ich jung!
628 2902 1943 2998 Und wenn ich denke, daß mich Santis liebte
636 2963 2095 3099 Und heut noch liebt, so könnt' es seltsam scheinen,
628 3051 2100 3167 Was er mich werden ließ. Doch man gewöhnt's.
633 3117 2039 3263 Und nichts ist lust'ger, glauben Sie, mein Kind,
628 3187 2047 3321 Als Herz an Herz geschmiegt einander flüsternd
636 3281 1656 3392 Die letzten Abenteuer zu vertrauen.
633 3357 2054 3490 Wie lachen wir! Denn ach die Welt ist dumm.
623 3430 1221 3566 Zumal die Männer
977 3521 2483 3662 Santis tritt auf. Über vierzig, groß und stark. — Anina — Flaminia.
702 3566 987 3697 Santis:
1310 3619 2107 3738 Meinen Gruß den Damen.
1247 3682 2198 3821 (Zu Anina, er küßt ihr ehrerbietig die Hand.)
598 3753 1825 3892 Sie haben wohlgeschlafen, schönste Frau?
699 3834 1327 3960 Anina: Vortrefflich.
684 3909 1055 4041 Flaminia:
1317 3897 2256 4073 Und wo triebst du dich umher?
4154 490 4606 613 Die Schwestern
3362 601 5005 760 Santis: Man bietet mir ein Roß zu günst’gem Kauf.
3266 699 4437 848 Ich hab's auf freiem Felde ausprobiert.
3278 790 4641 914 Doch glaub' ich, will es einen leichtern Reiter
3268 873 4497 984 So etwa von Herrn Bassis Wohlgestalt.
3283 944 4593 1080 Gefällt's ihm, will ich's gern ihm überlassen.
3392 1020 4495 1146 Anina: Sie sprachen schon mit ihm?
4530 1040 5073 1204 Bisher noch nicht.
3402 1133 3654 1242 Santis:
3281 1181 4371 1302 Es fiel mir eben ein, da ich ihn sah.
3405 1216 4894 1383 Anina (ihre Erregung bemeisternd): Wo sah'n Sie ihn?
4714 1234 5540 1406 Im Park, von weitem nur.
3387 1368 3672 1476 Santis:
3296 1401 4659 1539 Ich ritt vorbei. In dunkler Bäume Schatten
3306 1471 4737 1625 Ruht' er auf einer Bank — und träumte wohl!
3316 1565 4767 1688 Denn nicht einmal des Rosses Hufschlag machte,
3316 1643 4588 1784 Daß er den Blick empor vom Boden hob.
3427 1739 4250 1868 Flaminia: Ein Philosoph!
4260 1774 5058 1903 Die Maske steht ihm gut.
3422 1847 3702 1948 Santis:
3435 1873 4333 2024 Anina (befremdet): Die Maske?
4348 1905 5300 2067 Edle Frau, wer trägt sie nicht?
3430 2009 3702 2107 Santis:
3331 2054 4550 2175 Es ziemt sich kaum im Karnevalgewirr,
3359 2125 4641 2246 Vor Mitternacht das Antlitz frei zu zeigen.
3437 2165 5098 2312 Anina (befangen lächelnd): Und wann kommt Mitternacht?
4962 2203 5590 2332 Wann's uns beliebt.
3447 2314 3720 2418 Santis:
3455 2329 5070 2476 Anina: Es scheint, Sie sind der Philosoph, Baron?
3463 2377 5494 2562 Santis: Bin's wirklich! Ja, (In neuem Ton) und darum stets bedacht,
3354 2516 4735 2665 Daß niemals leer das Rad der Stunde laufe.
3377 2597 4677 2723 Der Tag ist schön, wir wollen ihn genießen.
3369 2675 4528 2806 Im Parke wird die Tafel hergerichtet
3384 2766 4515 2882 Schon gab ich Auftrag, zwölf Gedecke
4621 2804 4851 2917 Zwölf?
3490 2864 3816 2970 Flaminia:
3485 2902 4336 3051 Santis: Ich lud mir Gäste.
4361 2981 4611 3087 Welche?
3490 3026 3730 3129 Anina:
4636 3016 5219 3160 Herrn und Damen,
3485 3112 3758 3205 Santis:
3387 3140 4581 3278 Die mir so hoher Ehre würdig scheinen.
3405 3223 4661 3359 So unter andern einen Lord aus England,
3405 3324 4634 3442 Der, auf der europä'schen Tour begriffen,
3405 3389 4422 3528 In prächtiger Karosse, voll bepackt,
3415 3445 4644 3611 Heut morgen eintraf, jung und unbeweibt.
3422 3536 4755 3695 Dann eine Witib — kommt aus Amsterdam
3415 3611 4785 3770 Von Trauer und holländ’schen Gulden schwer,
3410 3702 4558 3834 Und sehr begierig, beides loszuwerden.
3531 3750 5247 3922 Flaminia (zu Anna): Sie dürfen seiner Nase ruhig trauen,
3427 3854 4964 4010 Auf Meilen riecht er Gold in Schrank und Beutel.
3521 3924 4995 4099 Anina: So sollen wir mit Anbekannten speisen?
