5464 3992
1866 486 2083 632 110 —
1243 619 2136 757 GUDAR: Wie? Neue Gäste!
2002 724 2717 849 Und Teresa, kostbar —!
1243 753 1689 861 CASAN OVA:
1176 826 2242 966 Als hätte sie die beiden nie gesehn.
1727 916 2146 1032 (Er ruft hinaus)
1172 984 2075 1132 Musik! Sie schweigt zu lange.
1243 1076 2348 1199 TERESA (ruft von draußen): Casanova!
1237 1172 1998 1289 CASANOVA (binausrufend):
1189 1256 2013 1374 Willkommen, meine Herren!
2021 1324 2355 1451 Rhampsinit
1255 1360 1554 1452 GUDAR:
1191 1383 2413 1533 Und Alexander? Hübsche Jungen beide.
1183 1464 2674 1620 Schon werden von Flaminia sie umflattert. (Musik.)
1253 1556 2724 1739 CASANOVA: Andreà, Freund, nicht lange wart'ich
2540 1677 2732 1791 mehr.
1249 1739 2720 1910 GUDAR: Auch Santis wittert was. Ich fürchte sehr,
1191 1837 2336 1990 Die reisen ärmer ab als sie gekommen.
1247 1937 1950 2052 CASAN OVA (zu Gudar):
1203 1967 2703 2123 Vielleicht ist noch ein Stündchen Zeit nach Tisch
1191 2090 2621 2194 Zu einem kleinen Spiel. Gudar, was denkst du?
1249 2184 2732 2311 GUDAR: Die laß nur mir und reise du nach Wien.
1262 2282 2590 2382 STIMMENT (von draußen): Casanova! Casanora!
1262 2357 2475 2486 ANINAS STIMME (von draußen): Andrea!
1272 2446 2738 2582 CASANOVA: Man ruft auch Sie. Dies war Aninas
2469 2525 2745 2647 Stimme.
1208 2573 2576 2744 Und zögern Sie auch jetzt noch, so verdienen
1203 2696 2498 2805 Sie Beßres nichts, als daß man Sie betrügt.
1710 2793 2227 2926 (Auf seine Bewegung)
1331 2801 1514 2909 G.C.F.P.
1203 2840 1718 2989 Zum ersten Mal.
1255 2893 2540 3053 STIMMENT (von draußen): Casanova! Andrea!
1268 3037 2690 3149 ANINA (von draußen): Andrea, kommst du endlich
1262 3118 2332 3253 ANDREA (macht sich zum Geben bereit).
3837 427 4042 540 111 —
3216 530 3883 684 CASAN OVA (entzückt):
3160 613 4336 767 Mit mir, Andrea, Bruder meiner Wahl!
3168 707 4692 863 (Arm in Arm mit ihm binaus. Man bört den Jubel, mit dem sie beide
3293 778 4488 888 empfangen werden. — Die Musik erklingt stärker.)
3228 859 4536 984 GUDAR (stebt am Fenster, blickt binaus in den Park):
3174 951 3954 1082 Noch einmal jung sein —!
3174 997 4694 1149 (Die Musik schrift in besonders bellen Tönen auf und verklingt plötz-
3856 1109 4015 1208 lieb.)
3873 1137 4701 1278 Doch, man war's einmal! —
3172 1232 4719 1418 (Lacben und Musik. Gudar tritt vom Fenster weg, um sich gleichfalls
3647 1330 4238 1458 in den Park zu begeben.)
3775 1464 4115 1604 Vorhang fällt.
