6312 4888
1512 484 2046 676 Arthur Schnitzler
641 616 2002 781 Denn was uns sonst Gewähr der Treue gilt,
660 704 2162 850 Das hält nicht stand vor philosoph'scher Prüfung.
657 822 1898 943 Ist's etwa ein Beweis, wenn hingegeben
558 910 2140 1009 Nach schwerem Kampf mit heißen Wollustzähren
654 987 1864 1111 Die Tugend selbst in Ihre Arme sinkt?
668 1040 2150 1191 Wer weiß, von wem sie träumt in Ihrem Arm!
671 1103 2376 1262 Ein heil'ger Schwur? Mein Freund, die Weiber wissen
671 1216 2027 1328 Wie wir: daß Gott mit seinen Blitzen spart.
666 1306 2192 1422 Sie nimmt Gefahr auf sich? Das würzt die Lust.
679 1370 1820 1485 Sie tötet sich, durch dieses letzte Opfer
666 1422 1961 1578 Die Zweifel des Geliebten zu besiegen —?
663 1496 2046 1664 Im Grunde hofft sie nur — als sel'ger Geist
685 1617 1845 1746 An seinen Reuetränen sich zu weiden!
770 1688 1823 1810 Andrea: And nirgends Treue —?
1837 1722 2602 1876 Doch! Ich sagt' es ja:
778 1798 1122 1895 Casanova:
688 1807 1972 2002 Die Wiederkehr, von wo es immer sei.
773 1895 2500 2038 Andrea: Ja, wenn sie Heimkehr wäre, dann vielleicht.
784 1955 2954 2120 Casanova: Heimkehr? — O Wahn! Als wenn ein Mensch dem andern
685 2079 2032 2200 Heimat zu sein sich jemals schmeicheln dürfte.
685 2162 2032 2280 Ist Wand'rung nicht der Seele ew'ger Ruf?
696 2255 2046 2384 Was gestern noch als fremd uns angefröstelt,
685 2324 2090 2464 Umfängt's uns heute nicht vertraut und warm?
679 2412 2087 2524 Und was uns Heimat hieß, war’s jemals mehr
690 2475 2148 2618 Als Rast am Weg, so kurz, so lang sie währte?
696 2577 2090 2692 Heimat und Fremde — Worte tauben Klangs
707 2662 2016 2766 Für den, der nicht, nach Bürgerart, bedrückt
701 2739 1895 2846 Von Vorurteil, verschüchtert vom Gesetz
696 2783 2057 2920 Und feig verstrickt im Wirrsal des Gewissens,
696 2885 2002 3003 Sich Ordnung lügt ins Chaos seiner Brust,
707 2973 1964 3132 Der aufgetanen Sinns und freier Seele —
1416 3036 2228 3132 (legt die Hand auf Andreas Schulter)
701 3072 1952 3234 Gleich unsereinem aus dem Stegreif lebt.
808 3171 2417 3275 Andrea: Kein Philosoph, doch ein Sophist sind Sie.
798 3220 2558 3388 Casanova: Mag sein. Daher ist's mir bestimmt, zu irren
707 3347 2076 3468 Von Fall zu Falle nur; doch nicht mein Los,
715 3418 1856 3534 Die Brille unverrückbar auf der Nase,
707 3498 1884 3616 Nach leid'ger Philosochenart die Welt
707 3567 2131 3724 Zwar immer gleich, doch immer falsch zu sehen.
806 3630 2984 3781 Tito kommt mit einem kleinen Koffer in der Sand): Hier bin ich, reisefertig nach Befehl.
822 3748 2134 3900 Casanova: Ei schon? Ich bin's noch nicht.
2112 3773 2772 3938 Nicht meine Schuld.
822 3842 1100 3944 Andrea:
798 3866 1716 4012 Rufe (aus dem Park): Casanova!
808 3932 2486 4152 Casanova: Ich weiß. Nun aber wird es wirklich Zeit.
712 4059 2153 4232 Andrea — (als wollte er ihn auffordern, mit ihm zu kommen.)
4262 459 4722 610 Die Schwestern
3473 575 5255 734 Tito (erstaunt): Der gnädige Herr will noch zu Mittag essen?
3473 671 5195 814 Casanova: Du hast doch nichts dagegen, will ich hoffen?
3473 748 5582 886 Tito: Ich möchte nur untertänigst darauf aufmerksam machen, daß die
3380 855 5016 976 Herren in ihren Zimmern etwas unruhig geworden sind.
3476 921 5142 1084 Casanova: Die zwei Verstorbnen! Richtig, ich vergaß.
3776 962 5200 1122 (Numoren oberhalb des Zimmers, das schon früher hördar war.)
3470 1048 5648 1199 Tito: Sie sind nichts weniger als verstorben. Ich fürchte, der Wirt hört
3391 1122 5599 1287 sie doch am Ende, schließt auf, und was dann geschieht... Es wäre vielleich
3377 1240 5044 1389 doch gut für uns alle, gnädiger Herr, wenn wir vorher
4073 1301 4942 1444 (Er macht die Geste des Verschwindens.)
3484 1364 5225 1537 Casanova: Vorsichtig, Bursch, und unverschämt zugleich?
4276 1466 4763 1556 (Stärkeres Rumoren.)
3391 1524 4752 1656 Schließ du die Zimmer auf, und zwar sofort.
3380 1609 4472 1774 Und beiden Herrn — (sich unterbrechend)
4078 1622 4796 1796 Sehn sie anständig aus?
3517 1752 5088 1908 Tito: Nicht nur anständig, vornehm und sehr hübsch.
3504 1837 5101 1994 Casanova: Fragt' ich darum? Ich lade sie zu Tisch.
3509 1914 4931 2046 Tito: Zu Tisch die beiden aufgeregten Herrn?
3506 1996 5035 2118 Casanova: Ich bitte sie, die Ehre mir zu schenken
3410 2093 4818 2203 Auf ein bescheidnes Mahl vor meiner Abfahrt
3432 2162 4504 2277 Mit der berühmten Tänzerin Teresa
3435 2233 4900 2379 Nach Wien. Worauf noch wartest du? Soll ich
3418 2335 4015 2467 Dir Beine machen?
3523 2423 3800 2530 Tito (ab).
4048 2423 4675 2590 Wahrlich, Casanova,
3520 2505 3809 2624 Andrea:
3432 2552 4554 2668 So wohlgelaunt, so pastlich aufgelegt
3429 2646 4683 2788 Hab' ich noch keinen Menschen je gekannt.
3523 2662 5225 2832 Casanova: Wie werd' ich Ihnen erst bei Tisch gefallen!
3636 2758 5475 2932 (Er nimmt ihn beim Arm, als wollte er sich einhängen, deutet plözlich in den Park.)
3432 2832 4262 2984 Sehn Sie, mein Freund —
3531 2907 5032 3102 Andrea (ohne seinem Blick zu folgen, noch immer wie verdrossen):
4257 2995 4890 3152 Was gibt's zu sehn?
4892 3036 5140 3165 Teresa,
3534 3064 3905 3212 Casanova:
3438 3168 4202 3294 Flaminia und Anina
3534 3253 4414 3396 Andrea (blickt hinaus, zuckt zusamme
4202 3311 4650 3448 Arm in Arm.
3553 3363 4441 3578 Casanova: Ja, Arm in Arm.
4460 3413 4983 3608 Und plaudern
3553 3514 3861 3611 Andrea:
4980 3487 5272 3671 Lächeln
3553 3580 3913 3688 Casanova:
5332 3605 5585 3710 Lachen
3558 3666 3869 3773 Andrea:
3564 3702 5404 3856 Casanova: Und wandeln auf der Wiese, — welch ein Bild
3457 3809 4579 3932 Den aufgehellten Himmel über sich —
3457 3900 4202 4001 Wie schwesterlich vereint.
4188 3913 4832 4106 Ja, welch ein Bild!
3589 3982 4023 4122 Andrea (bitter):
3905 4070 4194 4224 XLVI. 1.
