7160 5128
1979 436 2472 565 Arthur Schnitzler
1115 540 2454 711 Dem Züngling aber sich zur Wahl zu stellen,
1101 667 2150 788 Wie's nahe läge, lehnen beide ab,
1110 745 2472 849 Denn ist er nicht, wie jetzt, ein Ahnungsloser,
1112 831 2440 951 Vielmehr als wissend in den Fall verwickelt,
1121 906 2395 1008 So ward's ein andrer, völlig neuer Fall,
1103 987 2424 1105 Und Laune spräche das Entscheidungswort,
1096 1053 2504 1176 Nicht, wie sie's wünschen und wie der Novelle
1110 1167 2343 1248 Verborgner Sinn erheischt, Gerechtigkeit.
1103 1201 2431 1335 So also steht die Frage: Welcher Schwester
1096 1323 2418 1419 Nach Herzensrecht gehört der Jüngling zu?
1096 1398 2381 1494 Und Sie, Baron, der als erfahrner Mann
1094 1466 2458 1559 Und, was noch wicht'ger, unverwirrten Sinns
1092 1548 2202 1648 Der Frage gegenübersteht, erscheinen
1115 1625 2259 1727 Zur Lösung uns vor allem ausersehn.
1096 1702 2315 1814 Und daß es auch zu reiflicher Erwägung
1115 1789 2411 1886 An Zeit nicht fehle, sei zur Antwort Ihnen
1128 1875 2583 1964 Bis zum Beschluß des Gastmahls Frist gegönnt.
1205 1945 2878 2048 Anina: Kein Aufschub mehr. Es überlegt sich schlecht
1133 2016 2681 2136 Beim Schwatz der Gäste und Geklirr der Gläser.
1214 2077 2883 2216 Flaminia: Die Antwort gleich, so lang er nüchtern ist.
1217 2170 2974 2281 Andrea: Wie's denn beliebt. Das Wort hat der Baron.
1217 2263 2828 2370 Santis: Doch der verzichtet gern für jetzt und später.
1115 2336 2440 2431 Denn werd' ich nachher kaum betrunkner sein
1067 2415 2490 2533 Als jetzt, so weiß ich doch, dass ich vor Tische
1128 2490 2490 2595 Nicht klüger bin als nach gehaltner Mahlzeit.
1115 2586 2329 2685 Und was Erfahrung anbetrifft, so findet
1128 2660 2238 2758 Zu so verzwickter Rätsel Lösung sich
1121 2742 2393 2844 Wohl mancher, der in Liebeslanden weiter
1121 2817 2281 2937 Als ich gereist und mehr sich umgetan.
1128 2897 2384 3005 Und einen weiß ich, der uns ohne Zögern
1133 2974 2381 3080 Der fein, doch allzu kraus erdachten Fabel
1140 3042 2670 3153 Gewünschten Abschlüß als ein Meister fände. (Pause.)
1137 3137 2579 3267 Sprech' ich den Namen aus, der auf den Lippen
1140 3214 1721 3360 Uns allen steht —?
1228 3301 1516 3398 Andrea:
1743 3264 2245 3423 Sie meinen...
1226 3380 1455 3480 Anina
1228 3396 2676 3562 Flaminia (Zugleich in verschiedenem Ton): Casanova?
1228 3500 1839 3659 Santis: Wer sonst.
1868 3602 2960 3741 Ja, wenn wir ihn zur Stelle hätten.
1233 3618 1516 3721 Andrea:
1140 3671 2334 3802 Doch leider ist er abgereist heut früh.
1228 3780 2729 3911 Santis: So seine Absicht. Doch er blieb.
2504 3845 2908 3954 Er blieb —?
1246 3859 1519 3968 Andrea:
1239 3909 2556 4068 Santis: And kommt zu Tisch.
4774 436 5216 599 Die Schwestern
3963 597 4229 722 Anina:
4869 599 5244 765 Er kommt?
3950 695 4345 810 Flaminia:
5260 717 5809 885 Vor einer Stunde
3968 781 4245 888 Santis:
3873 810 5051 978 Gelang's mir, ihn persönlich einzuladen.
3873 931 4579 1056 Gleich wird er da sein.
4576 962 5105 1101 Irrtum sicherlich.
3950 1017 4281 1115 Andrea:
3868 1062 5223 1205 Da er doch Abschied nahm für längre Fahrt.
3950 1128 5777 1267 Santis: Sie währte kurz — vom Stadttor hundert Schritt
3868 1248 4429 1362 War sie zu Ende.
4390 1305 5051 1428 Und er kehrt zurück?
3961 1326 4293 1432 Andrea:
3966 1351 5453 1523 Santis: Im gleichen Wagen, der ihn mit Gudar
3861 1473 5071 1600 Entführen sollte — seiner Liebsten nach.
3963 1555 4610 1705 Anina: Teresa?
3986 1648 4347 1750 Flaminia:
4601 1655 5421 1839 Ja, der holden Angetreuen.
3966 1730 4256 1830 Santis:
3861 1773 5212 1898 Ea war ihr auf der Spur und fuhr ihr nach.
3868 1848 5432 1979 Was ging's mich an? War doch der Wagen mein.
3886 1943 5128 2048 Für unsre Lustfahrt hatt' ich ihn gemietet.
3868 1979 5232 2145 So war's mein gutes Recht, ihn aufzuhalten.
3873 2109 5176 2204 Ich tat's, noch eh' ich wußte, wer drin saß.
3873 2188 5205 2288 Und mit Gefahr des Lebens. Seht mich an.
4656 2225 5348 2388 (Er weist auf sein Handgelenk.)
3982 2318 4733 2477 Flaminia: Verwundet?
4724 2386 4946 2551 Blut?
3982 2433 4231 2536 Anina:
4928 2443 5655 2626 Von Casanovas Degen.
3986 2515 4256 2615 Santis:
3972 2558 5555 2692 Andrea: Welch Abenteuer! Wie begab sich's nur?
3986 2660 5552 2790 Santis: Nach meinem Morgenimbiß mit dem Lord
3868 2729 5216 2867 Kein andrer tränk' ihn untern Tisch als ich —
3886 2828 5201 2944 Wünscht' ich in frischer Luft mich zu ergehn
3861 2910 5244 3037 Und nahm den Weg der freien Landschaft zu,
3879 2983 5024 3096 Als hinter mir staubwirbelnd hufewild
3886 3069 4967 3176 Ein - rasendes Gefährte näher stürmt.
3873 3103 5212 3246 Ich warte, schau', erkenne Wagen, Kutscher -
3873 3228 5148 3335 Heda, wohin mit meinem Angeld, Schuft?
3886 3301 5110 3407 Und mitten auf die Straße hin gewurzelt
3898 3353 5443 3509 Wink' ich ihm Halt. Er aber schwingt die Peitsche,
3891 3464 5325 3562 Haut auf die Pferde, daß sie vorwärtsschnauben,
3898 3541 5182 3643 Bis ich, in Zaum und Zügel ihnen fallend,
3886 3612 5223 3727 Sie zwinge stillzustehn. Jedoch dem Wagen
3891 3698 5214 3816 Im gleichen Augenblick entspringt ein Kerl
3904 3777 5325 3904 Verdächt'gen Ansehns: In die Stirn das Haar,
3904 3857 5169 3959 Mit span'schem Bärtchen, manteleingehüllt,
3877 3934 5171 4077 Den Degen in der Hand, bedrohlich rollend
