6200 4744
1527 503 1983 634 Arthur Schnitzler
708 634 2493 725 Anina: Ich glaube, nein. Vielmehr — er ging schon aus
1421 732 2069 829 (da Gudar befremdet scheint)
619 804 1966 905 Nun ja, wie Sie, Herr von Gudar, der doch
636 893 1869 964 Gewiß gleich ihm den Tag herangewacht.
728 962 2604 1065 Gudar: Uns Greisen frommt kein Schlaf. Zu töricht wär' es,
636 1031 2084 1152 Dem Wuchrer Tod, der bald des Dasein Schuld
631 1115 1973 1228 Im ganzen holt, allnächtlich Vorschuß zahlen.
745 1179 2659 1282 Anina (lächelt): Sie hatten wohl heut' nacht kein Glück im Spiel?
745 1285 2296 1374 Gudar: Dergleichen stört mir längst die Laune nicht.
631 1356 2074 1453 Mich kümmert kein Verlust, kaum noch Gewinn.
745 1430 1756 1544 Anina: Was also kümmert Sie?
1754 1495 2289 1608 Der Karten Fall.
728 1522 984 1606 Gudar:
728 1569 2451 1677 Anina: Wenn's Ihnen gleich gilt, wie sie Ihnen fielen?
745 1675 2449 1773 Gudar: So sagt' ich nicht. Aufs neue lockt's mich stets,
636 1756 2143 1850 Den Schicksalsmächten mich zum Kampf zu stellen.
737 1815 2205 1911 Anina: Ein großes Wort für so geringes Ding.
728 1909 2306 2000 Gudar: Warum gering? Ob ich die Karten frage,
636 1980 2091 2096 Ob wer mich ansprengt im Gewühl der Schlacht,
636 2054 1966 2151 Ob, wie's wohl in vergangner Zeit sich traf,
656 2141 1887 2232 Mich einer Maske Funkelaug' vom Tanz
631 2220 1776 2313 In eines Gartens Rätseldämmer rief,
631 2301 2116 2392 Nicht Angst noch Jubel hat mich je durchschauert,
644 2375 2037 2464 Nicht Haß noch Zärtlichkeit mein Blut gejagt
644 2464 2212 2543 Nur immer dies: Was willst du, Feind im Dunkel?
646 2540 2205 2617 Schicksal, was willst du mir? — So auch im Spiel.
644 2607 2000 2696 Dies blieb mir nun allein. So ist’s mir viel.
750 2676 2308 2789 Anina: Und also — wer blieb Sieger heute nacht?
737 2770 1601 2868 Gudar: Sie wissen's nicht?
1610 2834 2040 2945 Wie sollt' ich
750 2853 996 2935 Anina:
2096 2900 2681 3024 Hat Ihr Gatte —?
757 2932 1006 3016 Gudar:
737 3011 2720 3105 Anina (rasch): Ich schlief schon, als er heimkam. Hört' ihn kaum
649 3080 2003 3172 Und morgens weckte mich sein Fortgehn nicht.
656 3157 2173 3258 Doch freilich ist mir — und noch klingt’s mir nach
656 3253 2170 3334 Als wär's wie Gold durch meinen Schlaf geronnen
649 3329 1901 3421 Und Stück' um Stücke rollten dort hinein.
1228 3371 2343 3495 (Zum Sekretär, öffnet ihn, Goldstücke liegen zutage.)
757 3482 2279 3564 Gudar: So leiser Schlaf und ein so lauter Gatte!
750 3559 2400 3653 Anina (auf das Gold weisend): Ihr Gold, Herr von Gudar?
2294 3616 2878 3739 Noch gestern abend.
747 3635 1014 3722 Gudar:
656 3707 1492 3800 Heut' Herrn Andreas Gold.
1492 3788 2096 3887 O, wenn Sie etwa
760 3793 1009 3879 Anina:
1324 3867 2215 3973 (Sie macht sich mit dem Geld zu schaffen.)
644 3946 2558 4062 Ich zweifle nicht — Andrea wird — (in einiger Verlegenheit) wieviel
4205 464 4637 592 Die Schwestern
3398 555 5352 715 Gudar (ste unterbrechend): Ich habe nichts verloren, gnäd’ge Frau.
3285 691 4079 806 Herr Bassi nur gewann.
4067 745 4609 868 Wer denn verlor?
3389 777 3650 871 Anina:
3398 829 4932 940 Gudar: Herr Casanova. Doch da seine Barschaft
3285 920 4641 1019 Sehr bald in nichts zerfloß, hat sich's gefügt
3290 1006 4782 1100 Im Hin und Her des Spiels, daß all mein Gold
3315 1093 4452 1179 Vor Herrn Andrea Bassi sich gehäuft.
3389 1171 4254 1278 Anina: And Casanova —?
4269 1204 4834 1332 Schuldet alles mir,
3396 1250 3650 1359 Gudar:
3302 1319 4612 1418 Was er verlor. Ein andermal — vielleicht
3302 1393 4696 1497 Heut' abend schon — vielleicht erst übers Jahr
3302 1482 4390 1591 In Homburg oder wo es immer sei,
3297 1566 4580 1675 Begleicht er, was ich gern ihm vorgestreckt.
3406 1640 4641 1741 Anina (wie fragend): Er ist ein Ehrenmann
4671 1694 5251 1808 Auf Sicht, wie ich.
3391 1719 3662 1818 Gudar:
3320 1786 4772 1882 Von einem Tag zum andern wird man's wieder;
3297 1874 4582 1963 Und regt zur Zwischenzeit ein Zweifel sich
3315 1951 4474 2040 Ein Degenstoß beschwichtigt ihn sofort.
3403 2030 4987 2123 Anina: Sie kennen ihn nicht erst seit gestern abend?
3408 2123 4952 2210 Gudar (lacht): Herrn Casanova? In Venedig schon,
3315 2192 4582 2279 Lang eh' er unter dem berühmten Bleidach
3307 2264 4523 2360 Freigeisterei und leicht’re Sünden büßte,
3320 2343 4785 2451 Er noch ein Fant, doch schön und frech wie heut’,
3320 2412 4666 2525 Ich von der Jugend letztem Glanz umsonnt,
3307 2521 4516 2599 Schon damals maßen unsere Kräfte wir,
3315 2567 4797 2676 Und nicht am Spieltisch nur. Zehn Jahre sind's!
3315 2664 4738 2767 Noch steigt sein Stern, da meiner längst erblich.
3408 2730 4466 2861 Anina: Sie lieben ihn nicht sehr?
4466 2809 5187 2915 Und doch nicht wen'ger,
3421 2826 3653 2927 Gudar:
3307 2890 4575 2994 Als meiner Jugend Bild ich lieben müßte,
3320 2994 4619 3068 Begegnet's plötzlich mir im Licht des Tags.
3329 3063 4143 3174 Sie kannten ihn noch nicht?
4151 3110 4755 3228 Nur seinen Namen.
3421 3144 3667 3238 Anina:
3408 3209 4989 3297 Gudar: Sprach ihn Herr Bassi je vor Ihnen aus?
3307 3315 4489 3401 Die Gatten lieben seinen Namen nicht.
3428 3379 4745 3460 Anina: Andrea Bassi ist mein Gatte nicht.
3421 3445 5317 3554 Gudar: Noch nicht. Mag sein. Doch kenn’ ich Menschen so,
3320 3519 4802 3643 Wie's mir nach sechzig Jahren Weltfahrt ansteht,
3315 3616 4634 3709 So denk' ich, daß Herrn Bassis Bürgersinn
3307 3687 4674 3798 Der lieben Vettern Gunst so schwer entbehrt,
3320 3783 4577 3879 Als Ihre Frommheit, holde Frau Anina,
3320 3842 4595 3926 Der Kirche heil'gen Spruch und Ehesegen.
3325 3914 4706 4069 Und ist bei rauhem Wind in fremden Landen
