3256 4680
956 350 1984 516 Deutsche Rundschau, Berlin
1256 468 1656 605 C.ONI. 1919
1107 684 1897 816 Die Schwestern
1435 821 1575 900 oder
1160 908 1852 1015 Casanova in Spa
953 1073 2046 1194 Ein Lustspiel in Versen
1185 1244 1816 1331 Drei Akte in Einem
1440 1351 1541 1412 von
1121 1418 1836 1525 Arthur Schnitzler
1547 1541 1631 1595 4.
998 1544 1270 1631 Sr.
1337 1550 1673 1670 Personen:
370 1667 2385 1743 Andrea Bassi, ein wohlhabender junger Mann aus Ferrara (23 Jahre alt).
373 1743 2612 1808 Anina, ein junges Mädchen aus der gleichen Stadt, von Andrea entführt (17 Jahre alt).
376 1810 1578 1872 Der angebliche Baron Santis (40 Jahre alt).
373 1875 1421 1942 Flaminia, die Baronin (24 Jahre alt).
364 1931 2427 2009 Herr von Gudar, ein verabschiedeter holländischer Offizier (über 60 Jahre alt)
370 2001 1068 2071 Casanova (32 Jahre alt).
364 2063 1572 2136 Teessa, eine berühmte Tänzerin aus Neapel.
364 2130 1230 2206 Tito, der Kellner (15 Jahre alt)
364 2200 673 2267 Ein Lord.
364 2264 1191 2351 Eine Witwe aus Amsterdam.
364 2329 995 2399 Eine Dame aus Lyon.
149 2334 275 2433 cette
362 2396 802 2477 Ihre Tochter.
367 2461 807 2542 Andere Gäste.
364 2539 2595 2626 Die Handlung spielt zu Spa, Mitte des achtzehnten Jahrhunderts, an einem Sommer¬
404 2629 2547 2693 tag, in dem schönen, beinahe prächtigen Fremdenzimmer eines vornehmen Gasthofs.
350 2716 2598 2780 (Eine Tür rechts vorn auf den Gang, eine andre links in das benachbarte Zimmer. Ein großes Fenster
359 2774 2598 2831 im Lintergrund mit der Aussicht auf den Park. Ein Tisch mit Schreibgelegenheit rechts. — Ein großer
350 2822 2598 2884 Schrank links, ein Sekretär rechts. — Nahe dem Schrank ein Neisekoffer. — Alkoven rechtes durch einen
1230 2875 1735 2945 Vorhang abgeschlossen.
451 3108 2595 3184 Anina allein. Sie blickt in den Park, schauert leicht zusammen. Vom Fenster fort an das Tischchen.
345 3175 2598 3242 beginnt zu schreiben. Hält inne, überliest, schreiht wieder rascher. Sie hört Schritte, verbirgt den Brief
359 3234 1104 3287 in ihrem Busen, tritt ans Fenster.
451 3296 2595 3363 Gudar (verabschiedeter holländischer Offizier, wollte draußen am Fenster vorbeigehen, bleibt
345 3377 1794 3447 stehen, grüßt): Ein schöner Morgen, gnäd’ge Frau.
1752 3433 2228 3534 Noch Morgen?
451 3436 701 3523 Anina:
342 3512 1110 3610 Ich denke, Mittag schon!
446 3596 706 3677 Gudar:
1124 3593 1760 3682 So will's die Sonne.
345 3674 1639 3761 Der aber fragt man hier zu Ort nicht nach.
339 3750 1659 3839 Herr Bassi auch, ich wette, schlummert noch
460 3867 2592 3968 *) Alle Rechte, besonders das der Übersetzung, vorbehalten. Den Bühnen gegen¬
336 3943 804 4022 über Manuskript.
331 4058 1051 4162 1 Deutsche Rundschau. XLVI, 1.
