7096 4984
1950 402 2448 558 Arthur Schnitzler
1155 518 1535 662 Casanova:
2208 522 2995 675 Sie werden gleich verstehn.
1060 618 2300 745 Nur bitte, schließen Sie das Fenster erst.
1168 715 1920 832 Andrea (schließt das Fenster).
1058 790 2340 890 Casansva verneigt sich dankend, tritt nach vorn):
1060 860 2532 998 Nun, mein Ersuchen, das — ich leugn' es nicht
1068 958 2382 1058 Nach vierundzwanzigstündiger Bekanntschaft
1078 1042 2340 1135 Verwegen schiene — ständ’ ich Ihnen nicht
1068 1118 2345 1225 Nach eigenem Gefühl als Freund genüber
1072 1188 2315 1278 Und wie gebotne Hand den Gegendruck,
1078 1270 2575 1398 So fordert Freundschaft Freundsthaft zum Entgelt
1842 1358 2502 1460 (Er streckt ihm die Hand hin.)
1098 1412 2525 1530 Andrea (ergreift sie zögernd und läßt sie gleich wieder los).
1048 1495 2705 1620 Casanova: Auch daß ich Sie Kollegen heißen darf
1168 1565 2048 1685 Andrea: Sie sind Student?
1152 1628 2640 1765 Casanova: Ich war's. Ich bin's. Und glaube
1058 1722 2358 1845 In höherm Sinne werd' ich's immer sein.
1155 1810 2198 1932 Andrea : Student der Rechte —?
1165 1890 1498 1998 Casanova:
2192 1850 2720 2010 Und Philosophie.
1058 1932 2440 2062 Zwar nach den Regeln nicht, jedoch mit Eifer.
1172 2040 2705 2162 Andrea: Sie weilten an der Schule von Bologna?
1162 2128 2852 2250 Casanova: Von Padua. Doch war’s mir nicht gegönnt,
1068 2195 2592 2302 Vom Born der Weisheit recht nach Lust zu trinken.
1052 2280 2332 2408 Denn halb aus Laune, halb zum Unterhalt
1060 2362 2265 2470 Spielt' ich des Abends im Orchester mit.
1160 2440 1825 2552 Andrea: Die Geige?
1155 2508 1510 2635 Casanova:
1842 2492 2805 2650 Ja. Und Sie sind Flötenbläser?
1142 2612 2620 2720 Andrea (etwas befremdet): Wie kommen Sie darauf?
1130 2680 1512 2782 Casanova:
2615 2700 3180 2830 Der Lippen leicht
1060 2768 2455 2880 Geschwungne Form verrät's dem Kenner gleich.
1048 2835 1720 2950 Sie lieben die Musik?
1140 2898 2332 3032 Andrea (ablehnend): Wer liebt sie nicht?
1142 2995 2455 3128 Casanova: Sehr wahr. (Beginnt zu deklamieren.)
1888 3082 2978 3242 O, Himmelstochter, die von Sternen
1038 3092 1715 3260 Zu Sternen schwebt —
1135 3218 1435 3330 Andrea:
1752 3200 2300 3368 Wie meinen Sie?
1132 3258 1712 3422 Casanova (lächelnd):
2310 3275 2602 3462 's ist nur
1045 3372 1745 3520 Der Anfang einer Ode.
1135 3458 1438 3562 Andrea:
1758 3445 2035 3595 Von —?
1128 3535 1492 3650 Casanova:
2060 3555 2350 3700 Von mir.
1125 3562 2022 3758 Andrea: Sie machen Verse?
1140 3695 1492 3802 Casanova:
2062 3692 2712 3852 Nicht der Rede wert.
1030 3755 2358 3902 Da plaudri ich nun, dieweil mir unterm Fuß
1028 3830 2548 4025 Der Boden brennt. Zur Sache denn Herr Bassi-
975 3968 1165 4158 22
4735 405 5198 605 Die Schwestern
4845 578 5060 680 (Rasch.)
3842 630 5295 768 Ich reise ab. Ich muß. Aus trift'gen Gründen.
3840 740 5180 852 Und zwar sofort. Und mir liegt viel daran,
3830 818 5170 915 Herrn von Gudar, was ich ihm schuldig bin,
3812 895 4965 1002 El' ich den Ort verlasse, rückzustatten.
3830 988 5265 1098 Er ist nicht reich. Sie sind's und hatten gestern
3822 1058 5198 1178 Viel Glück im Spiel. And also bitt' ich Sie
3818 1140 5142 1268 Ein Edelmann den andern —, mir zu leihn,
3818 1210 5080 1322 Was ich an ihn, was er an Sie verlor —
3822 1282 5208 1380 Und was ihm viel, was Ihnen nichts bedeutet.
3940 1370 5265 1508 Andrea (höhnisch): Ihr Ernst, Herr Casanova
3910 1442 4280 1555 Casanova:
5285 1405 5705 1575 Meine Späße
3805 1525 4250 1635 Sind witz'ger.
3925 1588 5275 1740 Andrea wie oben): And Sie könnten glauben -
3912 1685 4460 1792 Casanova (sachlich).
5298 1635 5568 1825 Tausend
3800 1735 5012 1862 Dukaten rund. Es bleibt ein Überschuß,
3795 1860 5068 1942 So wenig Sie auf solchen Bettel anstehn,
3818 1928 5042 2028 Von fünfzig, den ich Ihnen bar bezahlte.
3805 2010 5072 2115 Den Wechsel, fällig binnen dreißig Tagen,
3812 2082 5825 2195 Hab' ich schon-ausgestellt. Hier «auf die Unterschrift deutend»: „Casanova“
3815 2158 5270 2278 Mein Namenszug. Ich schwöre, daß er echt.
3908 2242 5012 2375 Andrea : Doch ausgestellt auf wen?
3920 2300 4260 2422 Casanova:
5040 2268 5615 2440 Auf mich natürlich.
3818 2378 5408 2525 Wem trau' ich sonst? Obzwar — Lausin in Brüssel,
3818 2458 5238 2605 Auch Herr Raspetti, der Bankier in Mailand -
3822 2555 5110 2662 Von andern zu geschweigen — löst ihn ein.
3798 2600 5288 2765 Doch wünscht' ich's nicht; mir wär' es eine Ehre,
3820 2710 4958 2828 Mit Zinseszins nach abgelaufner Frist
3822 2765 5072 2922 Persönlich Ihnen meine Schuld zu zahlen.
3920 2870 4745 3015 Andrea (den Wechsel betrachtend):
3798 2948 4460 3065 In dreißig Tagen..
3902 3030 4265 3125 Casanova:
4458 2970 5275 3175 Ja, hier steht's geschrieben-
3810 3112 5115 3232 Doch schließ' ich zeitigern Termin nicht aus.
3902 3148 5665 3322 Andrea: Und wie — verzeihn Sie, ich bin nicht vertraut —
3800 3262 4470 3385 Mit Geldgeschäften —
3905 3338 4250 3452 Casanova:
4495 3300 5142 3495 Unter Ehrenmännern
3792 3380 4558 3565 Genügte wohl das Wort.
3908 3505 4195 3612 Andrea:
4578 3468 5080 3632 Gewiß. Jedoch
3900 3545 5568 3698 Casanova: Sie wollen Sicherheit. Das muß ich loben.
3788 3648 4915 3790 Ich gebe sie und zehnfach für einmal.
3788 3752 5325 3900 Der Wechsel wäre eins. Zum zweiten trag' ich
3800 3820 5075 3952 Den Namen Casanova. Doch Sie fragen,
3800 3908 5012 4042 Wo nimmt so rasch er die Dukaten her?
