5208 3928
1603 413 1972 540 —: 70 —
986 499 2199 643 Du magst ihn dann für ewig dir behalten.
3498 559 3881 687 getrunken, noch in
992 625 2314 763 Verlangst du mehr? — Hier, meine Perlenschrei
3075 648 4376 786 minia! — Dacht' ich’s doch! (Weiter berein.)
1318 687 2157 821 (Auf eine Gebärde der Anina:)
3112 728 4527 852 Ich darf wohl auch —?
969 734 2359 893 Ein Freundschaftszeichen nur, nicht etwa Lohn.
3032 817 4442 936 fertig gemacht. Gleich sind die Gäste da!
969 858 2254 992 Läßt du allein mich gehn, so ist es dein.
2986 889 4543 1000 Ist man auch schön genug —? Es mag sich lohnen.
971 938 2277 1072 Nenn’s Laune, wenn du willst, Besessenheit,
2974 975 4515 1083 Ein feiner Herr, mein Lord — ward neunzehn eben,
870 1021 2217 1155 Noch gestern hätt' ich für den Venezianer
2980 1070 4475 1173 Sieht dem Adonis gleich und sauft wie Bacchus.
973 1089 2085 1217 So wenig als für einen andern Mann
2986 1130 4513 1262 Wir sind auf du und du. In Barren schleppt er
978 1180 2060 1314 Die letzte dieser Perlen hingegeben.
2986 1213 4525 1341 Das Gold mit sich. Wer wird den Bissen schnappen —
986 1244 2203 1371 Nur eben heut und weil ich grade will —
2974 1306 4424 1421 Blond oder braun? (Zu Andrea)
1015 1275 2467 1460 ANINA: Als wär’ er mir um tausend Perlen feil
3021 1372 4508 1506 Wenn wir nicht das Geschäft
1042 1415 2203 1567 FLAMINIA: Zu deinen Füßen denn. —
2974 1458 4412 1563 Auf halbpart machen. — Wie, Herr Philosoph?
1437 1493 2058 1644 (Sie stürzt vor ihr nieder.)
2149 1534 2382 1631 G.C.F.P.
2986 1534 4478 1664 Denn so ein Lord erscheint nicht alle Tage.
1050 1574 1885 1708 ANINA: Was fällt dir ein?
2991 1619 4257 1730 Auch wirft schon Holland seine Netze aus.
1037 1603 2498 1819 FLAMINIA: Ein letztes Mal, laß dich beschwören,
3046 1702 4379 1819 FLAMINIA: Die Witwe?
2310 1726 2496 1827 Kind.
2968 1770 4519 1908 SANTIS: Ja. Trotz ihrer Neununddreißig.
978 1805 2498 1970 Du kennst mich nicht. So sanft und gut ich scheine,
2980 1873 4478 2001 Nicht Männer mein' ich, Jahre neununddreißig.
1004 1906 2209 2044 Wer störrisch meinen Bitten sich versagt —
2986 1955 4461 2056 Vierzig vielleicht, doch frisch und gut gebaut,
1027 1986 1953 2143 ANINA (sich von ihr losreißend):
2980 2036 4473 2133 Sie zechte mit, sprach englisch mit dem Lord.
1009 2067 1695 2188 Ich tu's.
2980 2116 4492 2225 Und wenn’s mir recht ist, unterm Tisch französisch.
1052 2135 2403 2296 FLAMINIA (plötzlich auf und in böcbster Erbitterung):
2986 2199 4360 2298 Die nehmen wir auf uns, Herr Bassi, wie!
1279 2223 2326 2337 Dann Gnade Gott uns beiden.
3034 2273 4519 2411 FLAMINIA: Es kommen wohl noch andre Gäste,
1021 2289 2300 2430 Vor allem dir und deinem sanften Aug'.
3236 2366 4490 2456 denk'ich.
1015 2409 2279 2518 Und da die finstre Nacht dir hold gesinnt,
3026 2444 4504 2566 SANTIS: Das Fräulein aus Lyon nebst Frau Mama.
996 2454 2432 2607 Sei ewig sie um dich. Mit dieser Nadel —
3003 2537 4430 2644 — Die Mutter ist die jüngre, kommt mir vor. —
1009 2553 2539 2669 (Sie bat einen Pfeil aus ihrem Haar genogen und will Anina damit
2974 2597 4449 2722 Ein Fabrikant aus Lüttich, kahl, doch reich,
1438 2632 2522 2747 ins Auge fabren.)
4112 2675 4444 2784 G.H.F.P.
1064 2677 2541 2817 ANDREA (tritt jetzt zwischen sie, nimmt zuerst Flaminia, dann
2990 2694 3714 2799 Und —
1013 2774 2531 2877 Anina bei der Hand, die er vorläufig nicht losläßt. Sie steben also
2974 2764 4469 2894 (Totat erst bemerkt er, wie die drei andern dasteben: Andreas nwischen
1015 2830 2502 2927 alle drei in einer Reihe, den Blick gegen links gewandt, in dem
3164 2844 4473 2931 Anina und Flaminia, beide an der Hund haltend.)
1027 2908 2487 3042 Augenblick, wie sich die Tür links öffnet und Santis bereintritt).
3164 2916 4478 3036 Wie —?! Wird hier ein Menuett geübt!
1260 2978 2293 3122 Anina — Flaminia — Andrea — Santis.
2980 2972 4473 3153 Doch nein, dies ist kein Tanz. Was geht hier vort
