6399 4744
1731 397 2228 565 Arthur Schnitzler
3324 394 4542 594 Und Reden führt er sonderbar verwirrt
3319 539 4558 650 Mit Augenrollen und verzerrten Mienen,
957 497 1838 692 Andrea: Kein Wort davon
3319 636 4608 760 Und mit Gebärden, die ins Leere drohten.
1920 581 2790 765 Weil sich die Schlaue denkt:
947 644 1394 744 Casanova:
3327 721 4650 813 Und nun besinn' ich mich, daß er heut nacht
863 684 2288 813 Wenn ich mit Santis' Rachedrohn ihn schreckte,
3337 768 4731 913 Sofort nach Ihnen sich vom Spieltisch wegstahl
857 797 2307 899 So hielt' ich ihn, statt seine Flucht zu fördern,
3343 876 4526 968 Und wiederkam, noch ehe Sie erschienen.
844 868 2183 970 Zum Trotz auf diesen Fleck hier festgebannt.
852 955 2748 1089 Drum fordr' ich sie als Dank — wer könnt' ihn weigern —
3335 934 4655 1068 Nun erst begreif' ich. Hier, die fünfzig noch
2701 931 2901 1105 G.H.F.P.
3330 1026 4666 1134 Den Überschuß. Und noch ein Hundert draut
871 1034 1528 1147 Nach einer Liebesnacht.
3343 1091 4639 1212 Nach Brüssel wollen Sie? Ein wenig nah!
1562 1076 2091 1212 Vermutung alles.
952 1112 1228 1212 Andrea:
3343 1186 4610 1286 Ich wählte Holland — aber wohl bedacht,
949 1162 2672 1318 Casanova: Vermutung? Wenn ich Ihnen sage, Herr,
3345 1241 4600 1386 Daß hinter mir sich jede Spur verwische.
871 1262 2078 1386 Daß heute früh schon Santis in Person
3464 1260 5307 1436 Casanova: Ach! — Seine Wut verraucht in ein paar Tagen.
871 1354 1678 1491 Im Gasthof mich gesucht —
3427 1404 5284 1570 Andrea: So bald? Wer weiß! Er sieht nicht danach aus.
1715 1402 2241 1531 So, tat er das?
952 1431 1247 1539 Andrea:
3340 1478 4763 1602 An ihrer Statt wollt' ich mich besser hüten.
970 1486 2727 1617 Casanova: Doch wußt' ich nichts davon. Die Wirte sind
3353 1546 4842 1710 Wie wär's, Sie nähmen Überfuhr nach England?
876 1575 2349 1712 Gewitzt in dieser Stadt. Man ließ mich schlafen,
3464 1644 4387 1794 Casanova: Amerika vielleicht!
871 1670 1583 1788 Ihn schickte man davon.
4379 1686 4973 1812 Und warum nicht?
1604 1702 2217 1852 Er ließ sich schicken?
3466 1746 3840 1838 Andrea:
955 1749 1247 1852 Andrea:
3479 1786 5194 1912 Casanova: Die Fahrt ist weit, und meine Mittel knapp.
970 1807 2727 1970 Casanova: Was sollt' er tun? Versperrt war meine Tür,
3472 1875 5157 2028 Andrea: Ist einer frei wie Sie, kennt der noch Fernen?
857 1896 2199 2020 Und da ich ihm, wie er sich schmeicheln muß,
3372 1949 4760 2099 Und was das Geld betrifft, noch weitere zwei-,
876 1994 2096 2078 Doch irgendwo ins Netz gelaufen komme,
3366 2041 4676 2154 Dreihundert stell' ich Ihnen zur Verfügung.
863 2057 2072 2180 Und kostbar jede Stunde solchem Gauch,
3380 2107 4829 2259 Mir tät es leid um Sie... und um mein Geld.
876 2130 2233 2228 Nützt er indes auch die für andern Zweck; —
3474 2217 4563 2364 Casanova: Zu höhern Zinsen denn.
871 2214 2228 2314 Ob er nun Gimpel neu sich fängt zum Spiel,
4455 2246 5178 2364 Wer spricht davon?
3479 2301 3806 2422 Andrea:
876 2285 2241 2414 Ob's was mit Pferden, Weibern, Edelsteinen,
4192 2335 4837 2446 (Er gibt ihm weiteres Gold.)
871 2372 2054 2491 Mit Seidentüchern zu verdienen gibt; —
3380 2391 4808 2527 Sind Sie in Sicherheit, ist's auch mein Gold.
881 2454 2009 2543 Wenn er nicht etwa gegen gutes Geld
3390 2485 4629 2596 Nur frag' ich, wie Sie ungesehn bei Tag
871 2525 2275 2627 Den Dolch schon für den Anverschämten dingt,
3395 2562 4800 2675 Aus Stadt und Stadgebiet entweichen wollen?
886 2614 2059 2714 Der Küsse nur mit Küssen bar bezahlte.
3498 2630 5331 2762 Casanova: Da sei'n Sie unbesorgt. Hier gibt es Pförtchen,
984 2651 3093 2848 Andrea that zugehört mit übertriebenen Zeichen der Zustimmung, nun geht er zum Sekretär und
3387 2746 4866 2827 Die niemand kennt als ich, und krumme Gäßchen,
886 2767 1152 2869 öffnet ihn):
3390 2817 4697 2927 Und Winkelpfade, dämmerdunkle Bogen —
871 2796 2480 2927 Hier, nehmen Sie, — und rasch, hier sind fünfhundert
3408 2864 4884 2996 Und trät' ich wo ins Licht, wer will mich kennen?
886 2909 2359 3003 Sechs, sieben, acht — nun wird mir manches klar.
3408 2948 5357 3067 Er wendet sich auf einen Augenblick, dreht den Mantel auf die andre Seite, verändert so
3408 2998 5497 3119 dreht sich wieder um und sieht überdies mit einem kleinen falschen Bart da; spricht mit veründerter Stadt
871 2988 1560 3130 Hier neun und zehn —
1604 3009 2149 3185 Wie meinten Sie?
976 3069 1344 3180 Casanova:
3408 3106 4450 3245 Sie selber zweifeln, daß ich's bin.
976 3114 1638 3251 Andrea (geschickt spielend):
2172 3124 2517 3290 Zu seltsam
3635 3135 5005 3337 Wendet sich, nimmt wieder seine frühere Erscheinung an; mit sei=
881 3190 2078 3335 War sein Gebaren. Eines Tollen fast -
4489 3238 4821 3337 Ich bin's.
4224 3301 4847 3416 (Seine Geldbeutel ordnend):
886 3303 1767 3422 Ich hielt's für Trunkenheit. —
1007 3316 3111 3527 der mit dem Gold beschäftigt, die Beutel zusammenschnütrend und sie einen nach dem andern Casanova
3422 3356 4721 3511 So, dies ist für Gudar, dies für den Wirt,
1886 3453 2104 3535 reichend.)
3414 3406 4960 3590 Dies für die Reise. Und nun, Dank, mein Freund.
1670 3490 2264 3619 Sie sahn ihn schon?
976 3469 1344 3627 Casanova:
3427 3540 4781 3661 Sie sollen für Ihr Geld nicht zittern müssen.
965 3548 2617 3724 Andrea: So nah wie Sie. An dieser Stelle stand er.
3437 3603 4842 3740 Denn acht' ich selbst mein Leben auch nicht viel,
886 3674 2162 3766 Lud mich zur Tafel, draußen deckt man sie,
3427 3714 4710 3814 Für Sie mir's zu erhalten, ist mir Pflicht.
886 3711 2438 3890 Zu einer Lustfahrt — nicht so nah, mein Freund, —
3456 3777 4826 3945 Und kann's nicht früher sein, in Jahr und Tag
1623 3840 2399 3898 (er hält Casanova vom Fenster ab)
894 3895 2393 4024 Zu einem Fest, was weiß ich noch — und grinste
