5224 3832
3269 394 4186 560 tatis, ob ich’s ihm nicht gleich ge-
1051 440 2252 609 FLAMINIA; Ist's möglich? Wie? Ward
3038 524 4459 664 in Dirnchen, sagt ich, und der hübsche Jüngling
2060 569 2254 659 G.C.F.P.
3408 611 4489 735 (au Andrea)
980 615 2288 752 Auf kenschem Lager harr' ich sehnsuchtsvoll,
2983 640 4491 836 Sie mein' ich, ja, ein Narr, und wird’e bereuen.
980 718 2317 822 Und diese hier fängt mir den Liebsten ab —
3120 762 3343 874 G.C.F.P.
3450 779 4400 891 (zu Anina)
967 803 2275 916 Ins Leere durstig breitet sich mein Arm —
2989 860 4489 967 Und schmeichelst du dir wirklich, daß ein Mann,
980 880 2286 992 Indessen schlingt der ihre sich um ihn?! —
2968 946 4426 1051 Ein vielerfahrner, Casanova main' ich,
965 959 2317 1078 Die Nachtluft trink' ich, seine Küsse die —
2983 998 4489 1119 So plump sich täuschen ließ? Daß er nicht gleich —
959 1039 2323 1163 Und während ich mit rotgeweintem Aug'
2966 1074 4371 1201 Ob er von mir auch nichts als mein Gesicht
948 1129 2275 1220 Der grauen Dämmrung wach entgegenstarre,
2972 1161 4348 1315 Und meine Hand und — meinen Atem kennt —
967 1213 2340 1304 Ist diese da in süßem Morgentraum,
2962 1237 4133 1369 Daß er der Gaukelei nicht inneward?
961 1287 2342 1378 Der mir gebührt, verrätrisch eingeschlummert!
2968 1325 4329 1454 Und dämmert dir nicht auf, daß er sich nur
956 1352 2443 1479 Hat solches Ausmaß von Verworfenheit
2907 1405 4358 1512 Aus Höflichkeit nichts merken ließ des Nachts?
948 1464 2448 1571 In einem Weiberherzen Raum? (Zu Andrea gewandt:)
819 1557 921 1654 G.F.P.
2947 1485 4455 1614 Du zweifelst? Nun, hier habt ihr den Beweis:
1468 1531 2372 1645 Und ich,
2953 1559 4356 1700 Schon heute morgen, da der Rausch verflogen,
954 1578 2277 1725 Gutmüt'ge Närrin, die im eignen Wagen,
2953 1664 4306 1793 Und Ärger und Beschämung übrig war,
956 1696 2283 1812 Weil ihrer brach, nach Spa sie mitgeführt; —
2374 1689 2542 1814 G.C.F.P.
2953 1729 4259 1864 Was tat er da? Dem Lächeln des Triumpha
954 1755 2298 1892 Wie einer Freundin, einer Schwester ihrer
2930 1809 4247 1965 In deinem falschen Aug', wie meinem Spott
939 1849 2465 1959 Mich herzlich angenommen; — endlich selbst
2924 1890 4125 2031 Und seiner eignen Reue zu entfliehen —
944 1919 2186 2031 Mit Casanova sie bekannt gemacht,
2936 1972 3943 2106 Ist er mit Extrapost davongereist.
950 2016 2294 2128 Den sie zum Dank sofort vom Mahle weg
2985 2041 4005 2214 ANDREA: Und woher wissen Sie
939 2092 2454 2205 In ihr wollüst'ges Bett zu locken weiß. — — (Zu Anina)
2979 2132 3417 2248 FLAMINIA:
4011 2128 4455 2307 Weil mir soeben
939 2174 2376 2294 Ein Fräulein Sie? Aus gutem Bürgerhaus —?
2917 2195 4217 2347 Beim Goldnen Löwen diese Auskunft ward.
948 2256 2334 2370 ja, wer von solchem unschuldsblassen Lärvchen
2985 2286 3956 2399 ANDREA: Sie waren selbst —?
944 2349 2134 2439 Sich narren ließe! Wer in diesem zarten
2972 2370 4441 2524 FLAMINIA: War dort, ich leugn’ es nicht.
944 2416 2313 2534 Hochmüt'gen Antlitz nicht verruchter Laster
2899 2458 4215 2591 Denn daß ich eines Manns vergeblich harrte
944 2503 2180 2614 Geheime Spuren tief gegraben sähe! —
2911 2536 4186 2650 Den langerflehter Huld ich würdig hielt,
942 2568 2412 2709 Wo kommst du her? Aus einer Mädchenkammer?!
2911 2616 4228 2749 Zum erstenmal heut nacht erfuhr ich das;
933 2654 2389 2785 Aus einem Freudenhaus! Du eines Jünglings
2941 2709 4243 2835 Und mich verlangte nach des Rätsels Lösung,
931 2741 2412 2848 Ehrsame Braut —? Von einer Kupplerin
2905 2774 4287 2903 Nun hab’ ich sie. Und wie’s mich auch empört
927 2818 2155 2939 Hat er dich losgekauft, und seine Ehre.
2911 2877 4200 3035 Daß — einer andern List und Lüsternheit
925 2905 2107 3031 Gab über den bedungnen Preis er hin.
3002 2976 3463 3115 Die Schwestern
4251 3033 4704 3267 SPAKERSCHE BOI
