3240 4712
565 295 1499 459 Gebrüder Paetel, Berlin.
1983 400 2414 553 18. 8. 1910
526 426 1546 551 Deutsche Rundschau. 46, 1.
609 526 2097 679 Pierersche Hofbuchdruckerei, Altenburg (S.=A.).
2125 645 2236 754 ne se
1071 1157 1850 1338 Die Schwestern
2692 1224 2806 1338 nen
2606 1227 2717 1332 2
1391 1316 1521 1410 oder
2854 1402 2940 1549 velagkeit
2575 1354 2667 1452 K
1118 1385 1813 1538 Casanova in Spa
2639 1424 2728 1502 of
2578 1510 2670 1602 sme
929 1541 2000 1699 Ein Lustspiel in Versen
1179 1736 1769 1866 Drei Akte in einem
1399 1869 1521 1947 von
1124 1905 1816 2047 Arthur Schnitzler
1304 2122 1649 2206 Personen:
364 2144 2367 2297 Andrea Bassi, ein wohlhabender junger Mann aus Ferrara (23 Jahre alt).
370 2250 2587 2364 Anina, ein junges Mädchen aus der gleichen Stadt, von Andrea entführt (17 Jahre alt)
375 2339 1566 2434 Der angebliche Baron Santis (40 Jahre alt).
362 2406 1418 2503 Flaminia, die Baronin (24 Jahre alt).
370 2417 2417 2595 Herr von Gudar, ein verabschiedeter holländischer Offizier (ilber 60 Jahre alt)
364 2550 1065 2642 Casanova (32 Jahre alt).
381 2606 1577 2720 Teosa, eine berühmte Tänzerin aus Neapel.
381 2681 1240 2776 Tito, der Kellner (15 Jahre alt).
370 2756 690 2834 Ein Lord.
381 2804 1210 2923 Eine Witwe aus Amsterdam.
348 2873 1015 2968 Eine Dame aus Lyon.
381 2948 823 3043 Ihre Tochter.
387 3020 829 3112 Andere Gäste.
2225 2976 2320 3096 4.
387 3043 2523 3187 Die Handlung spielt zu Spa, Mitte des achtzehnten Jahrhunderts, an einem Som=
437 3137 2481 3274 tag, in dem schönen, beinahe prächtigen Fremdenzimmer eines vornehmen Gasth
400 3226 2626 3332 Eine Tür rechts vorn auf den Gang, eine andre links in das benachbarte Zimmer. Ein großes Fenster
389 3282 2623 3388 im Hintergrund mit der Aussicht auf den Park. Ein Tisch mit Schreibgelegenheit rechts. — Ein großer
384 3329 2620 3529 Schrank links, ein Sekretär rechts. — Nahe dem Schrank ein Reisekoffer. — Alkoven rechtes durch eine=
1260 3404 1780 3527 Vorhang abgeschlossen.)
2208 3574 2353 3666 G.C.F.P.
509 3563 2503 3755 Anina allein. Sie der in den Park, schauert leicht zusammen. Vom Fenster fort an das Auf
1655 3707 2350 3819 rascher. Sie hört Schritte, verdi
567 3735 1524 3816 zu schreiben. Hält inne, überliest, schreidt
542 3788 1277 3877 im Busen. tritt aus Fenster).
537 3805 1560 3941 Gudar (verabschiedeter holländischer Offizier)
590 3913 1660 4047 grüßen: Ein schöner Morgen, gnäd'ge
701 4058 929 4194 Mitta
1285 4116 1474 4244 will s
1199 4225 1519 4336 an Ort nicht
1054 4225 1160 4328 Dier
884 4208 965 4330 mo
921 4305 1546 4450 ich wette, schlummert
