5416 4024
1802 413 2091 585 — 102 —
1130 539 1811 695 TITO: Nein, zwei.
1236 635 2074 766 CASANOVA: Wiel Zwei?
1255 729 2498 856 TITO: Aber sie gehören nicht zusammen.
1255 827 1926 925 TERESA: Nun also —
1255 894 2707 1023 TITO: Sie kamen fast in der gleichen Minute an,
1188 965 2702 1105 jeder in einer andern Kutsche, und beide fragten
1193 1048 2707 1174 mich, ob in diesem Gasthof nicht die berühmte Tän¬
1195 1128 2721 1272 zerin Teresa abgestiegen sei. Jeder insgeheim. Einer
1195 1228 2705 1358 weiß nichts vom andern. Sie kennen sich wohl nicht
1195 1316 1408 1416 einmal.
1230 1368 2711 1504 GUDAR: Wie sollten sie, wenn Rhampsinit der eine,
1190 1470 2255 1581 Der andre gar der große Alexander.
1201 1537 2420 1669 Wo hätten sich die zwei begegnen sollen?
1249 1639 2725 1725 TITO: Sie haben ihre Namen nicht genannt. Viel¬
1195 1721 2711 1840 leicht heißen sie so, aber ich könnte nichts Bestimmtes
1188 1825 1399 1907 sagen.
1261 1848 2719 1999 TERESA: Ich kenn’ sie nicht, man jage sie zum Teufel.
1264 1961 2306 2080 CASANOVA: Du kennst sie nicht?
1892 2026 2702 2164 Und wer sie immer seien —
1261 2045 1552 2159 TERESA:
1201 2107 1961 2232 Ich kenne sie nicht mehr.
1236 2203 1905 2318 CASANOVA (au Tito):
1199 2285 1842 2398 Wo sind die Herren?
1249 2360 2736 2458 TITO: Wohlversorgt bis auf weiteres. Da sie mir
1211 2431 2728 2556 beide sehr aufgeregt schienen, und man ja nie wissen
1205 2517 2730 2650 kann, was solche aufgeregte Leute im Schilde führen,
1190 2627 2730 2738 so habe ich jeden vorläufig in ein andres Zimmer
1195 2682 2659 2803 geführt und die Türe hinter ihnen zugeschlossen.
1255 2775 2195 2886 CASANOVA: Gar eingesperrt?
1951 2801 2740 2963 Das kann dir übel ausgehn.
1247 2859 1804 2970 SANTIS (zu Tito):
1255 2934 2730 3020 T17O; Eine halbe Stunde will ich sie wohl hinter
1207 3034 2736 3160 Schloß und Riegel halten. Die Fenster gehn auf einen
3845 351 4047 470 103
3170 434 4709 599 Hof, niemand wird sie hören, wenn sie etwa Lärm
3183 545 4712 664 machen sollten. Indessen haben die Herrschaften
3202 618 4452 756 Zeit, hier alles Notwendige zu beschließen.
3264 675 4716 848 TERESA: Der Bursch gefällt mir. Casanova höre,
3202 779 4496 913 Den nehmen wir nach Wien als Diener mit.
3247 867 4712 1038 CASANOVA: Wir? Nein. Doch ich — ob just
4089 925 4716 1042 nach Wien, das wird
3181 996 4567 1169 Sich zeigen. Möglich auch — nach Lissabon.
3243 1124 3793 1251 TERESA (zu Tito):
3202 1174 4154 1330 Du kommst nach Wien mit mir.
4175 1216 4659 1378 Nach Lissabon.
3264 1284 3688 1397 CASAN OVA:
3264 1318 4726 1476 TERESA: Mach' dich sofort bereit, wir fahren ab.
3283 1439 4732 1566 T17O: Ist es denn wirklich wahr? Die berühmte
3216 1508 4718 1631 Tänzerin Teessa will mich in ihre Dienste nehmen
3222 1606 3684 1721 Welches Glück!
3277 1669 4732 1804 CASANOVA: Fürs erste bist du Diener bei uns bei¬
3237 1759 4732 1867 Und später wählst du, wo du bleiben magst. [den.
3285 1852 4641 1988 TERESA: Nie soll er wählen — (Zu Casanova)
4173 1900 4751 2028 Ewig bin ich dein
3684 2015 4329 2114 (Stürzt in seine Arme.)
3291 2053 4762 2203 GUDAR: Lang ist das Leben — kurz die Ewigkeit!
3296 2147 4749 2278 CASANOVA: So mach’ dich fertig, Bursch, in einer
4519 2235 4757 2343 [Stunde
3231 2266 3857 2387 Geht's auf die Reise.
3816 2327 4664 2452 Noch so lang? Warum?
3283 2347 3603 2464 TERESA:
3235 2418 4478 2540 Was kann in einer Stunde nicht geschehn
3302 2435 4755 2627 CASANOVA: Und wenn die Hölle selbst mein Zö-
3247 2563 4766 2713 Ich reise nicht, eh' ich zu Mittag aB. [gern straft,
3291 2646 4755 2794 SANTIS: Beim Gott des Sekts, der Trüffeln und
4400 2717 4760 2824 Pasteten —
3248 2769 4766 2957 Er hat sich’s wohl verdient. Und wir nicht minder.
3247 2901 4534 3037 Zwar sind die besten Bissen schon verspeist;
4538 2913 4774 3032 G.H.F.P.
