6248 4776
1839 444 2320 605 Arthur Schnitzler
928 571 2209 713 Stechdunkle Augen, und er grölt mich an:
939 634 2515 809 „Trollst du nicht gleich dich fort, bist du des Todes.
933 761 2472 868 Und greift mich an. Die Pferde stehn zum Glück,
950 868 2085 965 So hab' ich beide Hände frei und bin
942 919 2257 1035 Bereit, mit scharfer Klinge mich zu wehren.
939 996 2260 1112 Schon schwirren sie, berühren sich und ritzen
1021 1041 2478 1194 — Auch er bekam was ab —, da speit der Wagen
942 1165 2441 1287 Noch einen aus. Den kannt' ich.'s war Gudar.
945 1242 2311 1346 Der ruft: Komm doch zu Sinnen, Casanova!
945 1318 2320 1429 Was fällt dir ein?! Und aufgerißnen Blicks
945 1397 2337 1508 Rückweichend vor Erstaunen, nicht vor Schreck,
945 1488 2266 1598 Erkenn’ in meinem wildvermummten Gegner
936 1559 2082 1683 Ich wirklich Casanova, unsern Freund.
945 1629 2331 1748 Und meine Waffe senkend: Sind Sie toll —?
945 1740 2359 1833 Ich bin es, Santis, nicht ein Straßenräuber,
925 1802 2175 1915 Und Ihren Wagen hielt ich auf, weil ich
942 1875 2206 1994 Heut früh mit hohem Angeld ihn gemietet
939 1972 2062 2071 Zu einer Fahrt in lust'ger Kumpanei.
928 2040 2597 2161 He, Kutscher, stimmt's? Und hieb dem Strolch zugleich
933 2110 2130 2229 Mit flachem Degen übern Rücken eins.
933 2218 2291 2314 Sie lud ich auch, vielmehr Sie schliefen noch,
925 2286 2291 2393 Als ich in Ihren Gasthof kam des Morgens.
925 2356 2311 2484 Sie sind sehr eilig, scheint's, wohin die Reise?
933 2427 2348 2535 Und gar massiert! Auch Sie, Gudar, warum?
931 2515 2006 2639 Sie schweigen beide. Casanova hat
928 2611 2031 2701 Der lächerlichen Maske sich entledigt
933 2676 2419 2798 Und starrt wie aufgescheucht aus wirren Träumen
925 2758 2274 2871 Nun, wie's beliebt, sag' ich, Sie aufzuhalten,
925 2834 2345 2942 Wenn Sie die Ferne lockt, hab' ich kein Recht.
933 2922 2249 3032 Doch leider heißt's, zu Fuße weiterwandern.
939 2998 2543 3097 Glück auf den Weg! And schwing' mich ins Gefährt,
928 3083 2455 3194 Dem Kutscher einen Hieb: Nach Spa, du Schuft!
933 3160 2291 3270 Doch wie er wenden will, schwingt Casanova
939 3242 2354 3352 Zu mir sich in den Wagen und, ich weiß nicht,
933 3344 2294 3426 War's Absicht oder nur des Wagens Ruck -
933 3409 2416 3516 Fliegt an den Hals mir: Santis, teurer Freund!
928 3499 2421 3593 Sie hat das Schicksal hergesandt. Schon war ich,
928 3564 1878 3669 Ein unverbesserlicher Liebesnarr,
928 3609 2088 3745 Nachstürmend einem ungetreuen Weib,
917 3725 2467 3830 Auf schlimmem Weg in Schmach, vielleicht in Tod.
919 3799 2461 3907 Das Zeichen kam zur Zeit. Sie sind mein Retter!
922 3892 2362 3977 Nun laßt uns schmausen, trinken, spielen, lachen
922 3960 2150 4119 Und lustig sein, trotz allen Weiberränken.
905 4096 1061 4229 48
4271 438 4707 571 Die Schwestern
3352 546 4764 702 Gudar fährt mit! — er war schon eingestiegen
3358 673 4673 769 Und so selbdritt, gedrängt in rascher Fahrt,
3369 750 4670 857 bringt in die Stadt zurück uns die Karosse
3358 840 4093 942 Und wir sind wieder da.
3457 900 3768 1013 Andrea:
4090 851 4738 1016 Sie sehn wir wohl;
3363 953 4619 1098 Nicht Herrn Gudar, auch Casanova nicht,
3369 1066 4704 1199 Der nun, vor weitren Schicksalszeichen sicher,
3363 1137 4308 1239 Ein unverbesserlicher Liebesnarr,
3375 1205 4687 1327 Vielleicht zum zweitenmal in Ihrem Wagen
3369 1298 4577 1426 Der heißgeliebten Angetreuen nachstürmt.
3460 1369 4984 1488 Santis: Sie zu vergessen schwur er heil'gen Eid!
3465 1460 4433 1595 Flaminia: Wo bleibt er denn?
4461 1491 5329 1655 Warum läßt er uns warten?
3465 1544 3717 1646 Anina:
3460 1593 4475 1751 Andrea: Die Gäste sammeln sich
3465 1706 3737 1808 Santis:
4509 1683 5145 1830 Er wird nicht fehlen.
3465 1754 4452 1909 Andrea: Sie setzen sich zu Tisch
3468 1861 3737 1960 Santis:
4469 1842 5078 1972 Wir werden's auch.
3460 1929 4931 2042 Andrea: Anhöflichkeit ist, was zumeist ich hasse.
3369 2017 4619 2127 Auf eigne Rechnung speis' ich und allein.
3779 2096 5191 2209 (Wendet sich der Türe rechts zu, Bewegung draußen im Garten.)
3460 2124 4150 2269 Santis: Was gibt’s?
3465 2218 4427 2359 Flaminia (zum Fenster): Er ist es
3465 2311 3740 2416 Santis:
4444 2263 4775 2436 Casanova?
3462 2390 3723 2526 Anina:
4008 2447 4953 2580 (Anina und Flaminia öffnen das Fenster.)
3352 2676 5615 2820 Im Hintergrund unter Bäumen ist der gedeckte Tisch sichtbar, an dem die Gäste zwanglos gruppiert sind.
3363 2815 5629 2888 Noch nicht alle haben Platz genommen; die früher Erwähnten, so insbesondere der Lord und die Witwe
3358 2874 5632 2942 aus Holland, heben sich hervor. Noch weiter im Hintergrunde, durch die Allee heranschreitend, wird
3485 2919 5479 2998 Casanova sichtbar im hellen Staatsgewand, reich geschmückt mit Ringen, Ketten, Dosen usw.
3465 2973 5208 3114 Santis (durchs offene Fenster hinaus): Willkommen, werte Gäste!
3465 3052 4829 3165 Stimmen der Eingeladenen: Dank, Baron.
3460 3129 4469 3259 Santis: Willkommen, Casanova!
4481 3168 4803 3310 Casanova!
3460 3219 3813 3321 Stimmen:
3451 3279 4829 3428 Lord: O Mister Casanova, very12ncanted!
4198 3369 4769 3471 (Er drückt ihm die Hand.)
3445 3403 4648 3522 Mutter aus Lyon (zu Casanova): Hieher!
3451 3510 4274 3638 Tochter: An meine Seite
4294 3561 4721 3694 Nein, zu mir
3445 3590 3731 3700 Witwe:
3451 3655 4933 3793 Santis: Vorerst noch, Casanova, auf ein Wort.
3460 3751 4305 3867 Casanova (ist näher gekommen):
3352 3785 5621 3904 Was wird gewünscht? (Anma und Kaminta gewährend): Den Damen meinen Gruß.
3392 3915 5434 4034 Unina und Flaminia, die zu seiten des Fensters stehen, die eine rechts, die andre links, erwid=
4079 3969 4899 4073 merklich die Verbeugung Casanovas.)
3352 4031 4099 4195 4 Deutsche Nundschau. XI.VI. 1.
