7192 5080
2137 293 2634 465 Pr'hur Schnitzler
1322 379 2094 554 Casanova (wie gelangweile):
2204 406 2368 578 G.C.F.P.
2556 400 3112 624 Tat ich ihn nicht?
1231 508 2526 661 Betrogen alle drei: der Jüngling zweifach,
1231 594 2459 712 Einfach die Frau'n, auf ihre Weise jede.
1231 677 2451 787 So glich sich alles aus, und ich erkläre:
1231 747 2322 863 Ungültig war das ganze Abenteuer.
1320 838 3085 1008 Andrea: Das sagt sich leicht. Doch Sie vergessen leider:
1212 865 2677 1032 Noch stehn die Damen da mit Blanken Dolchen.
1279 989 3144 1156 Casanova: Doch in der Dichtung nur. Denn in den Höh'n
1223 1070 2583 1199 Des philosophischen Problems, mein Freund,
1207 1161 2712 1277 Gibt's weder Dolch noch Leidenschaft noch Mord.
1212 1220 2647 1379 Die Rechnung ist gelöst — gehn wir zu Tisch.
1193 1309 2636 1467 Andrea (in kindischem Trotz ihm den Weg-versperrend):
1199 1389 2502 1529 Gelöst ist das Problem, ich lass' es gelten.
1185 1462 2392 1578 Wie aber, frag' ich, endet die Novelle?
1188 1526 2623 1704 Wo, was einmal geschehn, nicht nach Belieben
1188 1626 2373 1747 Als ungeschehn sich abtun läßt, in der,
1193 1698 2303 1833 Da sie des Lebens treues Abbild ist,
1174 1782 2666 1959 Erinnerung nicht verlischt; Irrtum und Wahrheit
1174 1854 2475 2026 Sich wunderbar verschlingen, Leidenschaften
1169 1930 2438 2091 Ins Nah und Ferne weiterwirken, wo —
1164 2021 2357 2158 In der Novelle just so wie im Leben —
1164 2099 2499 2236 Es nicht an Dolchen fehlt, die blitzen, töten,
1177 2188 2814 2360 Und Waffen andrer Art, — an Blut und Tränen...
1247 2274 2236 2384 Casanova (zum Fenster hinaussehend):
1150 2317 2825 2502 Rheinlachs mit grüner Sauce — es bleibt uns nichts!
1260 2424 2894 2577 Andrea: Und wo — auf unsern Fall zurückzukommen,
1148 2475 2462 2644 Sich Anfpruch gegen Anspruch trotzig stellt,
1142 2593 2362 2720 Und die verliebten Damen nicht geneigt,
1148 2661 2462 2806 Verzicht zu leisten, weniger noch zu teilen.
1244 2739 2123 2862 Casanova (zum Fenster hinaus):
1140 2795 2333 2954 Rubinrot funkelt der Burgunderwein —
1140 2897 2518 3037 Der Lord hält bei der zweiten Flasche schon.
1242 2997 2819 3131 Santis: Aus Amsterdam die Wittib bei der dritten.
1231 3037 1900 3174 Casanova: Zu Tisch!
1231 3115 2701 3295 Andrea: Noch nicht, Sie machen's sich zu leicht.
1115 3212 2432 3359 Sie sollten sich die Mahlzeit erst verdienen.
1212 3290 2905 3459 Casanova: Auch jetzt noch, da ich selbst Gastgeber bin?
1212 3370 2752 3548 Santis: Die Rollen sind vertauscht, dafür fand ich
1096 3416 2454 3634 Die Lösung des Problems und fand zugleich
1102 3523 1688 3674 Der Fabel Schluß.
1201 3612 1497 3711 Andrea:
1742 3580 2147 3757 Wahrhaftig?
1199 3685 1486 3800 Santis:
2185 3695 2540 3854 Aufgepaßt.
1083 3738 2558 3959 Der Jüngling zweifach glücklich, wie Andrea —
4985 460 5418 610 Die Schwestern
4080 570 5319 715 Wie Casanova meint, zweifach betrogen,
4085 677 5359 790 Der nachts die eine hielt in heißen Armen,
4074 771 5308 860 Jedoch im Geist der andern Bild umfing,
4080 830 5426 949 Er muß, da; allen drein nach Recht geschehe,
4090 930 5407 1035 In einer Nacht, gleich der verfloßnen dunkel,
4080 1013 5214 1121 Beseligt an der andern Herz gedrängt,
4085 1043 5663 1164 Der einen Bildnis sich ins Auge träumen —
4085 1158 5587 1258 Und wieder, eh' der Morgen graut, entfliehn.
6047 1161 6208 1263 m
4158 1239 6316 1368 Casanova (hat bei diesen Worten in sinngemäßer Welse bald auf Faminta, bald aus Anind
4074 1282 4281 1403 geblickt).
4163 1373 5843 1502 Santis (10 G): So lös' ich das Problem als Philosoph,
4064 1438 5491 1553 Und als Poet beschließ' ich die Novelle.
4155 1543 5735 1653 Andrea: Und klatschen Beifall selber sich als Tropf.
4150 1604 5173 1707 Santis: He, wie? (Will auf ihn los.)
4150 1669 5614 1790 Casanova: Kein neuer Aufschub, wenn's beliebt.
4155 1739 5950 1897 Santis: Die Antwort auf den Tropf zum Nachtisch, Herr!
4152 1828 5816 1948 Casanova: Und nun zu Tisch, ich bitte, meine Damen.
4163 1889 6302 2056 Andrea (nch vor die Türe stellend) : Es gibt ein Vorgericht. Wir wollen sehn.
5012 2000 5348 2088 (zu Casanova)
4055 2034 5695 2196 Wem von uns zwei'n nachher das Mahl noch schmeckt.
4139 2126 4824 2247 Casanova: So eilig?
4144 2182 5501 2333 Andrea (den Degen stebend): Ziehn Sie!
5136 2255 6060 2454 Wie der Braten duftet —
4784 2287 4948 2376 G.C.F.P.
4144 2282 4483 2384 Casanova:
4045 2300 5340 2489 Getrüffelte Pasteten, Angarwein! (zu Andrea)
5800 2421 6012 2534 G.C.F.P.
4050 2440 5485 2545 Zwei Bissen und ein Schluck, nachher den Tod!
4133 2521 5641 2631 Andrea: Vor allem unser Gang, und einer nur
4050 2602 5434 2720 Von uns, ich schwör's, soll irdisch weitertafeln.
4031 2685 5286 2808 Sie oder ich, der andre in der Hölle.
4128 2714 5816 2881 Casanova: Im Paradies, wenn's fein muß, aber gleich.
4125 2816 6275 2951 Santis (allmählich verstehend): Wieso? Warum? War’s etwa kein Problem?
4131 2919 5724 3032 Casanova (hat auch den Degen gezogen, stellt sich Andrea gegenüber).
4128 2991 6208 3109 Flaminia (wisen Re): Halt! Ich erlaub' es nicht! Mein Casanova!
4128 3085 6281 3230 Santis (glaubt zu begreisen): Flaminia, wie? Bei dir heut' nacht — ist's möglich 21
4023 3163 5407 3295 Bei dir, statt bei Anna? — Nun versteh' ich.
4026 3249 5383 3343 Dein Casanova! Ha, nicht übel, wahrlich —
4020 3303 5450 3440 Bin ich dein Gatte nicht, dein Herr nicht mehr,
4015 3394 5251 3521 Daß du dir deine Schlafgenossen wählst?
4031 3478 5203 3609 Du sollst es büßen. Aber noch vor dir
5915 3510 6082 3596 G.H.P
4018 3548 5875 3671 Dein Casanova! (zu Wm. den Degen stehend) Rechenschaft von Ihnen
4018 3625 5294 3768 Verlang' ich, der die Gattin mir verführt.
5918 3580 6076 3749 V.W.P.
5942 3720 6106 3808 r. 7
4004 3695 4539 3819 Und zwar sofort.
5233 3668 5499 3827 G.C.P.
4109 3803 5534 3900 Casanova (vnda): Es geht nur nach der Reihe.
5918 3797 6106 3902 ###
4007 3830 5523 3991 Beiseit' getreten, wenn ich bitten darf,
4007 3948 5251 4090 Und nun, Andrea, Freund, ich bin bereit.
5907 3956 6068 4085 .
5448 4015 5826 4184 MERER’SCHE
5630 4133 5856 4276 STEPHAM
