5224 3864
1064 405 2534 575 ANDREA (betrachtet sie, wie sie beginnt, ihre Sachen in den
3075 434 4546 581 ANDREA: Ihn vor des Gatten Rache zu bewahren.
999 522 2515 630 Koffer zu packen; nach einem Zögern, mit dem Brief, den er ihr binwirft):
3071 529 3948 645 ANINA: Und weiter —?
1011 609 2528 746 Nimmst du, was dein, mit dir, — so nimm auch dies.
3057 609 4539 733 ANDREA: Weiter nichts. Du wirst verstehen,
1058 689 2170 803 ANINA (mit großem Blick, böbnisch, bitter):
2993 685 4116 815 Daß ich es unterließ, ihn aufzuklären.
999 731 2503 899 Dafür das Gold — ein Handel? — Schmach und Torheit
3057 735 4527 897 ANINA: Du denkst, daß seine Täuschung dauern
1470 862 2048 967 (Mit sinkender Stimme)
4316 864 4510 965 wird?
1011 912 2383 1028 Nur frag' ich' wo die Torheit, wo die Schmach!
3046 920 4533 1039 ANDREA: Sie könnte wohl. Sie wird. — Er geht nach
1058 1022 2515 1119 ANDREA: Nicht da, nicht dort. Freiwillig gab er ihn.
4150 1020 4512 1159 Holland...
1058 1110 2503 1228 ANINA: Wie du dein Gold. Ein Handel bleibt
4133 1106 4445 1205 G.C.F.P.
2993 1079 3867 1207 Nach fernerm Land vielleicht.
2216 1192 2505 1302 des immer.
3046 1182 4323 1274 ANINA (Blick auf den Sekretär, mit bitterem Spott):
1003 1201 1911 1380 Wie kommst du zu dem Brief?
3314 1268 3543 1359 G.C.F.P.
3924 1266 4502 1386 Du hast das Deine
1913 1342 2511 1462 Was kümmert’s dich?
2970 1333 3589 1449 Dazu getan.
1053 1336 1612 1462 ANDREA (spottisch)
999 1411 1774 1548 Neu fängt dein Leben an.
3029 1435 4421 1533 ANDREA: Nicht viel. Erspieltes Gold!
1058 1498 1352 1599 ANINA:
1774 1435 2433 1618 Du brachst dein Wort
2993 1508 4523 1614 Hätt' ich’s verweigern sollen —? Nicht viel eher,
1064 1576 2528 1708 ANDREA: Hab' ich geschworen, daß ich nicht
2987 1582 4320 1702 Daß mir so leicht gemacht war zu gewähren,
2210 1675 2534 1797 ihn frage,
2981 1664 3680 1780 Als Fügung nehmen —
998 1700 2467 1885 Warum er Golds bedarf, warum er flieht?
3029 1751 3364 1856 ANINA:
4078 1755 4261 1841 G.C.H.P.
3602 1727 3931 1875 Fügung?
999 1820 1841 1953 Von dir war nicht die Rede.
3937 1822 4499 1951 Fühlst denn nicht
3040 1833 3667 1942 ANDREA (dringender):
1045 1902 1344 2010 ANINA:
1871 1849 2462 2020 Und mein Brief?
2970 1921 4493 2014 Auch du, daß diese wunderbare Wendung,
1053 1959 2528 2104 ANDREA: Dein Brief? Du weißt’s und ich, er
2976 2012 4325 2098 Schicksal—gesandt, ein Zeichen uns bedeutet,
2174 2085 2522 2193 aber nicht.
2987 2096 4518 2180 Das zu mißkennen — zu verwerfen gar —
999 2117 2264 2292 Er glaubt, Flaminia war es, die ihn schrieb.
2993 2157 4422 2258 Verblendung, Trotz — beinahe Läst'rung wäre?
1058 2231 1626 2345 ANINA (stebt starr).
3029 2241 4493 2357 ANINA: Du schwärmst. Was wandte sich —? Ist,
1047 2279 2534 2433 ANDREA: Denn sie, so glaubt er, war es, die sein
3406 2324 3596 2410 G.C.H.P.
3946 2315 4493 2431 was geschehn,
2155 2401 2519 2521 harrend —
2987 2361 4499 2496 Mit einmal nicht geschehn? Und was erlebt ward,
999 2467 2115 2597 Wie’s zwischen ihnen abgeredet war —
2981 2481 4323 2595 Nun plötzlich nicht erlebt? Ist meine Schuld
1005 2547 2431 2667 Ins Dunkel leuchtend nachts am Fenster stand; —
2987 2562 4247 2675 Geringre? Oder keine gar? Dein Schmerz
1005 2631 2342 2736 Und glaubt, daß sie die Seine war heut nacht.
2998 2646 4133 2760 Gemildert — oder aufgelöst in nichts?
1045 2686 2511 2837 ANINA: Und glaubt auch diesen Brief von ihr?
2981 2707 4169 2835 Die Stunde, da dem andern ich gehörte,
2265 2793 2513 2911 Warum
2981 2804 4175 2922 Aus ihrer Schwester Reihen ausgelöscht?
986 2863 2342 3021 Hätt' ihm Flaminia solchen Brief geschrieben?
2981 2894 4512 3029 Und schlepp' ich ihren trüben Dunst nicht mehr,
