7160 5144
2002 408 2498 585 Arthur Schnitzler
4782 448 5249 604 Die Schwestern
1140 542 2481 719 Vierzig vielleicht, doch frisch und gut gebaut,
3892 553 5323 724 Versuchen Sie Ihr Glück, Baron, und schlingen
1123 667 2481 767 Sie zechte mit, sprach englisch mit dem Lord.
3898 701 5141 798 Den launenhaft verwirrten Knoten auf.
1118 733 2589 875 Und wenn mir recht ist, unterm Tisch französisch.
3989 716 5697 884 Santis: Den Knoten auf —? Begreife das, wer mag!
1101 841 2469 932 Die nehmen wir auf uns, Herr Bassi, wie?
3969 853 5728 992 Andrea: Sie werden gleich. Und so, wie Sie entscheiden
1226 918 2977 1038 Flaminia: Es kommen wohl noch andere Gäste, denk' ich.
3878 921 4565 1066 Wir fügen uns darein.
1215 1001 2846 1086 Santis: Das Fräulein aus Lyon nebst Frau Mama.
4599 958 5018 1121 Das tun wir.
3983 1018 4331 1135 Flaminia:
1135 1075 2600 1183 — Die Mutter ist die jüngste kommt mir vor —
3983 1101 4246 1195 Anina:
1129 1158 2424 1286 Ein Fabrikant aus Lüttich, kahl, doch reich,
3989 1152 5754 1309 Andrea: Und mit dem Schluß, den Sie der Fabel finden,
1129 1240 1371 1329 Und —
3892 1252 5044 1357 Trag’ ich sie Ihren werten Gästen vor.
1118 1252 3410 1414 Gezt erst bemerkt er, wie die drei andern dastehaux Andrea zwischen Anna und Flaminia, beide an der
3989 1275 5948 1428 Santis: Mit meinem Schluß!! - Ein Dichter ich? Das wäre —
2079 1371 2418 1451 Hand haltend.)
3989 1403 5714 1540 Andrea: Nicht großer Kunst bedarf's, nur eines Worts.
1391 1400 2689 1508 Wie —?! Wird hier ein Menuett geübt?
3898 1463 4437 1614 Ein Ja, ein Nein.
1129 1448 2689 1605 Doch nein, dies ist kein Tanz. Was geht hier vor?
4465 1537 5035 1682 Nur eines Worts?
3983 1565 4280 1671 Santis;
1237 1568 2808 1696 Flaminia: So lassen Sie die Hand mir endlich frei.
5061 1605 5631 1779 Nicht mehr. (Sastig)
3983 1648 4288 1754 Andrea:
1229 1657 3276 1771 Santis: Es riecht nach Zank! Was gibt's? Die Weiber — wie?
3886 1671 5204 1828 Und rasch beginn' ich die Gäste kommen.
1129 1734 3373 1879 Warum? Am mich —? (zu Andrea) Um Sie —?  (lache) Ich will nicht
3892 1802 4958 1916 Zwei Schwestern — war’s nicht so?
3139 1842 3387 1979 hoffen.
3997 1885 4331 1987 Flaminia:
4955 1850 5517 2007 Zwei Schwestern?
1226 1905 2883 2047 Andrea: Kein Zank, Baron, das Wort erschiene grob.
3989 1939 4471 2073 Anina (bestimme):
1140 1979 2506 2138 Ein Zwist, kaum das. Ein kleiner Unterschied
3989 1996 5489 2158 Andrea: Jung beide, beide schön und wohlgesittet
1140 2084 2375 2170 Der Meinungen — bezüglich eines Falls.
3983 2130 5643 2213 Santis: Auch wohlgesittet? Nun, man wird ja sehen.
1118 2150 2392 2275 Nein, keines Falls, der sich begeben hätte,
3989 2187 5663 2301 Andrea: Sehr ähnlich von Gestalt, nicht so von Antlitz
1132 2235 2386 2378 Ein philosoph'scher Streit gewissermaßen
3989 2267 5762 2361 Santis: Doch von Gestalt! Ich wittre was. Nur weiter.
1123 2312 1947 2435 Auch philosophisch kaum —
3989 2347 5560 2463 Andrea: Die Jüngre ist verlobt — die Ältre frei —
1226 2398 1508 2509 Santis:
2432 2369 2982 2515 Das denk' ich mir.
3989 2435 4833 2563 Santis: Mit wem verlobt?
1232 2475 3370 2620 Andrea (wie mir einem plöblichen Einsam: Und kann ihn einer schlichten, so sind
4841 2498 5566 2632 Gleichviel, ich kürze ab.
3989 2523 4485 2632 Andrea (Ärgerlich)
2384 2563 2589 2694 Sie's.
3898 2566 4402 2706 Die Ältre also —
1232 2620 1945 2757 Santis: Wie? — ich?
4465 2640 5218 2800 Die noch nicht verlobt —
3980 2674 4260 2786 Santis:
1220 2714 1520 2823 Andrea:
1965 2672 3025 2860 Ja, gerade Sie. Und mit Verlaub
3989 2734 4893 2880 Andrea: Die frei ist, ja doch.
1135 2729 2338 2888 Bericht' ich, meine Damen, knapp gefaßt
4896 2769 5318 2965 Und wie alt?
3983 2834 4260 2937 Santis:
1118 2877 2332 2977 Den Anfang der Geschichte noch einmal,
3983 2920 4280 3025 Andrea:
5306 2903 5831 3039 Kaum neunzehn.
1129 2954 2395 3096 Daß der Baron den Knoten uns entwirre.
3989 2954 4870 3125 Santis: Justiwie mein Lord.
1223 3054 2193 3168 Santis (etwas mißtrauisch und unsicher):
4890 3014 5614 3202 Der nicht hierhergehört.
3983 3074 4271 3182 Andrea:
1126 3119 2558 3259 Vertrieb man sich die Zeit hier mit Geschichten?
3983 3128 4953 3287 Santis (lachend): Ich lud ihn ein
1215 3205 1671 3325 Andrea (rasch):
4955 3176 5777 3364 Doch nicht in die-Novelle.
3989 3233 4277 3330 Andrea:
1123 3253 2352 3410 Auch meinen Teil zum Feste beizutragen,
3989 3279 4648 3444 Santis: Ich höre zu.
1132 3373 2307 3507 War ich gesonnen, unserm werten Kreis
3989 3396 4277 3498 Andrea:
4650 3330 5329 3524 Doch stumm, ich bitte.
1123 3467 2264 3578 Mit einer lust'gen Fabel aufzuwarten.
5335 3413 5560 3567 Gern.
3989 3476 4260 3587 Santis:
1112 3541 2327 3655 Zur Probe, wie sie wirken mag, trug ich
3983 3501 5757 3661 Andrea (rafch): Da stellt sich eines Tags ein Jüngling ein,
1126 3618 2495 3741 Sie eben vor — und da die Lösung schwierig,
3903 3615 5038 3758 In den die Ältre zärtlich sich verliebt
1115 3695 2426 3821 Hatt' ich den Einfall, statt den eignen Geist,
3903 3715 5298 3843 Wie er in sie; doch da man streng sie hütet —
1121 3764 2392 3898 Der holden Damen Scharfsinn zu bemühn.
3995 3789 4725 3923 Santis: Wer hütet sie?
1109 3858 2463 3983 Doch wie sich leider weist, nicht zart entwirrt,
4000 3872 4288 3975 Andrea:
4759 3821 5583 3995 Die Mutter ohne Zweifel.
1121 3943 2549 4080 Nein, wild zerknäult ist nun mein armer Faden.
3903 3932 4687 4083 Der Vater ist längst tot.
1106 4006 2438 4134 Drum eh' ich, den mit Kunst ich aufgerollt.
1121 4080 2138 4263 In ärgerlicher Angeduld zerreiße,
