6712 4920
1724 448 2190 596 Arthur Schnitzler
844 546 2282 727 So war's im vorigen Herbst, so vor zwei Jahren
832 671 2085 786 Und auch vor sieben, als ich ihn in Rom,
823 760 2019 879 Ein Kind beinah', zum ersten Male sah.
924 802 2462 961 Anina: Das war doch, eh' er ins Gefängnis kam?
931 905 2659 1048 Flaminia: Nun sehn Sie, daß das Ganze nur erfunden.
936 994 2687 1126 Anina: Und doch, mir war's, Sie lauschten sehr gespannt.
931 1079 2652 1233 Flaminia: Aus Neugier, Beste, ob er's nochmals wagt,
840 1158 1982 1280 In meiner Gegenwart den alten Spaß
837 1241 1939 1365 Uns aufzubinden, und ob sein Organ
858 1290 2089 1430 Bei dem verruchten Wandel, den er führt,
851 1400 2190 1541 Noch seiner Jugend Klang bewahrt, der einst,
863 1501 2059 1616 So sagen sie, den Frau'n gefährlich war.
943 1569 1536 1700 Anina: Nur einst?
1564 1606 2488 1787 Natürlich! Seine Zeit ist um
959 1667 1297 1768 Flaminia:
851 1731 1977 1850 Er kam allein hier an. Die letzte gab
851 1834 2207 1921 In Brüssel ihm den Laufpaß vor drei Tagen.
870 1895 2071 1993 Er selbst erzählt' es ja. Teresa heißt sie.
858 1951 2242 2089 War Tänzerin. Ich sah sie selbst in Mailand.
858 2061 2364 2169 Ein kleines rundes Ding. Und solch ein Näschen.
858 2143 2071 2247 Für zehn Dukaten konnt' sie jeder haben,
870 2181 2200 2347 Und wer ihr just gefiel, für zwei. Das nennt
858 2293 2000 2387 Sich Tänzerin. Die Sängerinnen sind
863 2371 1850 2469 Geradeso. Triumphe Casanovas!
863 2443 2005 2547 Nun ist sie ihm davongetanzt, vielmehr
877 2535 2179 2662 Davongerollt -- denn einer Kugel gleicht sie
863 2608 1742 2746 Und Casanova weint ihr nach.
1770 2657 2179 2814 Von Tränen
966 2685 1201 2807 Anina:
858 2758 2146 2873 Gewahrt' ich gestern nichts in seinen Augen.
858 2870 2251 2988 Er schien mir fröhlich, strahlend war sein Blick.
954 2931 2476 3041 Flaminia: Sie sahn ihn nicht zu seiner guten Zeit.
858 3004 1869 3145 Heut ist er eine Trauerweide nur.
959 3102 2103 3267 Anina (wie bedauernd): Und noch so jung
954 3199 1292 3306 Flaminia:
2141 3182 2866 3335 Teessa wird wohl wissen,
858 3253 2232 3374 Warum sie ihn verließ. Und wir verschwenden
863 3358 2024 3447 An einen Schatten zuviel Worte schon.
863 3433 2132 3543 Sie sind allein? Herr Bassi ausgegangen?
863 3518 2021 3611 So wett' ich, daß er alle Läden abläuft
863 3571 2216 3719 Nach einer Perlenschnur, die seines Reichtums
858 3672 2089 3806 Und Ihres schönen Nackens würdig wäre.
954 3757 1749 3888 Anina: Er ist nicht reich.
954 3841 1294 3954 Flaminia:
1742 3804 2622 3963 Heut ist er's. Und ich hoffe,
851 3881 2190 4078 Sie sind so klug, der Stunde Glück zu nützen.
4573 455 5009 640 Die Schwestern
4416 567 5159 734 (Auf ihre eigene Schnur deutend:)
3665 673 4969 816 Dies ist uns sicher, wenn der Karte Laune
3670 774 4899 910 Sich wieder gegen den Gebieter wendet.
3679 844 5042 999 Sie lächeln trüb? Wie, wär' er etwa geizig?
3775 900 5454 1060 Anina: Wahrlich, das ist er nicht. Doch weiß er wohl:
3682 1027 5447 1151 Mein Herz hängt nicht an Schmuck. Und wenn er fortging,
3682 1119 4868 1217 So ist's: nach seiner Art in Einsamkeit
3679 1161 4988 1318 Durchs Feld und über Wiesen zu spazieren.
3785 1245 5325 1388 Flaminia: Ach so, ein Philosoph, eim Dichter gar?
3675 1353 5077 1489 So sieht er aus. Die Stirn in ernsten Falten,
3693 1421 5028 1522 Verwirrt das krause Haar, doch wohlgepflegt,
3677 1480 5084 1602 Vornehm die Tracht, doch ihrer wenig achtend,
3698 1581 5189 1698 Das Aug' verschleiert, doch es kann auch glühn...
3689 1627 5569 1810 Ein hübscher Mensch, sein Name auch... (träumerisch) Andrea...
3689 1749 4990 1855 Wie lang schon reisen Sie mit ihm umher?
3797 1789 5680 1939 Anina: Drei Wochen, — (rasch) und wir werden uns vermählen.
3782 1876 5546 2026 Flaminia: So bald? Nun ja. Wir haben's auch getan.
3698 1967 4896 2087 Santis und ich. Ja, ich bin seine Frau.
3705 2003 5281 2160 Sie plaudern nicht, mein Kind, denn es gibt Männer,
3693 2127 5124 2258 Die schreckt das ab. Der erste, den ich liebte, —
4660 2211 4976 2305 (achselzuckend)
3705 2289 5218 2399 Man nennt's ja so! — ich war erst vierzehn Jahre,
3700 2368 5178 2472 Was weiß man da, — und wurde mein Gemahl!
3712 2443 5225 2596 Doch hab' ich's nicht bereut. Es lebt und reist sich
3693 2528 4875 2643 Doch sichrer in so ständiger Begleitung.
3719 2610 4997 2732 Man kennt einander, und das ist was wert.
3719 2666 5239 2833 Sie werden sehn, mein Kind, — wenn Ihr Geschick
3717 2762 4962 2887 Sich meinem ähnlich wendet, wie ich ahne.
3705 2819 5422 2980 Und warum nicht? — Der Wirt — was meinen Sie? —
3717 2929 4561 3065 Für Schwestern hielt er uns
4573 2969 4974 3138 Wahrhaftig
3827 3013 4493 3126 Anina (fast erschrocken):
3808 3095 4148 3194 Flaminia:
3724 3135 4896 3288 Natürlich Sie für meine jüngere. Nun,
3724 3208 5009 3367 Ich ließ ihn gern dabei, so herzlich fühl' ich
3724 3321 5046 3419 Mich Ihnen zugetan. Ist's nicht, als kennte
3731 3384 5166 3513 Man sich seit Jahren? Daß an Ihrem Wagen
3719 3487 5112 3578 Im Wäldchen just vor Spa ein Rad zerbrach,
3731 3557 4997 3670 Und Sie den unsern teilen mußten, seh' ich
3736 3632 5070 3754 Als Zufall nicht, als Fügung seh' ich's an.
3832 3722 4728 3850 Anina: Als Fügung gar —?
4620 3761 5555 3916 Auch Santis nahm es so.
3850 3808 4212 3907 Flaminia:
3724 3867 5011 3998 Erst heute sagt er: Wenn zwei Paare sich
3724 3956 5032 4111 Wie ich und du, und Bassi mit der Seinen
5530 3994 5792 4193 Präs. GE.
5511 4146 5802 4345 18 AUG.
