6344 4760
1527 434 2037 606 Arthur Schnitzler
640 538 1918 771 Sechstausend Gulden Gage. Erste Rolle,
657 703 1734 839 Im König Rhampsinit die Sklavin.
1748 754 2015 915 Zweite
745 785 1006 901 Gudar:
646 822 1748 989 Ich wett’, im Alexander die Royane.
754 969 2094 1054 Teessa: Vielleicht die Ariadne; je nachdem.
748 1023 2253 1145 Gudar: Wie göttlich tanzten beide Sie in Nom!
745 1105 2545 1219 Casanova: Und denkst, ich reise gleich mit dir nach Wien?
754 1193 2409 1349 Teessa: Du sehnst dich lange hin. Nie gab es bessre
657 1238 1012 1394 Gelegenheit.
748 1323 1782 1488 Gudar: Nie holdere Gesellschaft.
748 1459 1771 1590 Teresa: Und Frau'n gibt's dort
1828 1462 2281 1646 Und Männer
748 1539 1329 1658 Casanova (lachend):
2352 1573 2837 1726 Gott sei Dank!
748 1615 1221 1723 Teessa (ebenso) :
765 1672 2556 1808 Casanova: So laß dir's wohl ergehn. Was mich betrifft
657 1754 2049 1890 Man wartet anderswo auf mich. In Brüssel,
663 1856 1417 1992 In Petersburg, Madrid
1499 1913 2295 2049 Drum wählt du Wien
751 1947 1020 2060 Teresa:
765 2009 2485 2139 Casanova: Und wollt' ich auch, ich könnte gar nicht fort.
640 2100 1984 2244 Manch dringendes Geschäft hält mich zurück
1644 2182 1927 2281 (Zu Santis)
657 2196 1298 2335 Nicht wahr, Baron?
759 2293 1918 2414 Santis: Wieso? Mich meinen Sie?
657 2403 1958 2505 Wenn es nur das ist, reisen Sie mit Gott.
652 2491 2117 2590 Ich weiß nichts mehr davon. Hier meine Hand
759 2576 1720 2661 Casanova: Und hier die meine.
765 2652 2159 2737 Teessa (glaubt zu begreifen): Wie, Flaminia, Sie?
652 2726 2165 2825 Ich dacht' mir's gleich. Der wilde rote Mund —
652 2822 2083 2941 Die himmlische Figur — wie gut versteh' ich's.
1255 2862 2332 3004 (Sie seufzt, dann umarmt sie Flaminia stürmisch.)
765 2916 1304 3058 Gudar (applaudiert).
765 2987 2159 3148 Teesa: Nun aber, Casanova, laß uns reisen.
759 3094 2505 3225 Casanova: Noch einen seh' ich, der vielleicht die Abfahrt
657 3145 1312 3315 Mir wehren könnte —
1374 3228 2335 3383 Wer kann wem was wehren?
762 3279 1221 3409 Andrea (vitter).
1544 3347 2057 3460 (Steckt den Degen ein.)
759 3398 1819 3548 Santis: So spricht ein Philosoph
1862 3449 2397 3599 Wohlfeiler Spott
765 3491 1065 3602 Andrea:
776 3551 2395 3673 Santis: Sie nannten Tropf mich, also sind wir quitt.
762 3664 1757 3760 Casanova: Andrea, Ihre Hand.
771 3701 2032 3831 Andrea (reicht sie ihm): Glück auf die Reise!
776 3769 2831 3928 Teresa (zu Antna): Auch Sie, mein schönes Kind? Nun ja, wer kann
652 3885 2026 4013 Ihm widerstehn. Wie war Ihr Name doch?
771 3984 1754 4115 Gudar (antwortet für Anina): Anina.
4412 374 4851 541 Die Schwestern
3610 510 4982 669 Teesa: Held und unschuldsvoll. Wie konnt
3503 606 4789 762 Es anders sein. Anina — an mein Herz!
4344 689 4951 802 (Sie umarmt sie stürmisch.)
3610 759 4647 887 Tito (kommt rasch herein): Verzeihung
3610 856 4463 986 Casanova: Suchst du wen?
4500 864 5194 1026 Was will der Bursch?
3622 929 3905 1040 Santis:
3616 946 5812 1151 Tito: Mein Auftrag geht an die berühmte Tänzerin Teresa aus Neapel.
3596 1080 4197 1213 Teesa: An mich?
4219 1128 5078 1281 Was willst du von Teresa?
3616 1173 4001 1281 Casanova:
3613 1210 5259 1355 Tito (verbeugt sich tief vor Terefa): O, ich dachte mir’s gleich.
3622 1326 4378 1465 Teesa: Was willst du?
4392 1346 4622 1527 Sprich
3616 1408 3979 1519 Casanova:
4667 1445 5444 1604 Es ist nur für die Dame.
3619 1491 3834 1581 Tito:
3616 1539 4837 1689 Casanova: Hier gibt es kein Geheimnis
4840 1598 5200 1740 Rede nur!
3622 1652 3877 1757 Teresa:
3627 1666 4412 1831 Casanova: Nun, wird’s?
3627 1802 5798 1893 Tito: Doch bitt' ich, keineswegs mich entgelten zu lassen, wenn es den
3503 1873 4891 1995 Herrschaften irgendwie unangenehm sein sollte.
3622 1947 5407 2063 Casanova: Rasch, ohne Vorwort, wer fragt nach Teresa?
3517 2049 3860 2188 Ein Herr?
4523 2066 4792 2173 (Zu Teresa)
3885 2111 4948 2290 Darum die Eile? Ein Verfolger?
4557 2230 4783 2310 (Zu Tito)
3522 2250 5067 2437 Nun, Tito, sprich! Ein Herr? Ein junger Herr?
3616 2366 4208 2482 Tito: Nein, zwei.
3627 2431 4415 2556 Casanova: Wie? Zwei?
3627 2502 4851 2664 Tito: Aber sie gehören nicht zusammen.
3636 2607 4245 2723 Teesa: Nun also
3641 2641 5801 2777 Tito: Sie kamen fast in der gleichen Minute an, jeder in einer andern
3534 2746 5787 2868 Kutsche, und beide fragten mich, ob in diesem Gasthof nicht die berühmte
3528 2839 5795 2947 Tänzerin Teresa abgestiegen sei. Jeder insgeheim. Einer weiß nichts vom
3534 2924 4826 3055 andern. Sie kennen sich wohl nicht einmal
3639 2958 5211 3106 Gudar: Wie sollten sie, wenn Rhampsinit der eine,
3539 3086 4611 3185 Der andre gar der große Alexander
3551 3154 4761 3279 Wo hätten sich die zwei begegnen sollen?
3636 3216 5821 3344 Tito: Sie haben ihre Namen nicht genannt. Vielleicht heißen sie so,
3534 3313 4755 3469 aber ich könnte nichts Bestimmtes sagen.
3639 3364 5276 3488 Teesa: Ich kenn’ sie nicht, man jage sie zum Teufel.
3633 3483 4602 3602 Casanova: Du kennst sie nicht?
4616 3497 5427 3684 Und wer sie immer seien —
3641 3571 3899 3670 Teresa:
3528 3619 4279 3769 Ich kenne sie nicht mehr.
3641 3718 4863 3840 Casanova (zu Tito): Wo sind die Herren?
3636 3729 5812 3891 Tito: Wohlversorgt bis auf weiteres. Da sie mir beide sehr aufgeregt
3539 3871 5821 4032 schienen, und man ja nie wissen kann, was solche aufgeregte Leute im Schilbe
