7048 5192
2024 610 2512 778 Arthur Schnitzler
2233 741 2404 818 G.C.F.P.
4790 741 5221 881 Die Schwestern
1232 733 2444 898 Casanova (ou 2tio): Wo sind die Herren?
1223 830 3393 995 Tito: Wohlversorgt bis auf weiteres. Da sie mir beide sehr aufgeregt
4776 858 5238 981 Casanova — Andrea.
3975 932 6122 1055 Casanova opollte auch folgen, wie er Andrea regungslos stehendleiben steht, bleibt auch er an
1118 952 3407 1072 schienen, und man ja nie wissen kann, was solche aufgeregte Leute im Schilde
3861 1015 4619 1143 der Türe stehen): und Sie?
1121 1041 3402 1195 führen, so habe ich jeden vorläufig in ein andres Zimmer geführt und die
3983 1069 5748 1192 Andrea ich: Verziehn Sie nicht. Man geht zu Tische!
1143 1106 2093 1203 Türe hinter ihnen zugeschlossen.
3875 1189 5797 1334 Casanova: Nicht ohne Sie, sonst denk' ich, daß Sie zürnen,
1226 1186 2107 1317 Casanova: Gar eingesperrt?
3869 1257 4953 1383 Und das verdürbe mir den Appetit.
1232 1266 1722 1371 Santis (zu Tito):
2113 1260 2977 1389 Das kann dir übel ausgehn.
3983 1340 4813 1451 Andrea: Ein guter Spaß.
1226 1326 3382 1474 Tito: Eine halbe Stunde will ich sie wohl hinter Schloß und Niegel
5101 1332 5261 1448 G.C.F.P
3977 1369 5577 1540 Casanova (näher zu ihm): Ich bin Ihr Freund, Andrea.
1098 1414 3387 1565 halten. Die Fenster gehn'auf einen Hof, niemand wird sie hören, wenn sie
3995 1494 5323 1617 Andrea: Ich aber nicht der Ihre, Casanova.
1118 1525 3399 1679 etwa Lärm machen sollten. Indessen haben die Herrschaften Zeit, hier alles
3983 1548 5762 1691 Casanova: Ein Schuldner mehr ist mir Gewinn und Ehre.
1135 1594 2224 1699 Notwendige zu beschließen.
3983 1654 5369 1745 Stimmen (aus dem Park): Casanova! Casanopa!
1212 1651 2803 1819 Teresa: Der Bursch gefällt mir. Casanova, höre,
3975 1714 5771 1853 Andrea: So gehn Sie doch, man ruft Sie. Niemand mich
1135 1734 2506 1865 Den nehmen wir nach Wien als Diener mit.
3881 1802 5261 1905 Und so ist's recht. Hier ist nicht meine Welt.
1232 1799 3305 2004 Easanova: Wir? Nein: Doch ich — ob just nach Wien, das wird
3875 1885 5329 2002 Die Ihre ist's. Man ruft Sie, gehn Sie doch!
1123 1916 2469 2039 Sich zeigen. Möglich auch — nach Lissabon
3969 1967 5691 2124 Casanova: Ob Sie mich auch zudringlich schelten mögen.
1200 1984 2697 2153 Teresa du rito): Du kommst nach Wien mit mir.
3881 2033 5089 2193 Ich lasse nimmer mit so wundem Herzen
1220 2073 1594 2178 Casanova:
2729 2076 3191 2238 Nach Lissabon:
3881 2136 4334 2261 Sie hier allein.
1220 2144 2677 2275 Teessa: Mach dich sofort bereit, wir fahren ab.
3969 2164 5101 2352 Andrea: Was kümmert Casanova
1215 2230 3370 2375 Tito: Ist es denn wirklich wahr? Die berühmte Tänzerin Teresa will
3886 2270 4342 2409 Andreas Herz!
1123 2324 2546 2463 mich in ihre Dienste nehmen? Welches Glück!
3955 2312 5329 2492 Casanova: Gut; mag sich's mir verschließen
2931 2384 3162 2489 G.C.F.P.S
1212 2384 3219 2546 Casanova: Fürs erste bist du Diener bei uns beiden.
3869 2435 5369 2566 Doch nenn' ich's Knabentrotz, wenn es verschmäht
1112 2486 2435 2635 Und später wählst du, wo du bleiben magst.
3869 2538 5115 2640 Ersehnten Trost aus holdern Händen auch
1206 2532 3250 2709 Teresa: Nie soll er wählen — (Zu Casanova) Ewig bin ich dein
3869 2615 5477 2734 Als aus des unwillkommnen Freunds; — ihn dankbar
1984 2660 2481 2780 (Stürzt in seine Arme.)
2760 2694 3270 2837 G.C.H.F.P.S.
3863 2686 5118 2817 Aus der Geliebten Händen zu empfangen.
1217 2706 2700 2860 Gudar: Lang ist das Leben — kurz die Ewigkeit
3958 2709 5460 2934 Andrea: Wie, Casanova, soll ich wirklich denken
1200 2817 2940 2980 Casanova: So mach dich fertig, Bursch, in einer Stunde
3869 2868 5084 2960 Daß dieses Tages schamlos grelles Licht
1115 2848 1785 3008 Geht's auf die Reise.
3858 2937 5004 3057 So wenig meiner Seele Grund erhellt
2740 2960 2965 3057 G.C.F.S
1206 2980 1474 3082 Teresa:
1739 2954 2523 3122 Noch so lang? Warum?
2717 3019 3250 3131 G.C.H.F.P.
3869 2977 6062 3171 Für Ihr tiefschauend Aug '? ###
1103 3062 2931 3188 Was kann in einer Stunde nicht geschehn?
3068 3111 3228 3222 G.C.F.P.
3863 3108 5035 3208 Vermöcht Andrea einem Weib, das er
1186 3151 3002 3290 Casanova: Und wenn die Hölle selbst mein Zögern straft,
5691 3165 5848 3276 22F 1
3863 3171 5243 3287 Geliebt und das ihm untreu ward, versöhnt
5794 3239 5956 3345 G.C.P.
1092 3245 2281 3367 Ich reise nicht, eh' ich zu Mittag aß.
3869 3256 5449 3379 Als Liebender zu nahn?! — Wie's andre können.
3858 3327 5440 3447 Wie's, mir zum Staunen, Casanova kann,
1195 3347 3037 3444 Santis: Beim Gott des Sekts, der Trüffeln und Pasteten —
1092 3367 2649 3518 Er hat sich's wohl verdient. Und wir nicht minder.
3858 3399 5523 3538 Dem unter tausend Frau'n die Wahl gegönnt
5235 3479 5483 3587 G.C.F.P.
1086 3498 2412 3615 Zwar sind die besten Bissen schon verspeist;
3852 3504 4898 3613 Und der die allerungetreuste wählt.
3946 3556 5400 3712 Casanova (unbefangen): Wenn meinen Sie
1098 3567 2401 3704 Doch teilt's mit uns die göttliche Teresa,
1101 3644 2404 3781 So nennen wir's ein königliches Mahl.
3958 3652 4271 3755 Andrea:
5241 3621 5600 3798 Sie fragen
3955 3721 4320 3829 Casanova:
1192 3738 3108 3898 Teresa: Wer kann da widerstehn? Ich speise mit
5047 3721 5258 3846 G.C.F.P.
5617 3690 6002 3883 Ab, Teresa!
4790 3815 5269 3912 G.C.H.F.S.
3849 3806 4277 3915 Nicht wahr?
1739 3815 2689 3943 (Mit einem Blick zu Anina und Flaminia)
1086 3824 2432 3997 Wenn diese Schönen mir zur Seite bleiben.
3958 3861 5705 4026 Andrea (etwas verwirn: Sie selbst, so schien es mir, gestand.
2586 3918 2743 3995 G.C.F.P.
1391 3926 3196 4092 (Flaminia und Anina reichen ihr die Hände, die sie in ihren Länden behält)
3955 3969 5554 4120 Casanova: Gestand. Nun ja, doch was Teresa mir
1075 3997 3128 4200 Und eine Stunde nur, dann — (zu Casanova) mein Geliebter,
3852 4040 5184 4143 Auch zu gestehn und zu verschweigen hatte —
1086 4083 2218 4214 In sausender Karosse fort nach Wien.
3852 4103 5811 4251 Ich frage Sie, mein Freund, gibt's beffre Treue.
5463 4188 5808 4320 G.C.H.F.P.D.
1149 4120 3296 4320 (Durch die Ehre rechts ab, Flaminka und Anna an der Hand führend, Santis und Gudar folgen.)
3858 4214 5272 4342 Gibt's, frag' ich klarer noch, gibt's eine andre
