6184 4744
1533 415 2013 567 Arthur Schnitzler
631 541 2161 677 So strahlend sich am Schluß des Mädchens Treue
636 659 1910 756 Als albern ihres Liebsten Mißtrau'n weist.
631 733 1941 823 Doch ist dein Wesen solchen Spielen fremd
631 818 2072 936 — Wie mein Geschmack. Flaminien überlaß es
626 897 1792 1020 Und ihresgleichen, mit Gefühlen Spott
618 977 1884 1072 Zu treiben, die ein Herz nicht fassen kann,
615 1046 1974 1172 Dem Liebe ein Geschäft, ein Spaß vielleicht,
644 1138 1864 1228 Im höchsten Falle flücht'ge Lust bedeutet.
636 1202 1869 1313 Bei Gott, die Galle stieg mir, als ich sie
631 1284 1810 1405 Und ihren saubern Santis, den Baron,
654 1374 1900 1466 Freundnachbarlich in unserm Zimmer fand.
644 1456 1954 1559 Wie durftest du! — Und nicht genug daran,
631 1541 1900 1615 Daß über unsere Schwelle du sie ließest —
631 1602 2013 1731 Vertraut mit solchem Paare, ja verschworen!
618 1687 1936 1779 Denn nur von ihnen ward es ausgeheckt. —
636 1772 2018 1869 Wahrhaftig, nie hätt' ich's mir träumen lassen,
636 1861 1964 1936 Daß du, kaum erst vom Elternhaus entfernt,
644 1933 1884 2025 Mit solchen Leuten dich so wohl verstehst.
731 2002 2151 2130 Anina: Doch nicht so sehr als du, Andrea, der
608 2089 1828 2195 Im Reisewagen schon sich mit Flaminia
610 2156 1931 2259 Vortrefflich unterhielt — wie an der Tafel,
626 2241 2048 2341 Bei der du Glas auf Glas mit Santis leertest,
626 2336 1956 2436 Um erst heut früh vom Spiele heimzufinden.
713 2374 2777 2530 Andrea (aufatmend): Das also —71 Einmal und nicht wieder! Doch
613 2471 1777 2577 Da's unserer Reise Zufall so gefügt,
618 2564 1684 2664 So nützt' ich gerne die Gelegenheit,
626 2643 1725 2736 In solches Treiben tiefer einzublicken,
626 2730 1797 2815 Als der gewohnten Tage Lauf gewährt.
613 2800 2036 2938 Auch ging es leidlich aus. Sieh her. So viel
1515 2887 1974 2987 (öffnet den Sekretär)
608 2956 1977 3066 Gewann ich. Gold genug, um noch ein Jahr
613 3046 2000 3125 Und länger vornehm durch die Welt zu reisen.
592 3107 2097 3230 Doch wollen wir, ich schwör's dir zu, uns künftig,
595 3194 1859 3300 Ob uns nun Deichsel oder Speiche bricht,
605 3269 1761 3371 Vor so bedenklicher Gesellschaft hüten.
623 3353 1866 3471 So ich wie du. Und jeglicher Versuchung
613 3441 1877 3546 Mit einer kühnen Wendung zu entgehen;
600 3512 1892 3623 Die Stätte drohender Wirrnis und Gefahr,
600 3592 1797 3687 Sie sei von dieser Stunde, an gemieden
600 3669 1777 3797 Und mit der Eilpost fahren wir davon.
600 3743 1131 3882 Mach dich bereit.
687 3833 956 3938 Anina:
1154 3823 2130 3969 Ich bin's. Doch zweifl' ich fast,
579 3905 1656 4058 Ob unsere Wege miteinander gehn.
4210 374 4656 538 Die Schwestern
3389 515 5115 672 Andrea: Was soll's, Anina? Wenn ich deinen Scherz,
3289 623 4417 743 Den allzu bösen, dir so leicht verzieh,
3307 667 4746 833 Was kommt dich an, mir weiter noch zu zürnen,
3297 787 4617 895 Daß eine Nacht — die erste und die letzte —
3302 843 4699 972 Ich dein vergaß mit Trunk- und Spielgenossen.
3294 931 4671 1069 Nicht mit Flaminia, die — du sahst es wohl
3307 1010 4602 1115 Vor dir aus der Gesellschaft sich entfernte.
3392 1102 4994 1220 Anina: Willst du so gern mich mißverstehn, Andrea,
3302 1174 4699 1282 Und magst an Groll, an Rache lieber glauben,
3302 1264 4779 1354 Wovon mein Herz nichts weiß, als hinzunehmen,
3305 1338 4561 1436 Womit so oft dein unfroh schwerer Sinn
3297 1413 4502 1513 Umdunkelt unser junges Glück, und was
3325 1502 4761 1618 — O, faß es endlich, was ich selbst nicht fasse —
3320 1572 4499 1672 Was Wirklichkeit geworden heute nacht.
3410 1659 4128 1792 Andrea: Sprich's aus.
4143 1728 4669 1854 Noch einmal —?
3397 1743 3676 1843 Anina:
4699 1751 5025 1933 Casanova?
3417 1820 3705 1923 Andrea:
3400 1900 3674 2000 Anina:
3415 1954 4746 2069 Andrea (zuerst starr, dann zieht er den Degen; auf sie zu).
3415 2056 4971 2154 Anina: Stoß zu! Wär' ich auf solches Ende nicht
3302 2125 4584 2230 Gefaßt gewesen, hätt' ich denn gesprochen?
3420 2156 5053 2320 Andrea: Er hat am Leben dich bedroht! Den Mund
3320 2282 4699 2400 Mit einem Knebel dir gestopft! — Er mengte
3320 2371 4505 2487 Bei Tisch ein Elixier dir in den Wein!
3307 2441 4697 2541 Du hast es nicht gemerkt. Dergleichen Künste
3325 2530 5035 2628 Sind ihm vertraut. — Kein Zaubrer — doch ein Schurke.
3325 2612 4976 2702 Wer weiß es nicht —? Zu fliehn riet ihm dein Brief
3325 2692 4981 2794 Er kann nicht weit sein. — O, mein Degen, glaubst du,
3330 2766 4663 2866 Der in Bologna sich mit edlern kreuzte —?!
3310 2802 5322 2946 Ihn schänd' ich nicht. (Er stectt den Degen ein.) Auf die Galeeren soll er
3323 2925 4299 3053 Als ein Verbrecher — der er ist
4428 2971 4743 3100 Vielleicht.
3415 3010 3661 3120 Anina:
3312 3056 4681 3218 Doch kommt es mir nicht zu, ihn anzuklagen.
4264 3166 4612 3266 (Große Pause.)
3415 3251 5140 3364 Andrea (rubta): Mitschuldig also — und du bist noch da?
3417 3333 4935 3420 Anina: Ob wir uns trennen müssen, steht bei dir.
3325 3394 4912 3492 Verschweigen will ich nichts. Doch willst du hören?
3428 3494 4479 3594 Andrea (nickt stumm, finkt auf einen Stuhl).
3420 3569 5092 3656 Anina: Ich war allein. Es rückte Stund' um Stunde,
3320 3646 4648 3746 Vergeblich harrt' ich, ohne Schlummer, dein.
3325 3715 4671 3838 Hinaus ins Dunkel lauschte hang mein Herz,
3325 3812 4602 3897 Bis angerührt vom Schweigen ringsumher
3320 3879 4569 4020 Es mählich selber stumm und müde ward.
3305 4030 4061 4169 2 Deutsche Rundschau. XI.VI, 1.
