7144 5176
2158 480 2537 643 G.C.H.F.P.P
4774 501 5229 649 Die Schwestern
1967 570 2477 747 Arthur Schnitzler
3959 616 5995 766 Teresa: Ja, wahrlich schön! (zu xxx) Erlauben, Sie mein Herr?
1477 602 1902 766 G.C.H.F.P.P:
4761 728 5251 812 (Sie umarmt Anina.)
1185 719 2834 877 Anina: Ich leid’ es nicht. Den Degen fort, Andrea.
3870 760 5306 891 Und nun, was gab's? Worin hab' ich gestört?
1090 858 2572 951 Vergaßest du? Du hast das Recht nicht mehr,
3883 867 5385 981 Man kreuzte wohl die Klingen? — Doch warum?
1101 932 2572 1030 Für mich zu töten; hast das Recht noch minder,
3878 935 5584 1074 Und wer mit wem? Drei Degen seh' ich nackt. (zu Gudar)
1101 1014 1719 1142 Für mich zu sterben.
3878 1016 5164 1150 Wahrlich zu rechter Zeit, Herr von Gudar.
1733 1030 2507 1202 Törin du, für dich —?!
1191 1090 1591 1199 Andrea:
3894 1079 5423 1218 Was gab's? Gibt niemand Antwort? Casanova!
1101 1142 2463 1297 Wähnst du, es ginge wirklich nur um dich,
3984 1161 5543 1333 Casanova: Ich denke, wenn hier wer zu fragen hat,
1093 1251 2183 1368 Wo Casanova und Andrea fechten?
3886 1289 4494 1412 Ich wär's, nicht du.
5292 1316 5488 1428 G.C.H.F.P.
1101 1289 2570 1431 Ein größrer Kampf ist's, der sich hier entscheidet.
4474 1297 5134 1491 Geliebter, Ungetreuer!
3984 1360 4281 1504 Tere sa:
4755 1382 5524 1507 Zbn wieder umarumend)
1191 1365 2853 1515 Casanova: Sie überschätzen, fürcht' ich fast, uns beide.
1098 1485 2537 1597 Jedoch Ihr Wort ist hübsch, und einer soll's —
3886 1466 5325 1605 Ich hab' ihn wieder — und so frag' ich nichts.
3889 1570 5237 1690 Die Klingen eingesteckt — was es auch gab!
1101 1580 2507 1709 Ich hoffe, Sie — der Nachwelt aufbewahren.
1932 1646 2502 1730 (Sie beginnen zu fechten.)
3902 1643 5352 1782 Freut euch mit mir, mehr Glück ist in der Welt!
1136 1679 3327 1793 (Draußen sind die Gäste von der Tafel aufgestanden, nähern sich dem Fenster, einige schauen hinein.)
3984 1714 6139 1848 Casanova (tellweise belustigt, teilweise ärgerlich): Wie sagst du: „Ungetreuer“?
1191 1747 3360 1897 Die Gäste: Wie? — Seht doch! — Was? — Oh! — Ein Duellel—
5758 1798 6150 1927 Du zu mir?
2842 1815 3240 1965 Zum Spaß!
3984 1894 5731 2003 Teresa: Wie denn? Warst du nicht ungetreu? Haft du
1106 1894 2692 2038 Famos! — Nein, es ist Ernst! — Sie fechten gut! —
3902 1987 5578 2090 Dich nicht — ich weiß nicht wie — aus meinem Herzen
1095 1997 2428 2082 Natürlich — Casanova! — Und der andre?
3908 2041 5180 2177 Davongestohlen; — und mein armes Herz
1104 2044 3134 2175 Wer ist's? — Ein hübscher Mensch! So jung! — Nur weiter!
3908 2161 5161 2256 War leer mit einemmal, stand offen da —
1112 2153 1946 2278 Still die Musik! Warum?
2790 2166 3049 2259 V.A.P.F.
3995 2243 5150 2322 Casanova: Und ließ wen andern ein.
1943 2202 2583 2341 Goon! Oo on!
2750 2234 2992 2352 G.C.H.F.P.
3049 2237 3349 2357 G.C.H.F.P.
1191 2232 1401 2335 Lord:
5112 2270 5755 2395 Ich weiß nicht mehr.
3101 2314 3300 2414 G.C.F.P.
1112 2303 2248 2406 bad on Casanova hundert ducats!
4014 2319 4262 2409 Teresa:
3919 2379 5376 2499 Was fragst du auch? Bin ich nicht wieder da?
1395 2330 3360 2499 (Plötzlich öffnet sich die Tür rechts, Gudar tritt ein, überschaut die Situation.)
1196 2450 2537 2537 Gudar: Was gilt's? — Zur rechten Zeit!
3995 2463 4962 2594 Casanova: And wo der andre?
1673 2507 3333 2646 (Tritt wischen sie, schlägt ihre Degen auseinander)
4957 2463 5763 2651 Tot! Wie Rhampsinit —
3101 2553 3346 2660 G.C.F.S
4014 2551 4273 2654 Teresa:
2461 2570 2938 2709 Herein, Teresa!
3924 2572 5123 2722 Wie Alexander — wie mein Urgroßohm
3047 2638 3324 2736 G.C.H.F.P
1093 2635 1946 2782 Hier ist er, den Sie suchen!
3919 2698 5142 2845 Und andre, die in ihren Gräbern liegen.
1196 2709 3365 2872 Teresa (nur eine kurze Sekunde an der Tür stehenbleibend, dann auf Cafangva zu): Casanova l/
3932 2771 4695 2899 Was kümmern Tote dich?
1101 2815 2324 2905 Hab' ich dich wieder, mein Geliebter du!
4676 2815 5276 2962 Liegt er im Grab?
1948 2894 2589 2978 (Sie, stürzt in seine Arme)
4025 2853 4368 2968 Casanova:
3104 2875 3270 2965 G.C.F.P.
4019 2894 5518 3030 Teresa: Viel tiefer! In Vergessenheit. Und nun
1191 2891 3335 3063 Die Gäste (am Feutter): Ein Spaß! — Hab' ich's gesagt! — O damned! —
3932 2989 5717 3115 Nichts mehr, wenn du mich liebst. Frag' ich? Und könnte
2946 3025 3235 3142 Vorbei!
1101 3055 2739 3199 Wer ist das kleine Ding? — Man kann sich's denken!
3919 3106 4308 3240 Nicht wahr
4330 3145 5728 3270 (Zu den andern, insbesondere zu Anina und Flaminia gewendet)
1095 3186 2823 3308 Wird nichts daraus? — Wie schade! — Fortgeschmauft!
4393 3226 5145 3363 Ich könnte auch — (rasch)
1752 3251 2733 3335 (Sie entfernen sich allmählich vom Fenster.)
4984 3267 5597 3414 Doch tu' ich's nicht.
1191 3286 3199 3439 Teresa (aus Casanovas Armen): Ich hoffe, die Gesellschaft wird verzeihn.
3919 3360 5036 3518 Ich hab' dich wieder, so ist alles gut.
1101 3387 2556 3496 Bekannte auch? — Flaminia! Teure Freundin!
4635 3447 5445 3534 (In einem andern, bestimmtern Ton)
1902 3477 2572 3572 (Sie umarmt sie. Zu Santis):
5911 3510 6063 3602 G.H.P.
3913 3513 5450 3632 Und nun, mein Liebster, rasch von deinen Freunden,
2123 3540 2518 3635 Votre nouvelleur.
1095 3534 1354 3641 Baron!
3924 3608 5292 3739 So wert sie dir und mir, Abschied genommen.
2057 3597 2684 3717 Grammariae
1196 3570 1752 3731 Santis: Teresa!
5832 3583 6058 3752 G.C.H.F.P
5011 3673 5202 3780 G.H.F.P
1728 3687 2398 3796 Ja, so trifft man sich.
3924 3684 4387 3807 Wir reisen ab!
1196 3695 1463 3804 Teresa:
5785 3731 6050 3826 G.C.H.F.P
4019 3725 5093 3872 Casanova (lachend): Wie meinst du?
1698 3752 2774 3856 (Mit leichter Verbeugung vor Andrea und Anina)
5763 3796 6066 3910 : iis
5060 3807 5646 3932 Vor dem Tor —
1106 3788 2275 3946 Teessa heiß' ich, Tänz'rin aus Neapel.
4033 3850 4292 3949 Teresa:
3932 3905 6077 4033 Nicht wahr, Gudar, Sie sahn ihn — steht mein Wagen.
1202 3848 2864 4022 Gudar (neut vor): Hier Herr Andrea Bassi aus Ferrara
4025 3976 6079 4142 Gudar: Und welch ein Wagen und wie reich bespannt!
1093 3938 2251 4131 Und Frau Anina, seine schöne Gattin.
2641 4003 3074 4107 G.C.H.F.P.
6047 4085 6229 4243 59.
1101 4096 1267 4265 58
