7144 5048
1883 509 2363 672 Arthur Schnitzler
999 651 2322 812 Und ohne Ihr Gepäck? — Ein Liebeszank!
1002 774 2341 932 Wir sahn es kommen. Hat er Sie vielleicht
1883 828 2470 948 (Gebärde des Schlagens.)
1002 919 2679 1058 Nun, das kommt vor. — Wer läuft darum gleich fort?
1005 1026 2381 1181 Tät' jede Frau wie Sie, nach jedem Zwist —
999 1098 2079 1213 Die Reisekoffer stünden dutzendweise
986 1155 2156 1297 In Gasthofzimmern halbgepackt herum.
1106 1232 2285 1414 Anina (will an ihr vorbei): Ich bitte Sie —
2347 1288 3048 1457 Und also, fein beschuht,
1109 1353 1444 1463 Flaminia:
1023 1363 2234 1532 Gedenken Sie die Straße fortzuwandern?
1010 1438 2357 1618 Denn Wagen gibt's heut keine mehr in Spa.
1130 1567 1998 1709 Auina: Das gilt mir gleich.
1993 1594 2773 1773 Zudem naht ein Gewitter.
1117 1666 1479 1776 Flaminia:
1023 1682 2510 1856 Schon ballt sich schwarz am Himmel das Gewöll
1023 1824 2347 1942 So warnt der Himmel selbst vor Übereilung.
1023 1864 2459 2009 Nicht wahr, Herr Bassi? Helfen Sie mir doch,
1023 1974 2336 2095 Daß wir zu Tisch uns endlich setzen können.
1042 2041 2355 2151 Was soll der Eigensinn? Man hat gezankt
1034 2127 2513 2226 Man söhnt sich wieder aus. So ist's der Brauch.
1141 2186 2700 2331 Andrea: Nicht überall. Verstellen Sie nicht länger
1047 2282 2360 2406 Den Ausgang ihr. Sie hat es eilig, Ihnen
1047 2363 2266 2470 Zum zweitenmal im Tageslicht zu stehlen,
1053 2440 2314 2566 Was sie heut nacht zum ersten Ihnen stahl
2539 2464 3273 2639 Nun heißt es dageblieben.
1141 2499 2448 2655 Flaminia: Wie — —71 Was ——71 O nein!
1045 2598 2732 2716 Ein Schritt noch — und ich schlage Lärm! — Gestohlen?
1072 2676 2724 2815 Und was? Aus meinem Zimmer —? Meinen Schmuck
1066 2751 2446 2877 Trag' ich auf mir. So reden Sie, Herr Bassi,
1053 2791 2606 2955 Mitschuldig sind Sie sonst! Wie? Wären Sie's?
1047 2931 2628 3056 Und beide stumm —! Man wird euch reden machen!
1050 3019 2100 3150 He, Leute, he! (Wie zur Tür hinausrufen.)
2116 3024 2947 3209 Geduld! Nun denn, Anina,
1149 3097 1441 3198 Andrea:
1066 3121 2325 3271 Du wolltest, daß es kein Geheimnis bleibe,
1058 3255 2068 3359 So sei vor allem diese eingeweiht.
1066 3316 2451 3431 Sie geht es an! Drum hören Sie, Flaminia!
1066 3405 2397 3504 Der, dessen Sie heut nacht vergeblich harrten,
1058 3496 2052 3581 Hat in der Türe leider sich geirrt
1066 3560 2301 3659 Und fand Empfang so freundlich nebenan,
1058 3648 2290 3774 Wie Sie kaum freundlicher ihn zugedacht.
1165 3707 3322 3828 Flaminia (unsicher): Was soll der Scherz —? Wer hätte wen erwartet?
1165 3796 2703 3908 Andrea: Daß er um Sie sich mühte, sah ein jeder.
1155 3860 3030 3991 Flaminia: Kein Wort versteh' ich. Oder sollt' ick doch —?
1072 3948 2542 4061 Er —? Wer? And in der Tür geirrt — wieso?
1155 4018 2936 4195 Andrea: Mag sein, im Fenster. Doch er fand den Weg.
4701 437 5175 635 Die Schwestern
3922 546 5733 788 Flaminia: Zu wem? Und wer? So reden Sie vernünftig.
3836 718 4690 887 Wer fand den Weg zu ihr?
4717 750 5355 884 Der, den Sie meinen.
3865 849 4238 959 Andrea:
3863 873 5312 1005 Doch da sie als Flaminia ihn beglückt,
3860 959 5132 1120 Erachtet sie's als Pflicht, was zufallsweise
3863 1018 5157 1192 Wie ein leichtfert'ger Maskenscherz begann,
3865 1125 5082 1256 Entschlossen als Anina zu vollenden; —
3865 1173 5285 1355 Und eben ist sie auf dem Weg zu ihm.
3983 1235 5778 1406 Flaminia: Ist's möglich? Wie? Ward so was je erhört?
3876 1337 5157 1484 Auf keuschem Lager harr' ich sehnsuchtsvoll,
3865 1393 5261 1583 Und diese hier fängt mir den. Liebsten ab —?!
3890 1495 5173 1642 Ins Leere durstig breitet sich mein Arm —
3890 1570 5151 1720 Indessen schlingt der ihre sich um ihn?! —
3892 1664 5181 1795 Die Nachtluft trink' ich, seine Küsse die —
3879 1736 5092 1883 Und während ich mit rotgeweintem Aug'
3903 1827 5157 1964 Der grauen Dämm'rung wach entgenstarre,
3908 1913 4996 2044 Ist diese da in süßem Morgentraum,
3914 1964 5248 2100 Der mir gebührt, verrätrisch eingeschlummert?
3908 2057 5108 2205 Hat solches Ausmaß von Verworfenheit
3914 2103 5628 2282 In einem Weiberherzen Raum? (zu Andrea gewande) Und ich,
3911 2207 5173 2339 Gutmüt'ge Närrin, die im eignen Wagen,
3927 2280 5224 2427 Weil ihrer brach, nach Spa sie mitgeführt;
3938 2357 5170 2499 Wie einer Freundin, einer Schwester ihrer
3940 2424 5258 2588 Mich herzlich angenommen; — endlich selbst
3940 2531 4985 2681 Mit Casanova sie bekannt gemacht,
3948 2569 5232 2732 Den sie zum Dank sofort vom Mahle weg
3948 2673 5170 2864 In ihr wollüst'ges Bett zu locken weiß —
4937 2756 5186 2856 (zu Anina)
3962 2754 5349 2949 Ein Fräulein Sie? Aus gutem Bürgerhaus
3965 2888 5323 3035 Ja, wer von solchem unschuldsblassen Lärvchen
3965 2973 5194 3110 Sich narren ließe! Wer in diesem zarten,
3959 3051 5218 3190 Hochmüt'gen Antliz nicht verruchter Laster
3973 3137 5162 3273 Geheime Spuren tief gegraben sähe! —
3975 3161 5494 3346 Wo kommst du her? Aus einer Mädchenkammer?!
3989 3295 5374 3426 Aus einem Freudenhaus! Du eines Jünglings
3975 3370 5280 3509 Ehrsame Braut —? Von einer Kupplerin
3975 3453 5138 3590 Hat er dich losgekauft, und seine Ehre
3999 3533 5154 3673 Gab über den bedungnen Preis er hin.
4013 3600 5384 3742 Pragt Santis, ob ich's ihm nicht gleich gesagt!
3989 3673 5486 3847 Ein Dirnchen, sagt' ich, und der hübsche Züngling
4996 3774 5245 3849 (zu Andrea)
4010 3774 5438 4002 Sie mein' ich, ja, ein Narr, und wird's bereuen.
5017 3898 5229 3983 zu Ininal=
3994 3932 5446 4128 Und schmeichelst du dir wirklich, daß ein Mann,
5907 3959 6134 4123 -0F8ub.
5781 4104 6164 4251 TEPHANGEIBEL
5799 4203 6217 4377 18 AUG. 1919
5746 4366 6065 4538 L FENBLO
