5208 3896
1558 398 1894 530 52 —
3024 396 4133 536 Drum fordr’ ich sie als Dank — wer könnt’
3018 503 3896 617 Nach einer Liebesnacht.
4010 488 4183 559 G.C.F.P.
1005 484 2309 659 Durch unerwünschten Mißklang jah zu enden
3766 544 4457 678 Vermutung alles.
3091 586 3462 692 ANDREA:
993 611 2359 753 Auch war mir wohl bewußt, wie ihr, daß nur
3084 628 4553 759 CASANOVA: Vermutung? Wenn ich Ihnen sage,
1003 709 2482 859 Sehr dünne Wand den Raum, in dem wir weilten,
3013 724 4553 876 Daß heute früh schon Santis in Person [Herr,
1456 788 2075 915 (mit leichter Verneigung)
3036 818 3837 955 Im Gasthof mich gesucht —
1014 828 2261 974 Von einer keuschern Dame Zimmer schied,
3908 851 4342 997 So, tat er das!
3091 905 3426 1028 ANDREA:
1009 938 2190 1093 Die, wie man keinen Augenblick vergaß,
3084 918 4534 1139 CASANOVA: Doch wußt' ich nichts davon. Die
1003 1018 2427 1153 In wacher Sehnsucht ihres Liebsten harrte.
4208 1047 4553 1170 Wirte sind
1022 1099 2380 1239 So rann die Stunde süß, doch stumm dahin.
3028 1095 4488 1276 Gewitzt in dieser Stadt. Man ließ mich schlafen,
1076 1149 2540 1299 ANDREA: Wie also? — Was? — Ist’s das Gewissen
3043 1228 3743 1381 Ihn schickte man davon.
1009 1239 2553 1401 Ist’s böse Ahnung, die zur Flucht Sie drängt? (nur,
3760 1262 4419 1403 Er ließ sich schicken?
3091 1316 3428 1426 ANDREA:
1089 1337 2186 1485 CASANOVA: Nicht doch, ein Brief.
2296 1372 2511 1481 G.C.F.P.
3103 1360 4569 1547 CASANOVA: Was sollt' er tun? Versperrt war
1912 1410 2215 1550 Ein Brief?
1087 1449 1443 1558 ANDREA:
4206 1447 4584 1597 meine Tür,
2108 1452 2549 1645 Hier, lesen Sie.
1089 1520 1831 1647 CASANIVA (wie &oͤgernd):
3041 1518 4505 1700 Und da ich ihm, wie er sich schmeicheln muß,
1089 1606 1589 1712 ANDREA (liest):
3024 1622 4298 1756 Doch irgendwo ins Netz gelaufen komme,
1047 1635 2286 1796 „Bist Du, wie ich nicht zweifle, Casanova,
3043 1710 4227 1812 Und kostbar jede Stunde solchem Gauch,
1032 1752 2200 1873 Ein Edelmann, so wirst Du einer Frau,
3034 1771 4282 1927 Nützt er indes auch die für andern Zweck
1034 1781 2394 1973 Die du errätst, den einz’gen Dank nicht weige
3041 1860 4302 1988 Ob er nun Gimpel neu sich fängt zum Spie=
1041 1914 2282 2050 An dem ihr Leben und das Deine hängt.
3043 1958 4379 2088 Ob's was mit Pferden, Weibern, Edelsteinen,
1034 1940 2549 2177 Ich darf Dich nicht mehr sehn. Flich aus der Stadt.“
3034 2035 4194 2169 Mit Seidentüchern zu verdienen gibt; —
1499 2094 2106 2227 (Läßt das Billett sinken.)
3049 2108 4161 2231 Wenn er nicht etwa gegen gutes Geld
1070 2183 1695 2284 Und weiter nichts —!
3030 2158 4490 2309 Den Dolch schon für den Unverschämten d'ingt,
1769 2188 2494 2357 Ich denk', es ist genug
1112 2257 1531 2357 CASAN OVA:
3053 2271 4382 2409 Der Küsse nur mit Küssen bar bezahlte.
1130 2317 2400 2480 ANDREA: Die „Warnung“ find’ ich nicht.
3089 2315 4586 2461 ANDREA (bat augebört mit übertriebenen Zeichen der Zu¬
1902 2354 2590 2509 „Flieh aus der Stadt —
1124 2419 1531 2528 CASANOVA:
3047 2438 4281 2573 stimmung, nun gebt er zum Sekretär und öffnet ihn):
1064 2476 2584 2632 Ich darf Dich nicht mehr sehn!“ Kein andrer Anlaß
3047 2498 4576 2634 Hier, nehmen Sie — und rasch, hier sind fünfhundert
1064 2555 2373 2705 Als Angst um mich entringt ihr diesen Schre###
3055 2609 4526 2769 Sechs, sieben, acht — nun wird mir manches klar.
1124 2649 2106 2788 ANDREA: Kein Wort davon —
3049 2678 3702 2830 Hier neun und zehn —
1781 2676 2584 2838 Weil sich die Schlaue denkt:
1143 2745 1556 2842 CASAN OVA:
3109 2767 3648 2868 CASANOVA:
3802 2749 4206 2867 Wie meinten
1089 2801 2525 2936 Wenn ich mit Santis' Rachdedrohn ihn schreckte,
3089 2826 3946 3016 ANDREA (geschicht spielend):
1082 2882 2455 3016 So hielt ich ihn, statt seine Flucht zu fördern,
1082 2963 2411 3086 Zum Trotz auf diesen Fleck hier festgebannt.
