6312 4872
1796 539 2262 681 Arthur Schnitzler,
908 653 2050 829 Ein vielerfahrner, Casanova mein' ich,
905 729 2407 899 So plump sich täuschen ließ? Daß er nicht gleich
905 860 2237 969 Ob er von mir auch nichts als mein Gesicht
905 930 2279 1061 Und meine Hand und — meinen Atem kennt
910 1025 2036 1148 Daß er der Gaukelei nicht inneward?
927 1111 2209 1204 Und dämmert dir nicht auf, daß er sich nur
922 1181 2335 1287 Aus Höflichkeit nichts merken ließ des Nachts?
916 1268 2340 1363 Du zweifelst? Nun hier habt ihr den Beweis:
933 1349 2318 1460 Schon heute morgen, da der Rausch verflogen,
916 1449 2131 1522 Und Ärger und Beschämung übrig war,
927 1508 2304 1620 Was tat er da? Dem Lächeln des Triumphs
933 1592 2262 1695 In deinem falschen Aug', wie meinem Spott
927 1664 2058 1759 Und seiner eignen Reue zu entfliehen
933 1751 1952 1871 Ist er mit Extrapost davongereist.
1028 1793 2161 1974 Andrea: Und woher wissen Sie —?
2159 1874 2681 2011 Weil mir soeben
1047 1924 1396 2033 Flaminia:
952 1952 2265 2094 Beim Goldnen Löwen diese Auskunft ward.
1036 2075 1980 2209 Andrea: Sie waren selbst —?
1991 2111 2887 2295 War dort, ich leugn' es nicht.
1047 2184 1399 2293 Flaminia:
952 2220 2307 2340 Denn daß ich eines Manns vergeblich harrte,
963 2335 2156 2429 Den langerflehter Huld ich würdig hielt,
952 2421 2195 2513 Zum erstenmal heut nacht erfuhr ich das;
963 2455 2307 2603 Und mich verlangte nach des Rätsels Lösung.
963 2555 2388 2670 Nun hab' ich sie. Und wie’s mich auch empört,
958 2631 2195 2753 Daß — einer andern List und Lüsternheit
952 2703 2348 2818 Um das mich trog, was Rechtens mir gehörte,
969 2795 2276 2910 So gern erfahr' ich, daß ich dem Erwählten,
961 2873 2301 2985 Als frei von Schuld, Verzeihung bieten darf.
963 2960 2136 3075 Und edelmütig selbst sie ihm zu bringen
975 3019 2541 3164 Leist' ich Verzicht auf Schmaus und Trank und Fest,
958 3111 2228 3239 Und flügelschnell eil' ich dem Teuern nach.
1058 3175 3203 3287 Anina that zuerst starr, dann immer gelöster und heiterer den Worten der Flaminia gelauscht
969 3242 3217 3376 Der Ausdruck ihres Antlites zeigt, daß sie den Sumor der Sachlage zu erfassen beginnt und immer de-
961 3343 1801 3438 reiter wird, sich ihm selbst anzupassen):
969 3371 2388 3516 So fein beschuht — bei droh'ndem Angewitter?
1083 3452 3027 3586 Flaminia (fassungslos): Zu höhnen wagt sie gar, die Anverschämte?
1078 3569 1985 3692 Anina: Kein Wagen rings —
2061 3602 3021 3739 Sechs stehn bereit zur Lustfahrt.
1070 3650 1452 3767 Flaminia:
975 3703 2184 3845 Den raschesten wähl' ich als meinen aus
1083 3789 2751 3912 Anina: Und welche Richtung denkst du ihm zu weisen?
1083 3879 2544 4041 Flaminia: Die Straße, die ein Casanova fährt,
989 3977 1589 4141 Bleibt nicht geheim.
1597 4021 2293 4166 Es sei, ihm läge dran.
1078 4074 1335 4203 Anina:
4247 383 4711 553 Die Schwestern
3446 531 4823 723 Flaminia: Wo ist er hin —? Du weißt's?
4834 600 5543 757 Wie sollt' ich's wissen?
3446 693 3694 796 Anina:
3357 718 4700 880 Und ahnt’ ich's etwa, dir verriet' ich’s kaum.
4337 807 4633 905 (Will gehen.)
3482 799 5627 994 Flaminia (verstellt ihr wieder den Beg): Kein Wagen nimmt dich mit, ich kaufe alle.
3477 969 4574 1089 Anina: Doch keiner weiß den Weg.
4588 991 5197 1148 Mir mangelt nicht,
3485 1044 3840 1167 Flaminia:
3373 1072 4703 1257 Womit ich Wirt und Kutscher reden mache.
3482 1092 5331 1315 Anina: Bin ich gleich arm — was für Gefährt mich bringe
3387 1243 4742 1402 Gern zahlt's der Liebste, bin ich erst bei ihm!
3482 1290 5278 1469 Flaminia: Sie ist verrückt! Gib acht! Setzt du den Fuß
3387 1421 4580 1527 Aus diesem Zimmer, laß als Diebin ich
3385 1488 4689 1636 Dich ins Gefängnis bringen. Lächle nicht!
3398 1592 4529 1743 In Spa der Richter ist mein Freund.
4527 1597 4851 1756 Auch der?
3493 1689 3756 1796 Anina:
3513 1712 5261 1860 Flaminia: Und wär' er nicht mein Freund, er ist gerecht.
3398 1832 5105 1960 Und Raub bleibt Raub. Ich schreie, wenn du's wagst
3505 1896 5144 2025 Anina: Doch nicht so laut, daß es Herr Santis hört.
3521 1907 5295 2106 Flaminia: Was geht mich Santis an? Die ganze Stadt
3412 2044 4867 2192 Soll's wissen. Diebin! Mörderin! Verfluchte!
3421 2156 4722 2290 Das Fenster auf, Andrea, daß man's hört.
3524 2220 4465 2362 Anina: Gern will ich selbst —
4242 2220 4853 2382 (als wollte sie zum Fenster).
3524 2287 5278 2480 Flaminia (sie am Mantel haltend): Verworfne, Schamvergeßne!
4351 2421 4761 2505 (In anderm Ton)
3421 2463 4784 2608 Ansel'ges Kind! Andrea! Steht der Mann
3435 2555 4837 2692 Nicht da wie steingehau'n und läßt mich armes,
3438 2603 5094 2765 Mich schwaches Weib — als ging's ihn gar nichts an
3449 2706 4865 2860 Andrea! Marmor block! Bildsäule! Mensch!
3460 2798 4753 2924 Vergißt du, daß sie deine Braut? Daß du
3465 2885 4725 3002 Sie braven Eltern, die daheim verzweifeln,
3443 2974 4744 3083 Entführt, unschuldig wie sie war, ein Kind,
3460 3038 4652 3181 Am schnöde deiner Lust sie aufzuopfern?
3449 3089 4803 3256 Und nun, da sie nur übt, was du sie lehrtest,
3463 3203 4468 3326 Anfähig zu begreifen, was sie tat,
3465 3250 4770 3415 Stößt du, ein Wütrich, auf die Straße sie?
3468 3359 4694 3488 Jagft selbst dem Casanova sie ins Garn?
3471 3440 4717 3577 Dem Heuchler, Lüstling, Gotteslästrer, der
3474 3524 4630 3655 An Leib und Seele sie verderben wird.
3471 3580 4775 3711 Laß sie nicht gehn, bei deinem ew'gen Heil.
3482 3655 4867 3823 Nämst du's auf dich, kein Priester spräche dich
3488 3764 4672 3890 Kein Kardinal von solchem Frevel frei.
3488 3834 4683 3979 Kommt zur Besinnung beide. Überlaßt
3488 3935 4652 4102 Ihn einer, die sich besser zu ihm schickt.
