5304 4040
1767 492 1992 589 88 —
1137 632 1662 762 ANDREA (bastig):
1088 684 2257 838 Ein andermal den Inhalt der Novelle,
1110 799 2387 917 Wenn Casanova wünscht. In wenig Worte,
1106 877 2298 985 Gleichwie ein mathematisches Problem,
1088 968 2420 1085 Dräng' ich die Frage, die der Lösung harrt.
1087 1024 2424 1155 Durch Zufallsspiel umarmt ein junger Mann
1087 1135 2402 1246 Anstatt der Dame, die ihm Huld versprach,
1094 1203 2344 1320 Nachts eine andre, die ihn nicht erwartet.
1149 1295 1913 1415 SANTIS: Die Schwester
1149 1372 2626 1460 ANDREA: Das gilt gleich, da's ein Problem.
1088 1466 2601 1571 In Schreck und Lust verstummend, glaubt sie fest,
1100 1545 2432 1648 Daß jener weiß, mit wem er glücklich ist.
1088 1600 2416 1722 Am nächsten Morgen reist der Jüngling ab.
1106 1710 2220 1825 Die beiden Damen aber im Gespräch
1106 1767 2235 1887 Vertraun, verraten absichtslos einander
1088 1856 2226 1988 Die Abenteuer der verfloßnen Nacht.
1098 1940 2313 2056 Und wie sie nun erkennen, was geschah,
1088 2020 2264 2140 Sieht jede sich als die Betrogne an; —
1098 2105 2266 2220 Die eine, die nach ihm geseufzt, indes
1100 2194 2373 2305 Entzückt er sich in ihren Armen wähnte;
1100 2278 2278 2385 Die andre, die in Wahrheit er umfing.
1100 2379 2319 2453 Doch da sie nun erfährt, daß seine Glut
1112 2430 2465 2548 Nicht ihr. gegolten, wandelt, sich der Wohnen
1118 2509 2352 2630 Besänftigt Nachgefühl in Sehnsuchtspein
1112 2603 2243 2704 Und jede so, von Eifersucht verwirrt,
1106 2680 2344 2801 Entschlossen, ihrem Jüngling nachzueilen,
1123 2764 2387 2885 Von ihrem Anspruch jede als dem bessern,
1112 2861 2418 2958 Dem einzig gült’gen überzeugt, ihr Recht
1116 2923 2459 3042 Mit Macht behauptend, sucht die andre erst
1098 2999 2476 3126 In Worten gütlich zum Verzicht zu stimmen;
1112 3079 2542 3248 Bald aber reicht das Wort nicht aus; kein Fluch
3695 379 3948 548 — 89 —
3073 505 4426 686 Und keine Drohung wirkt; die Augen sprühn
3067 649 4430 789 In Haß, die Stimme bricht, mit Nadeln spitz
3079 741 4274 844 Stürzt eine auf die andre; endlich blitzt
3073 838 3481 939 Ein Dolch —
3145 842 4337 1026 SANTIS: Oho! Die Phantasie gezügelt!
3091 995 4510 1094 Trifft so ein Ding ins Herz, ist's mit der Dame
3096 1061 4344 1180 Und auch mit dem Problem ist es vorbei.
3151 1153 4611 1269 CASANOVA: Doch nehm' ich an, die Dolche waren
4373 1227 4618 1347 stumpf,
3083 1279 4418 1442 Und da's dem Wort, so wohlgezielt es sei —
3073 1378 4634 1514 An Kraft gebricht, zu töten, nehm' ich an—, (mit Ironia)
3091 1497 4513 1588 Zu des Problems und zu des Jünglings Glück —
3085 1547 4309 1674 Die schönen Damen sind lebendig beide.
3083 1637 4622 1745 Mir aber — rat' ich recht? — bleibt zu entscheiden,
3094 1728 4303 1827 Wer die zumeist Betrogne sei von ihnen.
3102 1800 4447 1918 Denn beide sind’s, kein Zweifel, und zugleich
3085 1878 4381 2014 Betrügerinnen — schuldlos zwar — jedoch
3108 1967 4418 2095 Sie sind's. Die eine, die versprochene Gunst
3094 2035 4634 2160 — Wie's immer kam — dem Jüngling vorenthielt, —
3114 2146 4370 2249 Die andre, die ihm höchste Huld gewährt,
3114 2214 4616 2323 Doch — wie sich’s auch gefügt — nicht als sie selbst.
3114 2278 4259 2410 Uns so erscheint in diesem Zufallsspiel
3108 2387 4424 2504 Die eine nicht und nicht die andre, sondern
3114 2451 4338 2595 Der gute Jüngling als zumeist betrogen.
3168 2515 4634 2655 ANDREA: Der Jüngling! — Wie — betrogen!
4218 2614 4634 2721 [Der vielmehr
3114 2642 3837 2750 Zwiefach beglückt war?
3186 2690 4539 2830 CASANOVA: Nein, zwiefach getäuscht.
3131 2793 4259 2908 Und rühmt er etwa seines Sieges sich,
3131 2861 4504 2976 Als Lügner müßten beide Fraun ihn schelten.
3143 2941 4527 3071 Denn wenn man’s recht erwägt, besaß er keine.
3209 3032 4574 3168 (Lärm draußen. Immer lauter sind Stimmen vernehmlich.)
