5192 3848
1572 362 1805 486 — 62 —
993 472 2279 625 ANINA: Verzeihn Sie —! (Will an ihr vorbei.)
986 583 2006 705 FLAMINIA (barmlos): Was —?
999 668 1377 776 ANINA:
1799 662 2205 792 Sie sehn —
993 755 1408 864 FLAMINIA:
1936 759 2426 873 Im Reisemantel
951 817 2385 966 Jetzt merk’ ich’s erst! Sie wollten —? Ohne ihn? -
939 914 2273 1032 Und ohne Ihr Gepäck? — Ein Liebeszank!
945 995 2234 1094 Wir sahn es kommen. Hat er Sie vielleicht -
1388 1078 1979 1212 (Gebärde des Schlagens.)
933 1121 2409 1266 Nun, das kommt vor. — Wer läuft darum gleich fort?
933 1245 2174 1363 Tät' jede Frau wie Sie, nach jedem Zwist
922 1322 2064 1444 Die Reisekoffer stünden dutzendweise
922 1394 2070 1522 In Gasthofzimmern halbgepackt herum.
980 1479 1725 1603 ANINA (will an ibr vorbei).
931 1559 1425 1661 Ich bitte Sie —!
966 1628 2240 1762 FLAMINIA: Und also, fein beschuht,
922 1731 2122 1843 Gedenken Sie die Straße fortzuwandern?
914 1795 2211 1923 Denn Wagen gibt’s heut keine mehr in Spa.
974 1882 1861 1994 ANINA: Das gilt mir gleich.
966 1965 1394 2074 FLAMINIA:
1636 1959 2432 2095 Zudem naht ein Gewitter.
910 2039 2416 2174 Schon ballt sich schwarz am Himmel das Gewölk —
916 2141 2203 2254 So warnt der Himmel selbst vor Übereilung.
914 2215 2267 2354 Nicht wahr, Herr Bassi? Helfen Sie mir doch,
904 2291 2234 2395 Daß wir zu Tisch uns endlich setzen können.
910 2382 2211 2498 Was soll der Eigensinn? Man hat gezankt —
896 2445 2291 2579 Man söhnt sich wieder aus: So ist's der Brauch.
960 2544 2426 2670 ANDREA: Nicht überall. Verstellen Sie nicht länger
896 2627 2130 2744 Den Ausgang ihr. Sie hat es eilig, Ihnen
889 2697 2155 2817 Zum zweitenmal im Tageslicht zu stehlen,
902 2780 2161 2891 Was sie heut nacht zum ersten Ihnen stahl.
945 2858 2420 3032 FLAMINIA: Wie — —?! Was — — t! O nein!
1619 2949 2444 3108 Nun heißt es dageblieben.
1022 3005 1200 3067 —.—
3007 563 4357 693 in Schritt noch — und ich schlage Lärm! —
4064 635 4513 759 stohlen?
2970 744 4527 852 Und was? Aus meinem Zimmer —? Meinen Schmuck
2959 804 4488 891 Trag' ich auf mir. So reden Sie, Herr Bassi,
2964 891 4459 1013 Mitschuldig sind Sie sonst! Wie? Wären Sie’s?
2993 970 4517 1075 Und beide stumm —! Man wird euch reden machen!
2980 1065 4482 1158 He, Leute, he! (Will zur Tür binausrufen.)
3042 1125 4517 1245 ANDREA: Geduld! Nun denn, Anina,
2976 1212 4267 1321 Du wolltest, daß es kein Geheimnis bleibe,
2982 1301 4047 1412 So sei vor allem diese eingeweiht.
2982 1373 4297 1503 Sie geht es an! Drum hören Sie, Flaminia!
2988 1462 4362 1582 Der, dessen Sie heut nacht vergeblich harrten,
2993 1539 4027 1630 Hat in der Türe leider sich geirrt
3001 1613 4322 1741 Und fand Empfang so freundlich nebenan,
3007 1721 4316 1812 Wie Sie kaum freundlicher ihm zugedacht.
4289 1756 4450 1878 G.C.F.P.
3048 1785 3725 1896 FLAMINIA (unsicher):
2993 1832 4550 1965 Was soll der Scherz —? Wer hätte wen erwartet?
3067 1938 4542 2056 ANDREA: Daß er um Sie sich mühte, sah ein jeder.
3061 2031 4533 2126 FLAMINIA: Kein Wort versteh' ich. Oder sollt'
3909 2099 4517 2205 ich doch —?
2982 2198 4488 2277 Er —? Wer? Und in der Tür geirrt — wieso?
3053 2275 4513 2370 ANDREA: Mag sein, im Fenster. Doch er fand den
4211 2341 4506 2451 Weg.
3053 2424 4525 2519 FLAMINIA: Zu wem? Und wer? So reden Sie
4147 2511 4513 2635 [vernünftig.
3013 2513 3826 2653 Wer fand den Weg zu ihr?
3861 2569 4527 2703 Der, den Sie meinen.
3048 2597 3448 2713 ANDREA:
3013 2670 4207 2800 Doch da sie als Flaminia ihn beglückt,
3001 2746 4221 2879 Erachtet sie's als Pflicht, was zufallsweise
3024 2839 4285 2962 Wie ein leichtfert'ger Maskenscherz begann,
3013 2918 4144 3046 Entschlossen als Anina zu vollenden; —
3013 3003 4196 3137 Und eben ist sie auf dem Weg zu ihm.
