7160 5048
2027 510 2507 655 Arthur Schnitzler
1897 624 2955 764 Er ruh' in Frieden.
1227 660 1517 774 Santis:
1187 686 2848 840 Andrea: So mangelt's an Gelegenheit den beiden —
1234 819 2941 952 Santis: Gelegenheit? — Man macht sie, wenn sie fehlt.
1234 900 2310 1025 Andrea: Bei Tag ist sie bewacht
2378 940 3086 1085 Doch in der Nacht —?
1225 985 1510 1085 Santis:
1234 1030 2877 1192 Andrea: Teilt mit der Jüngern sie das Schlafgemach.
1227 1135 2200 1282 Santis: Mit der verlobten —?
2229 1192 3046 1348 Jüngern. Ja, ich sagt' es.
1246 1230 1514 1322 Andrea:
1239 1253 2269 1424 Santis: Wer ist der Bräutigam?
2288 1344 2756 1493 Ein Edelmann.
1246 1367 1529 1488 Andrea:
1244 1420 2224 1588 Santis: Wann ist die Hochzeit?
2265 1503 3019 1655 Beide Schwestern warten
1246 1538 1522 1647 Andrea:
1144 1576 2428 1721 Des feierlichen Tags mit gleichem Sehnen.
1144 1678 2649 1823 Sehnsücht'ger noch der Nacht; denn wenn die eine,
1144 1768 2435 1892 Die Jüngre, neuvermählt dem Gatten folgt,
1144 1849 2343 1970 So wird im schwesterlichen Schlafgemach
1156 1937 2471 2032 Die andre — endlich — ungehemmt und frei
1130 1996 2452 2113 Ans durst'ge Herz den Heißgeliebten pressen.
1144 2060 2889 2181 Doch — noch erwähnt' ich's nicht — von schlechten Sitten,
1149 2158 2511 2255 Gefürchtet und verhaßt war jener Jüngling —
1137 2236 2519 2371 Den Weibern freilich nicht — und also kam's,
1149 2319 2362 2428 Daß er zur Hochzeit nicht gebeten ward;
1149 2409 2397 2509 Ja daß, um jeglichen Verdacht zu wehren,
1156 2502 2507 2609 Schon Tage früh'r dem Ort er fern sich hielt.
1239 2564 1973 2687 Santis: Dem Ort —?
1246 2651 1564 2756 Andrea:
2003 2602 2989 2777 Wo sich begibt, was ich berichte.
1149 2699 2310 2815 Erst mitternachts, wie's abgeredet war,
1144 2803 2424 2913 Auf leisen Sohlen naht er sich und schleicht
1144 2879 2471 2981 Durch dunklen Park den wohlbekannten Weg
1149 2955 2613 3069 Zum Fenster, jenseits dem das Glück, er weiß es,
1132 3043 2428 3162 Das längstersehnte, das versprochne wartet.
1137 3110 2642 3233 Und also kühnen Schwungs in Duft und Dämmer
1132 3195 2471 3314 Des bräutlichen Gemachs taucht er den Fuß.
1149 3285 2606 3392 Doch was er nicht weiß und nicht wissen kann —
1149 3349 2500 3463 Kein Bote traf den allzu gut Verborgnen —,
1137 3442 2502 3546 War dies, daß die Vermählung aufgeschoben,
1149 3518 2274 3634 Weil ein Ereignis von besondrer Art
1156 3596 2476 3691 Von dem ein ander Mal — den Bräutigam
1132 3679 2298 3789 In letzter Stunde abhielt zu erscheinen.
1239 3729 2846 3862 Santis (glerig): Und unser Jüngling findet für die eine
1130 3810 2495 3945 Die Schwestern beid' im dämmrigen Gemach?
1246 3900 2877 4026 Andrea: Nein. Statt der einen findet er die andre —
1132 3997 2602 4142 Die Braut, die von des Wartens Pein ermattet,
4861 508 5331 648 Die Schwestern
3971 603 5355 729 In schweren Schlummer sank. Indes die eine,
3952 719 5346 828 Mißmutig und enttäuscht — (sie ahnt ja nicht,
3950 800 5301 912 Daß keine Botschaft aufgeschobner Hochzeit
3950 878 5590 997 Den Liebsten traf) — von Tröst und Schlaf gemiedert
3950 947 5277 1066 Die Lagerstätt' verläßt und in des Gartens
3955 1025 5203 1135 Entlegenster Allee dem fernen Jüngling,
3959 1106 5125 1218 Der ach so nah, nutzlose Seufzer weiht,
3955 1182 5258 1291 Bis endlich tränenmüd sie sich zur Rückkehr
3948 1253 5184 1355 Ins schwesterliche Schläfgemach bequemt.
3955 1353 5369 1462 Doch wie sie, um die Schwester nicht zu wecken,
3967 1424 5293 1524 Ganz leise nur die Klinke niederdrückt,
3955 1498 5400 1602 Ist ihr, als schlürf und schwebe drin ein Schritt,
3952 1598 5222 1700 Und ähnungsvoll bewegt die Türe öffnend,
3950 1652 5301 1771 Gewahrt sie eben noch, wie durch das Fenster
3952 1735 5441 1849 Hinaus ins Dunkel rasch ein Mensch verschwindet.
3952 1809 5203 1925 Zwar sieht sie nur den Amriß der Gestalt,
3955 1899 5251 1999 Doch kann sie nimmer zweifeln, wer es war.
3936 1977 5460 2089 Und starr, in Scham, in schmerz, in Zorn steht sie
3938 2049 5279 2160 Im stummen Raum, aus dessen Schattentiefe
3943 2139 5353 2234 Treulos zerwühlt — ein gleißendes Geständnis
3950 2200 5184 2329 Der Kassen Linnenweiß sie höhnisch grüßt.
3943 2284 5182 2412 Und drin begraben (— wäre sie doch tot
3943 2357 5331 2500 Denkt die Betrogne —) ruht unschuldig-schuldig
3940 2452 5298 2561 Die Schwester, die ihr den Geliebten stahl; —
3943 2521 5331 2635 Des Zufalls Opfer, doch zugleich ihm dankbar,
3943 2602 5182 2718 Jungfräulich=bräutlich, eh' die Sonne sank,
3924 2637 5424 2825 Und eh' sie aufging — eines Fremden Dirne.
4626 2775 5474 2905 (Draußen im Park Bewegung, Lärm.)
4031 2811 4923 2984 Flaminia: Die Gäste schon?
4045 2922 4280 3017 Anina:
4945 2905 5657 3053 Die Musikanten sind's!
4038 2977 5944 3126 Andrea: Es drängt die Zeit. So schweig' ich denn von allem,
3938 3069 5263 3193 Was sich in Wort und in Gebärde zwischen
3948 3157 5367 3278 Den Schwestern weiter zutrug bis zum Morgen.
3929 3238 5187 3354 Nur dies bericht' ich: Beide liebentzündet
3921 3316 5267 3444 Erheben gleichen Anspruch auf den Jüngling
3938 3404 5125 3523 Die eine, die sein eigen war, doch ohne,
3940 3463 5180 3601 Daß ihm bewußt, wen er umfangen hielt.
3931 3563 5184 3691 So daß sie der erschlichnen Luft nicht froh
3929 3637 5348 3751 In neuem Durst noch freigebotner schmachtet —,
3931 3720 5101 3838 Die andre, die er zu umarmen wähnte
3931 3807 5094 3921 Und die in ungestillter Sehnsucht seufzt.
3921 3874 5149 3988 Und jede hält ihr Recht allein begründet,
3921 3936 5184 4107 Wie sie der andern Recht für nichtig hält
5759 4152 5991 4285 EPHAN GED.
5747 4285 6089 4451 18 AUG. 19
