5433 3928
3716 358 3944 480 — 81. —
1599 356 1865 526 80 —
3070 459 4288 606 Und meine Waffe senkend: Sind Sie toll
996 476 2486 667 SANTIS: Nach meinem Morgenimbiß mit dem
3039 564 4372 692 Ich bin es, Santis, nicht ein Straßenräuber,
2238 581 2490 708 Lord –
3039 648 4269 776 Und Ihren Wagen hielt ich auf, weil ich
962 612 2377 776 Kein andrer tränk' ihn untern Tisch als ich —
3033 748 4311 863 Heut früh mit hohem Angeld ihn gemietet
972 761 2383 870 Wünscht' ich in frischer Luft mich zu ergehn
3045 826 4192 935 Zu einer Fahrt in lust'ger Kumpanei.
960 838 2448 966 Und nahm den Weg der freien Landschaft zu, —
3039 920 4569 1027 He, Kutscher, stimmt’s? Und hieb dem Strolch zu¬
954 922 2073 1050 Als hinter mir staubwirbelnd hufewild
4368 968 4590 1104 [gleich
3052 979 4211 1100 Mit flachem Degen übern Rücken eins.
962 1008 2050 1123 Ein rasendes Gefährte näher stürmt.
945 1090 2274 1224 Ich warte, schau', erkenne Wagen, Kutscher
3037 1071 4387 1182 Sie lud ich auch, vielmehr Sie schliefen noch,
3045 1159 4336 1264 Als ich in Ihren Gasthof kam des Morgens.
956 1172 2230 1270 Heda, wohin mit meinem Angeld, Schuft?
3052 1230 4410 1333 Sie sind sehr eilig, scheint’s, wohin die Reise?
2270 1241 2437 1348 G.C.F.P.
973 1243 2197 1350 Und mitten auf die Straße hin gewurzelt
3045 1320 4403 1419 Und gar praskiert! Auch Sie, Gudar, warum?
966 1320 2479 1459 Wink’ ich ihm Halt. Er aber schwingt die Reitsche,
3052 1415 4091 1505 Sie schweigen beide. Casanova hat
954 1408 2417 1528 Haut auf die Pferde, daß sie vorwärtsschnauben,
3033 1480 4181 1591 Der lächerlichen Maske sich entledigt
973 1496 2247 1612 Bis ich, in Zaum und Zügel ihnen fallend,
3033 1549 4508 1668 Und starrt wie aufgescheucht aus bösen Träumen.
962 1570 2253 1712 Sie zwinge stillzustehn. Jedoch dem Wagen
3064 1641 4403 1750 Nun, wie’s beliebt, sag' ich, Sie aufzuhalten,
962 1664 2253 1784 Im gleichen Augenblick entspringt ein Kerl
3058 1727 4466 1819 Wenn Sie die Ferne lookt, hab' ich kein Recht.
973 1740 2305 1872 Verdächt'gen Ansehns; In die Stirn das Haar,
3064 1809 4382 1914 Doch leider heißt's zu Fuße weiterwandern.
968 1815 2247 1926 Mit span’schem Bärtchen, manteleingehüllt,
3064 1895 4600 1987 Glück auf den Weg!— Und schwing' mich ins Gefährt,
979 1897 2301 2031 Den Degen in der Hand, bedrohlich rollend
3058 1955 4533 2092 Dem Kutscher einen Hieb: Nach Spa, du Schuft!
973 1989 2241 2087 Stechdunkle Augen, und er grölt mich an;
968 2046 2500 2186 „Trollst du nicht gleich dich fort, bist du des Todes“
3070 2044 4414 2163 Doch wie er wenden will, schwingt Casanova
3058 2119 4468 2234 Zu mir sich in den Wagen und, ich weiß nicht,
973 2152 2511 2261 Und greift mich an. Die Pferde stehn zum Glück,
3064 2207 4406 2322 War’s Absicht oder nur des Wagens Ruck —
968 2240 2087 2370 So hab' ich beide Hände frei und bin
3058 2295 4466 2394 Fliegt an den Hals mir: Santis, teurer Freund!
979 2305 2301 2438 Bereit, mit scharfer Klinge mich zu wehren.
3075 2383 4514 2503 Sie hat das Schicksal hergesandt. Schon war ich,
973 2381 2417 2528 Schon schwirren sie, berühren sich und ritzen,
3075 2461 4030 2578 Ein unverbesserlicher Liebesnarr,
985 2488 2486 2574 — Auch er bekam was ab —, da speit der Wagen
3068 2494 4248 2628 Nachstürmend einem ungetreuen Weib,
977 2563 2471 2664 Noch einen aus. Den kannt' ich. ’s war Gudar,
3070 2605 4600 2712 Auf schlimmem Weg in Schmach, vielleicht in Tod.
968 2635 2349 2771 Der ruft: Komm doch zu Sinnen, Gasanova!
3075 2689 4557 2813 Das Zeichen kam zur Zeit. Sie sind mein Retter!
979 2716 2299 2821 Was fällt dir ein?! Und aufgerißnen Blicks
3070 2771 4527 2876 Nun laßt uns schmausen, trinken, spielen, lachen
968 2800 2406 2918 Rückweichend vor Erstaunen, nicht vor Schreck,
3100 2852 4364 2972 Und lustig sein, trotz allen Weiberränken.
968 2884 2310 3020 Erkenn' in meinem wildvermummten Gegner
3087 2947 4473 3077 Gudar fährt mit! — er war schon eingestiegen
979 2962 2282 3123 Ich wirklich Casanova, unsern Freund.
3171 3049 3613 3192 Die Schwestern
4645 3177 5244 3312 ERSCHE BUCHDRUXCHEÄ
3703 3282 5196 3504 Schnitzier, Die Schwettern — 5. SER 1918
3110 3330 3521 3506 8. Fischer
3421 3399 4450 3584 merscha Buchdruckerei In Leipzig.
