5224 3928
3709 378 3870 500 - 51 -
3075 474 4544 650 CASANOVA: Wie ich durchs Fenster in den Garten
1678 539 1843 613 50 —
4290 641 4537 735 sprang.
998 659 2286 741 Nachsichtig bald, als wär' er taub und blind,
3075 615 4513 817 ANDREA: Und warum hatt' er sich versteckt ge¬
1004 724 2156 824 Bald lauernd eifersüchtig wie ein Türke,
4294 784 4520 867 halten?
1004 811 2171 902 Verliebter Gatte gestern, Kuppler heut —
3081 795 4531 973 CASANOVA: Weil ein Verdacht an seiner Seele nagte
1004 913 2229 984 Im Einverständnis bald mit seiner Schönen
3010 923 4394 1023 Seit unserm heitern Abendschmaus von gestern.
1015 965 2169 1063 Und bald auf eigne Faust ein Wüterich.
3075 987 4531 1158 ANDREA: Bei dem nach rechts und links mit gleicher
1004 1049 2403 1139 Und hielt, daß man den Liebsten ihr nicht störe,
3001 1071 4207 1174 Sie Ihres Geistes frohe Gaben schenkten.
4353 1100 4520 1217 [Huld
1004 1147 2123 1243 Er gestern Wache vor Flaminiens Tür,
3049 1139 4526 1302 CASANOVA: Doch ungleich kam die Huld an
998 1239 2277 1302 So mag ein anderer, der ihm nicht genehm,
4124 1258 4522 1380 mich zurück,
1004 1321 2325 1378 Sich feigsten Anschlags heut von ihm versehn
2992 1304 4287 1428 Wie Santis' Mißtraun ahnungsvoll gewahrte.
1560 1388 1938 1465 (mit Bedeutung)
2979 1413 4316 1536 Und war's auch nur ein hingehauchtes Wort,
998 1467 2266 1552 Wofern nicht zeit'ge Warnung ihn bewahrt.
2990 1482 4246 1612 Das mir Flaminia zugeraunt — es scheint,
1428 1547 2049 1634 (Sebr rasch das Folgende.)
2990 1558 4409 1695 Daß der Baron sich’s wohl zu deuten wußte.
1069 1634 2169 1714 ANDREA: Sie aber sind — gewarnt?
3027 1638 3985 1736 ANDREA: Und dieses Wort —?
1930 1704 2247 1793 Ich bin es
1076 1719 1476 1797 CASAN OVA:
3025 1723 3457 1804 CASAN OVA:
3586 1725 4526 1869 Schon manchem ist's erklungen,
2245 1780 2492 1856 Sind's-
2979 1802 3862 1895 Und mancher hört’s nach mir.
1069 1795 1384 1893 ANDREA:
1015 1890 1369 1966 Durch wen i
3025 1877 3362 1958 ANDREA:
3875 1888 4487 2001 Jedoch das Wort —?
1069 1958 1802 2045 CASAN OVA: Durch sie.
3033 1977 4490 2069 CASANOVA: „Komm heut um Mitternacht, die
1702 2030 2242 2117 Flaminia selbst —?
1069 2045 1397 2119 ANDREA:
3959 2073 4477 2158 Tür steht offen.“
2197 2104 2521 2190 Wen sonst?
1076 2123 1489 2201 CASANAVA:
3016 2123 4046 2245 ANDREA: Und stand auch offen?
1086 2199 2030 2282 ANDREA: Sie — und Flaminia —
3020 2206 3448 2292 CASAN OVA:
3774 2206 4496 2353 Daran zweifl' ich kaum.
1923 2269 2523 2351 Was verwundert Sie?
1069 2284 1489 2364 CASAN OVA:
2960 2293 4394 2434 Doch braucht' es nicht der Tür, sie harrte mein
1082 2342 2529 2442 ANDREA: So ist’s ein alter Haß, der Sie bedroht?
2962 2369 4298 2486 Am offnen Fenster — und so nahm ich lieber,
2944 2464 4289 2586 Der lockend sich mir bot, den kürzern Weg;
1082 2438 1941 2531 CASANOVA: Wohl möglich.
1069 2516 2529 2597 ANDREA: Nach — verjährtem Liebesglück —
2933 2529 4131 2662 Zurück den gleichen, und nur allzubald,
1087 2597 2523 2681 CASANOVA: Zum dritten Male kreuz ich ihren Weg.
2933 2601 4389 2729 Sie wissen’s, fand ich mich am Spieltisch wieder.
1023 2682 2375 2760 Doch heute nacht erst war das Glück mir hold.
3003 2692 4492 2834 ANDREA: Und in den Vonnen dieser Nacht ertönte
1080 2764 2527 2845 ANDREA: Heut nacht — Und wer hat’s dem Baron
2925 2768 4415 2927 Zugleich die Warnung, die zur Flucht Sie zwingt
2229 2832 2521 2929 [entdeckt?
3001 2838 4466 3012 CASANOVA: Es hüten sich mit fug, mein junger
1091 2847 1708 2947 CASANOVA (zögernd):
2931 2925 4020 3071 Erfahrene Fraun, der Liebe Melodie
1034 2934 2179 3040 Wie ich vermute, sah er, wohlverborgen
4192 2964 4472 3099 [Freund,
1034 3014 2436 3092 Im finstern Schatten der Allee — (unterbricht sich).
2121 3083 2540 3160 - Sah — was?
1087 3105 1434 3197 ANDREA:
