7128 5048
1906 550 2423 726 Arthur Schnitzler
1136 667 2063 882 Andrea: Kein Wort davon
2127 740 2970 949 Weil sich die Schlaue denkt:
1139 846 1499 955 Casanova:
1047 876 2473 1022 Wenn ich mit Santis' Rachedrohn ihn schreckte,
1044 985 2445 1108 So hielt' ich ihn, statt seine Flucht zu fördertt,
1050 1047 2359 1172 Zum Trotz auf diesen Fleck hier festgebannt.
1044 1122 2724 1284 Drum fordr' ich sie als Dank — wer könnt' ihn weigern
1050 1223 1725 1393 Nach einer Liebesnacht
1750 1253 2286 1390 Vermutung alles.
1142 1320 1449 1426 Andrea:
1153 1323 2775 1491 Casanova: Vermutung? Wenn ich Ihnen sage, Herr,
1058 1446 2269 1594 Daß heute früh schon Santis in Person
1061 1549 1901 1697 Im Gasthof mich gesucht —
1918 1549 2412 1708 So, tat er das?
1150 1638 1465 1745 Andrea:
1150 1638 2900 1823 Casanova: Doch wußt' ich nichts davon. Die Wirte sind
1069 1733 2565 1887 Gewitzt in dieser Stadt. Man ließ mich schlafen,
1072 1865 1789 2007 Ihn schickte man davon.
1803 1862 2406 2040 Er ließ sich schicken?
1167 1957 1474 2054 Andrea:
1181 1954 2925 2121 Casanova: Was sollt' et tun? Verspetrt war meine Tür,
1089 2082 2403 2208 Und da ich ihm, wie er sich schmeicheln muß,
1089 2152 2311 2286 Doch irgendwo ins Netz gelaufen komme,
1089 2233 2275 2364 Und kostbar jede Stunde solchem Gauch,
1083 2292 2440 2440 Nützt er indes auch die für andern Zweck; —
1086 2378 2442 2509 Ob er nun Gimpel neu sich fängt zum Spiel,
1100 2467 2459 2624 Ob's was mit Pferden, Weibern, Edelsteinen,
1094 2557 2289 2694 Mit Seidentüchern zu verdienen gibt; —
1105 2638 2230 2769 Wenn er nicht etwa gegen gutes Geld
1111 2694 2481 2830 Den Dolch schon für den Anverschämten dingt,
1111 2791 2300 2917 Der Küsse nur mit Küssen bar bezahlte.
1195 2822 3347 3017 Andrea that zugehört mit überstiedenen Zeichen der Zustimmung, nun geht er zum Sekretät und
1103 2964 1368 3054 öffnet ihn):
1105 2989 2705 3115 Hier, nehmen Sie, — und rasch, hier sind fünfhundert
1125 3082 2601 3216 Sechs, sieben acht — nun wird mir manches klat.
1080 3179 1736 3313 Hier neun und zehn
1823 3196 2375 3366 Wie meinten Sie?
1200 3263 1599 3366 Casanova?
2375 3285 2741 3436 Zu seltsam
1203 3324 1873 3444 Andrea (geschickt spielend):
1100 3380 2364 3523 War sein Gebaren. Eines Tollen fast —
1108 3486 1965 3617 Ich hielt's für Trunkenheit.
1105 3520 3349 3665 Immer mit dem Gold beschäftigt, die Beutel zusammenschullten und sie einen nach dem andern Casanow
2127 3634 2320 3729 reichend.)
1901 3662 2495 3802 Sie sahn ihn schon?
1231 3657 1580 3821 Casanova:
1223 3754 2847 3894 Andrea: So nah wie Sie. An dieser Stelle stand er.
1130 3846 2414 3978 Lud mich zur Tafel, draußen deckt man sie,
1136 3947 2649 4092 Zu einer Lustfahrt — nicht so nah, mein Freund, —
1870 4005 2632 4112 (er hält Casanova vom Fenster ab)
1130 4050 2652 4204 Zu einem Fest, was weiß ich noch — und grinste —
4751 494 5192 678 Die Schwestekn
3844 634 5047 782 Und Reden führt er sonderbar verwirrt
3855 745 5069 860 Mit Augenrollen und verzerrten Mienen,
3844 846 5088 960 Und mit Gebärden, die ins Leere drohten.
3852 899 5164 1022 Und nun besinn' ich mich, daß er heut nacht
3838 991 5275 1116 Sofort nach Ihnen sich vom Spieltisch wegstahl
3858 1083 5072 1183 Und wiederkam, noch ehe Sie erschienen.
3863 1116 5206 1242 Nun erst begreif' ich. Hier, die fünfzig noch,
3858 1223 5239 1337 Den Äberschuß. Und noch ein Hundert drauf.
3863 1306 5169 1410 Nach Brüssel wollen Sie? Ein wenig nah!
3869 1393 5125 1491 Ich wählte Holland — aber wohl bedacht,
3869 1479 5066 1585 Daß hinter mir sich jede Spur verwische.
3961 1516 5811 1644 Casanova: Ach! — Seine Wut verraucht in ein paar Tagen.
3975 1611 5750 1764 Andrea: So bald? Wer weiß! Er sieht nicht danach aus.
3863 1689 5153 1812 An ihrer Statt wollt' ich mich besser hüten.
3877 1784 5362 1923 Wie wär's, Sie nähmen Überfuhr nach England?
3975 1865 4879 2010 Casanova: Amerika vielleicht!
4896 1892 5454 2043 Und warum nicht?
3975 1954 4254 2054 Andrea:
3969 1982 5672 2113 Casanova: Die Fahrt ist weit, und meine Mittel knapp.
3975 2093 5649 2225 Andrea : Ist einer frei wie Sie, kennt der noch Fernen
3885 2160 5298 2286 Und was das Geld betrifft, noch weitere Zwei-,
3874 2266 5175 2373 Dreihundert stell' ich Ihnen zur Verfügung.
3877 2314 5328 2481 Mir tät' es leid um Sie... und um mein Geld.
3969 2406 5049 2568 Casanova: Zu höhern Zinsen denn.
5055 2445 5686 2579 Wet spricht davon?
3989 2512 4254 2624 Andrea:
4673 2540 5315 2660 (Er gibt ihm weiteres Gold.)
3874 2574 5303 2727 Sind Sie in Sicherheit, ist's auch mein Gold.
3877 2699 5111 2811 Nur frag' ich, wie Sie ungesehn bei Tag
3885 2777 5284 2886 Aus Stadt und Stadgebiet entweichen wollen?
3989 2816 5797 2964 Casanova: Da sei'n Sie unbesorgt. Hier gibt es Pförtchen,
3894 2934 5356 3031 Die niemand kennt als ich, und krumme Gäßchen,
3894 3029 5189 3143 Und Winkelpfade, dämmerdunkle Bogen —
3894 3093 5382 3204 Und trät' ich wo ins Licht, wer will mich kennen?
3905 3154 6113 3266 (Er wendet sich auf einen Augenblick, dreht den Mantel auf die andre Seite, verändert seine Haltung
3911 3232 6118 3369 brecht sich wieder um und steht überdies mit einem kleinen sälschen Bart da, spricht mit veränderter Stimme
3899 3327 4890 3450 Sie selber zweifeln, daß ich's bin
4114 3361 5909 3525 (Wendet sich, nimmt wieder seine frühere Erscheinung an; mit seiner alten Stimme)
5504 3444 5828 3578 Ich bin's.
4703 3467 5328 3634 (Séine Geldbeutel ordnend):
3905 3578 5211 3718 So, dies ist für Gudat, dies für den Wirt,
3897 3701 5446 3788 Dies für die Reise. Und nun, Dank, mein Freund.
3911 3765 5220 3871 Sie sollen für Ihr Geld nicht zittern müssen
3902 3860 5334 3969 Denn acht' ich selbst mein Leben auch nicht viel,
3916 3924 5178 4025 Für Sie mir's zu erhalten, ist mir Pflicht.
3905 4005 5312 4145 Und kann's nicht früher sein, in Jahr und Tag
