5208 3880
1684 363 1848 478 54 —
3123 394 4436 524 ANDREA: Ist einer frei wie Sie, kennt der :
986 445 2137 629 War sein Gebaren. Eines Tollen fast —
4075 495 4537 596 Fernen
3431 506 3633 606 G.C.F.P.
992 571 1894 675 Ich hielt’s für Trunkenheit. —
3045 570 4444 680 Und was das Geld betrifft, noch weitere Zwei-,
986 610 2508 793 Immer mit dem Gold beschäftigt, die Beutel zusammenschnürend
3033 661 4400 761 Dreihundert stell' ich Ihnen zur Verfügung.
1135 745 2311 854 und sie einen nach dem andern Casanova reiebend.)
3039 742 4394 891 Mit tät es leid um Sie... und um mein Geld.
1057 808 1477 906 CASANOVA:
1906 770 2490 904 Sie sahn ihn schon?
3104 820 4316 954 CASANOVA: Zu höhern Zinsen denn.
1040 879 2485 1017 CASANOVA: So nah wie Sie. An dieser Stelle stand er.
3108 914 3469 1044 ANDREA:
3522 885 4555 1023 Wer spricht davon?
979 961 2305 1091 Lud mich zur Tafel, draußen deckt man sie,
3398 980 4274 1103 (Er gibt ihm weiteres Gold.)
4314 986 4495 1086 G.C.F.P.
3039 1049 4493 1170 Sind Sie in Sicherheit, ist's auch mein Gold.
973 1040 2397 1164 Zu einer Lustfahrt — nicht so nah, mein Freund,
1315 1131 2131 1254 (er bält Casanova vom Fenster ab)
3033 1135 4491 1256 Nur frag' ich, wie Sie ungesehn bei Tag
992 1185 2406 1340 Zu einem Fest, was weiß ich noch — und grinste
3039 1223 4465 1317 Aus stadt und Stadtgebiet entweichen wollen?
998 1290 2167 1411 Und Reden führt' er sonderbar verwirrt
3098 1307 4570 1414 CASANOVA: Da sein Sie unbesorgt. Hier gibt es
979 1372 2181 1495 Mit Augenrollen und verzerrten Mienen,
3928 1382 4562 1506 Pförtchen,
998 1456 2232 1575 Und mit Gebärden, die ins Leere drohten.
3039 1460 4484 1567 Die niemand kennt als ich und krumme Gäßchen,
986 1542 2299 1655 Und nun besinn' ich mich, daß er heut nacht,
3033 1552 4321 1667 Und Winkelpfade, dämmerdunkle Bogen —
992 1609 2339 1751 Sofort nach Ihnen sich vom Spieltisch wegstahl
3022 1628 4532 1749 Und trät' ich wo ins Licht, wer will mich kennen?
986 1697 2217 1814 Und wiederkam, noch ehe Sie erschienen.
3039 1720 4568 1816 (Er wendet sich auf einen Augenblick, drebt den Mantel auf die andre
3045 1783 4568 1884 Seite, veränderts eine Haltung, drebt sich wieder um und stebt überdies
986 1766 2288 1898 Nun erst begreif' ich. Hier, die fünfzig noch,
3037 1848 4556 1969 mit einem kleinen falschen Bart da; spricht mit veränderter Stimme):
992 1837 2358 1982 Den Überschuß. Und noch ein Hundert drauf.
3033 1927 4006 2055 Sie selber zweifeln, daß ich’s bin.
986 1934 2190 2058 Nach Brüssel wollen Sie? Ein wenig nah!
3027 2007 4566 2150 (Wendet sich, nimmt wieder seine frübere Erscheinung an; mit seiner
967 2014 2217 2143 Ich wählte Holland — aber wohl bedacht,
3601 2093 3964 2181 alten Stimme):
961 2089 2179 2223 Daß hinter mir sich jede Spur verwische,
4117 2110 4438 2257 Ich bin’s.
1034 2146 2479 2318 CASANOVA: Ach! — Seine Wut verraucht in ein
3329 2198 4413 2313 (Seine Geldbeutel ordnend):
2144 2257 2498 2404 paar Tagen.
3033 2286 4388 2397 So, dies ist für Gudar, dies für den Wirt,
1021 2294 2485 2475 ANDREA: So bald! Wer weiß! Er sieht nicht da¬
3027 2351 4545 2479 Dies für die Reise. Und nun, Dank, mein Freund.
2185 2439 2490 2536 nach aus.
3039 2450 4480 2557 Sie sollen für Ihr Geld nicht zittern müssen.
973 2454 2274 2634 An Ihrer statt wollt' ich mich besser hüten.
3033 2517 4495 2626 Denn acht' ich selbst mein Leben auch nicht viel,
967 2578 2401 2722 Wie wär's, Sie nähmen Überfuhr nach England?
3039 2617 4270 2704 Für Sie mir's zu erhalten, ist mir Pflicht.
1028 2666 2001 2796 CASANOVA: Amerika vielleicht!
3039 2691 4388 2811 Und kann’s nicht früher sein, in Jahr und Tag
1015 2748 1344 2853 ANDREA:
1875 2708 2481 2857 Und warum nicht?
3027 2779 4373 2882 Stell' ich, persönlich meine Schuld zu zahlen
1009 2777 2479 2968 CASANOVA: Die Fahrt ist weit, und meine Mittel
3045 2859 3683 2991 Mich in Ferrara ein.
2244 2913 2485 3026 knapp.
3431 2947 3679 3048 G.C.F.P.
