6731 4744
782 479 2023 695 Des Abenteuers Lust und Rausch verweht,
785 642 2077 765 Das Kinder sich am sichern Herde träumten,
779 726 2046 858 So kehren Sie, wie gern, zurück, wo längst
785 773 2046 908 In milder Heimat wohlumschlossnem Kreis
790 877 2063 1012 Mit offnen Armen die Verzeihung wartet.
832 944 2402 1085 Anina: Mich dünkt die Luft hier eben lind genug,
807 1034 2051 1169 Die Gegend lieblich, heiter die Gesellschaft,
785 1107 2057 1222 Und wir behagen beid' uns hier aufs beste.
883 1166 2559 1334 Gudar: Doch ahnf es Ihnen kaum vor wenig Wochen,
802 1261 2127 1382 Daß Sie an einem Tisch mit solchem Volk —
911 1356 1752 1497 Anina: Mit solchem Volk?
1740 1356 2575 1553 Wie ich und meinesgleichen,
905 1446 1157 1539 Gudar:
816 1499 1965 1611 Zu Abend essen, Tür an Türe wohnen,
810 1578 1864 1704 Zu Lustpartien sich gesellen würden!
905 1631 2433 1788 Anina: Ich bin so kostbar nicht. And niemand hat
816 1724 2063 1864 Mir gegenüber Höflichkeit und Anstand —
827 1780 2368 1934 Nicht Mann noch Frau — mit einem Wort verletzt.
844 1897 2245 2018 Baron von Santis, wenn auch laut beim Trunk,
832 1979 2152 2102 Bleibt stets galant. Flaminia losen Munds,
838 2043 2127 2169 Das merkt' ich wohl, ist dennoch herzensgut.
830 2096 2320 2245 (etwas støckend): And Casanova — ist ein Edelmann —
928 2175 2458 2365 Gudar: Wie Santis ein Baron, wie ich ein Fürst,
844 2312 2012 2424 Und wie Flaminia etwa Nonne wäre —
944 2368 1760 2511 Anina: And Casanova? —
1777 2396 2455 2567 Nun, was den betrifft,
933 2458 1177 2575 Gudar:
858 2477 2012 2623 Wo man ihn findet, dort gehört er hin.
832 2620 1942 2702 Und träf' ich übers Jahr als Exellenz
835 2654 2119 2791 In Spanien ihn; — in einer Diebsspelunke
838 2738 2402 2898 Am Strand zu London — unter andern Strolchen; —
844 2836 2133 2954 Als Handelsmann mit Spitzen in Paris; —
869 2926 2035 3021 Als Dichter eines Schäferspiels in einem
858 2959 2222 3088 Bretonschen Schloß; — als Polizeiagenten, —
858 3074 2242 3220 Als Millionär, als Bettler, selbst als Bürger,
863 3161 2018 3273 Ich staunte nicht, so wenig als er selbst.
858 3212 2276 3332 Und wenn er auch heut' nacht verlor, — es kann
852 3324 2245 3419 Doch sein, daß er mit falschen Karten spielte, —
863 3380 2043 3506 So wie er oft mit wahren Worten lügt.
863 3458 2029 3568 Dies ist Herr Casanova. Niemals war
858 3540 1951 3654 Ein Gauner ehrlicher als er, und nie
858 3607 2065 3727 Vertraut' ich einem Ehrenmann so wenig.
863 3682 2138 3837 Und füg' ich noch hinzu, daß nie ein Weib,
874 3783 2029 3898 Das er begehrt, ihm seine Huld versagt,
869 3856 1959 3999 So wissen Sie soviel wie alle Welt.
4495 266 4944 415 Die Schwestern
3719 390 5260 546 Anina: Wahrlich, ich hätte gern Sie jung gekannt.
3722 518 4307 633 Gudar: Mich —?
3713 527 5129 687 Anina: Denn von keinem andern sprachen Sie.
3730 656 5078 788 Gudar: Von Casanova nur. Der freilich so
3615 745 4834 874 Ins Leben sprang wie andre junge Leute
3635 776 5070 947 Und einstmals, denk' ich, enden wird wie sie —
3741 908 5025 1051 Anina (ächelnd): So weise, meinen Sie —?
4823 947 5669 1099 Nein, so geschwätzig! —
3736 1017 4050 1143 Gudar:
4512 1071 5507 1155 (Er grüßt und geht.)
3713 1087 5854 1216 Anina (eine Welle in Gedanken, nimmt ihren Brief wieder hervor, schreibt weiter, fallet den
3640 1185 5871 1281 Brief zusammen, tut ihn in einen Amschlag, schreibt die Adresse. ergreift die kleine Glocke, die auf dem
3643 1227 5868 1345 Tisch steht, hingelt nicht. überlegt. öffnet die Tür rechts, späht vorsichtig rechte und lints auf den Gang.
3640 1295 5328 1398 winkt; ein Kellner, jung, fast noch Knabe, 15 Jahre, Tito, sehr hübsch, tritt ein).
3741 1373 4792 1497 Tito: Gnädige Frau? Befehlen?
3758 1415 5683 1555 Anina: Sag mir — der Herr, der gestern mittag ankam — (soso)
3736 1541 5378 1625 Tito: Welcher Herr? Es kamen einige Herren an...
3747 1603 5504 1712 Anina (rasch): Herr Casanova wohnt nicht hier — bei euch?
3741 1617 5871 1791 Tito: Herr Casanova ist im Goldnen Löwen abgestiegen. Wir hatten
3629 1754 5877 1892 kein Zimmer mehr frei. Davon lebt der Goldne Löwe. Was soll ich Herrn
3638 1838 4677 1981 Casanova bestellen, gnädige Frau?
3753 1900 5894 2093 Anina (gibt ihm ein gewstüm: Bestellen... nichts. Bring diesen Brief zu ihm.
3750 2015 4540 2130 Tito: Sofort. (Will geben.)
3767 2077 5280 2189 Anina: Noch einen Augenblick.'s ist eine Wette,
3666 2172 5137 2267 Verstehst du? Also kommt's drauf an vor allem,
3671 2253 5115 2374 Daß es geheim bleibt. Drum verbirg den Brief.
3772 2315 5888 2475 Tito: O, die gnädige Frau können völlig unbesorgt sein. Und soll ich
3677 2421 4546 2539 die Antwort hierher bringen?
3772 2438 5412 2592 Anina: Nein, keine Antwort. Du entfernst dich gleich.
3772 2514 5919 2685 Tito: And wenn Herr Casanova nicht zu Hause sein sollte, darf ich den
3688 2643 4977 2780 Brief in den Händen seines Dieners lassen?
3789 2727 5232 2831 Anina: Du läßt den Brief in jedem Falle dort.
3761 2738 5924 2915 Tito: Nur gebe ich der gnädigen Frau zu bedenken, daß der Diener viel¬
3663 2892 4694 3035 leicht ein verkleidetes Mädchen ist.
3795 2973 4386 3094 Anina: Du denkst?
3783 2959 5933 3153 Tito: Ich denke gar nichts. Ich weiß nicht einmal, ob Herr Casanova
3694 3139 4689 3276 mit einem Diener angekommen ist.
3781 3212 4403 3324 Anina: Nun also?
3800 3209 5874 3436 Tito: Aber es könnte auch irgendwer bei ihm versteckt sein. Im Schrank —
3691 3371 4027 3506 im Bett —
3795 3397 4977 3559 Anina: Und warum vermutest du das?
3783 3453 5972 3649 Tito: Ich vermute gar nichts. Ich gebe der gnädigen Frau nur alle
3708 3612 4490 3719 Möglichkeiten zu bedenken.
3789 3635 5513 3853 Anina: Du bist sehr klug... so kann man dir vertrau'n.
4490 3761 5151 3887 (Sibt ihm noch ein Goldstück.)
5619 4027 6014 4187 18 AUG. 1919
