5769 4696
1523 375 1823 522 Chur Schnitz
803 502 1896 647 Bea: In Rätseln sprechen Sie.
633 633 2478 734 Casanova: Flaminia warf ein Aug' auf Sie — ich weiß.
513 706 2276 812 Doch Santis hält's — drum aufgepaßt, mein Freund —
430 782 2145 911 Mit seinem Gattenrecht nach Laun' und Vorteil.
513 886 1887 980 Nachsichtig bald, als wär' er taub und blind,
529 941 1737 1047 Bald lauernd eifersüchtig wie ein Türke,
518 1026 1737 1135 Verliebter Gatte gestern, Kuppler heut —
2149 1070 2356 1286 G.C.F.P.
534 1098 1846 1206 Im Einverständnis bald mit seiner Schönen
529 1190 1804 1277 Und bald auf eigne Faust ein Wüterich —
525 1243 2083 1406 And hielt, daß man den Liebsten ihr nicht störe,
529 1344 1823 1447 Er gestern Wache vor Flaminiens Tür,
2310 1296 2522 1500 G.F.P.
536 1427 1905 1523 So mag ein anderer, der ihm nicht genehm —
541 1494 1945 1641 Sich feigsten Anschlags heut von ihm versehn —
1466 1569 1834 1678 (mit Bedeutung)
529 1657 1857 1765 Wofern nicht zeit'ge Warnung ihn bewahrt.
1349 1728 1972 1832 (Sehr rasch das Folgende.)
626 1758 1751 1919 Andrea: Sie aber sind — gewarnt?
1737 1889 2087 2041 Ich bin es.
633 1896 987 2007 Casanova:
2094 1954 2370 2083 Sind's —
637 1979 925 2087 Andrea:
529 2048 939 2175 Durch wen?
637 2108 1303 2255 Casanova: Durch sie.
1337 2163 1915 2354 Flaminia selbst —?
637 2214 944 2322 Andrea:
1928 2260 2287 2423 Wen sonst?
635 2281 987 2403 Casanova:
633 2354 1680 2497 Andrea: Sie — und Flaminia —
1694 2419 2389 2566 Was verwundert Sie?
626 2442 976 2557 Casanova:
637 2490 2177 2660 Andrea: So ist's ein alter Haß, der Sie bedroht?
637 2605 1441 2750 Casanova: Wohl möglich.
1461 2653 2534 2794 Nach — verjährtem Liebesglück —?
637 2690 923 2791 Andrea:
626 2743 2205 2886 Casanova: Zum dritten Male kreuz' ich ihren Weg.
536 2840 1928 2957 Doch heute nacht erst war das Glück mir hold.
637 2883 2465 3047 Andrea: Heut nacht — Und wer hat's dem Baron entdeckt?
626 3005 2377 3118 Casanova gögernd): Wie ich vermute, sah er, wohlverborgen
513 3070 1938 3224 Im finstern Schatten der Allee — (unterbricht sich).
637 3162 925 3277 Andrea:
2030 3120 2476 3277 Sah — was?
626 3242 2366 3346 Casanova: Wie ich durchs Fenster in den Garten sprang.
644 3321 2230 3408 Andrea: And warum hätt' er sich versteckt gehalten?
637 3401 2239 3498 Casanova: Weil ein Verdacht an seiner Seele nagte
536 3463 1928 3583 Seit unserm heitern Abendschmaus von gestern.
621 3537 2379 3675 Andrea: Bei dem nach rechts und links mit gleicher Huld
525 3634 1767 3753 Sie Ihres Geistes frohe Gaben schenkten.
663 3684 2304 3850 Casanova: Doch ungleich kam die Huld an mich zurück,
543 3790 1935 3903 Wie Santis' Mißtrau'n ahnungsvoll gewahrte.
674 3882 1880 4020 war's auch nur ein hingehauchtes Wort,
3171 463 4336 637 mir Flaminia zugeraunt — es scheint,
3040 596 4398 716 Daß der Baron sich's wohl zu deuten wußte.
3153 677 4092 805 Andrea: And dieses Wort —
4119 683 4978 854 Schon manchem ist's erklung.
3171 762 3509 877 Casanova:
3190 817 3940 960 mancher hört’s nach mir.
3783 877 4605 1003 Jedoch das Wort —
3160 920 3456 1029 Andrea:
3183 937 5028 1095 Casanova: „Komm heut um Mitternacht, die Tür steht offen.“
3171 1056 4168 1192 Andrea: Und stand auch offen?
3960 1056 4865 1291 Daran zweifl' ich kaum.
3169 1162 3498 1263 Casanova:
3074 1194 4561 1323 Doch braucht es nicht der Tür. Sie harrte mein
3058 1284 4453 1427 Am offnen Fenster — und so nahm ich lieber,
3058 1376 4370 1521 Der lockend sich mir bot, den kürzern Weg;
3074 1447 4244 1572 Zurück den gleichen, und nur allzubald,
3074 1498 4536 1652 Sie wissen's, fand ich mich am Spieltisch wieder.
3164 1583 4727 1719 Andrea: And in den Monnen dieser Nacht ertönte
3061 1685 4632 1811 Zugleich die Warnung, die zur Flucht Sie zwingt?
3164 1724 4865 1896 Casanova: Es hüten sich mit Fug, mein junger Freund,
3093 1836 4234 1972 Erfahrene Frau'n, der Liebe Melodie
3081 1910 4435 2027 Durch unerwünschten Mißklang jäh zu enden.
3100 2002 4476 2124 Auch war mir wohl bewußt, wie ihr, daß nur
3104 2062 4621 2246 Sehr dünne Wand den Raum, in dem wir weilten,
3931 2147 4520 2264 (mit leichter Verneigung)
3100 2200 4352 2382 Von einer keuschern Dame Zimmer schied,
3093 2327 4294 2451 Die, wie man keinen Augenblick vergaß,
3091 2396 4382 2543 In wacher Sehnsucht ihres Liebsten harrte.
3091 2469 4533 2612 So rann die Stunde süß, doch stumm dahin.
3219 2527 4978 2683 Andrea: Wie also? — Was? — Ist’s das Gewissen nur,
3109 2649 4538 2775 Ist's böse Ahnung, die zur Flucht Sie drängt?
3226 2729 4239 2890 Casanova: Nicht doch, ein Brief.
4271 2771 4602 2927 Ein Brief
3226 2826 3572 2932 Andrea:
3624 2828 3776 2923 G.C.F.P.
4642 2821 5104 2969 Hier, lesen Sie
3224 2890 3861 3015 Casanova (wie zögernd):
3226 2936 4945 3118 Andrea ausw: „Bist Du, wie ich nicht zweifle, Casanova,
3118 3033 4345 3157 Ein Edelmann, so wirst Du einer Frau,
3134 3104 4584 3238 Die Du errätst, den einz'gen Dank nicht weigern,
3141 3206 4363 3305 An dem ihr Leben und das Deine hängt.
3139 3259 4743 3450 Ich darf Dich nicht mehr sehn. Flieh aus der Stadt.
3958 3355 4531 3463 (Läßt das Billett linken.)
3134 3413 3795 3560 Und weiter nichts —!
3815 3436 4504 3620 Ich denk, es ist genug.
3238 3526 3585 3631 Casanova:
3249 3576 4483 3740 Andrea: Die „Warnung“ find' ich nicht.
4501 3595 5054 3786 „Flieh aus der St.
3247 3687 3590 3788 Casanova:
3148 3717 4695 3871 Ich darf Dich nicht mehr sehn!“ Kein andrer Anlaß
3148 3818 4529 3977 Als Angst um mich entringt ihr diesen Schrei.
