6776 4920
1776 507 2250 685 Arthur Schnitzler
918 625 2215 793 Zu Arbeit und Vergnügen klug gesellten —
893 755 2238 883 Zum größten Vorteil schlüg's uns allen aus.
898 833 2255 958 Denn dieser Bassi — Santis' Worte sind's —
896 916 2218 1059 Als meinen Meister muß ich ihn erkennen.
996 1019 2200 1129 Anina: Als Meister —? And worin?
2238 1034 2840 1197 Sie fragen, Beste?
1011 1094 1443 1207 Flaminia:
1006 1126 1987 1279 Anina (erschrocken): Im Spiel —?
1024 1182 2597 1345 Flaminia (Veußuffg): Vielleicht in andern Dingen auch.
1006 1315 2361 1443 Anina: Nie früher rührt er eine Karte an.
1019 1397 2228 1525 Flaminia (ungläubig): Ach, gutes Kind —
1011 1475 2363 1618 Anin (immer erregter): Wie hätt' er in Ferrara,
908 1558 2077 1656 Als eines angesehnen Kaufherrn Sohn,
923 1651 2082 1739 Wie in Bologna auf der hohen Schule
928 1686 2210 1824 Dergleichen — Künste jemals lernen sollen!
1006 1786 2072 1944 Flaminia: Ob dort, ob anderswo!
2070 1829 2506 1982 Sie irren sich
1011 1877 1485 1987 Anina (lebhaft):
1716 1939 2285 2082 denn ich bin arm
923 1934 1623 2075 Der Eltern Widerstand
941 2037 1568 2140 Trieb uns hinaus —
1004 2067 2627 2220 Flaminia (ne unterbrechend): Nun aber sind Sie draußen.
923 2205 2336 2296 So fängt es eben an. Aus Flucht wird Reise,
928 2260 2120 2386 Aus notgedrungner Reise heitere Fahrt,
928 2308 2436 2461 Leicht wird der Sinn, und in der Fremde lernt sich,
923 2421 2100 2521 Was uns der Heimat Enge vorenthielt,
923 2476 2341 2639 Meist nur allmählich, — manchmal über Nacht.
936 2584 1455 2697 Sie sind wie alt?
1495 2602 1964 2777 Schon achtzehn.
1036 2659 1289 2765 Anina:
1987 2682 2426 2862 Achtzehn! Ich
1036 2737 1387 2852 Flaminia:
936 2762 2203 2920 Bin vierundzwanzig. Und zehn Jahre her,
936 2888 2388 3003 Daß ich mit Santis —! Ach, wie war ich jung!
941 2965 2230 3086 Und wenn ich denke, daß mich Santis liebte
941 3033 2381 3146 Und heut noch liebt, so könnt' es seltsam scheinen,
958 3138 2388 3251 Was er mich werden ließ. Doch man gewöhnt’s.
948 3209 2333 3319 Und nichts ist lust'ger, glauben Sie, mein Kind,
936 3296 2333 3407 Als Herz an Herz geschmiegt einander flüsternd
948 3369 1977 3475 Die letzten Abenteuer zu vertrauen.
941 3429 2393 3580 Wie lachen wir! Denn auch die Welt ist dumm.
497 3455 700 3648 ar
941 3525 1618 3658 Zumal die Männer —
1282 3595 2800 3725 Santis tritt auf. Über vierzig, groß und stark. — Antna — Flaminia.
1593 3678 2464 3801 Meinen Gruß den Damen.
1021 3645 1337 3821 Santis:
1555 3768 2524 3889 (Zu Anina, er küßt ihr ehrerbietig die Hand.)
946 3826 2175 3976 Sie haben wohlgeschlafen, schönste Frau?
1049 3924 1676 4054 Anina: Vortrefflich.
1046 3996 1430 4152 Flaminia:
1656 3989 2609 4142 Und wo triebst du dich umher?
4553 444 4990 630 Die Schwestern
3741 587 5399 750 Santis: Man bietet mir ein Roß zu günst'gem Kauf.
3643 715 4987 838 Ich hab's auf freiem Felde ausprobiert.
3650 810 5040 926 Doch glaub' ich, will es einen leichtern Reiter
3658 866 4920 998 So etwa von Herrn Bassis Wohlgestalt.
3643 931 5173 1079 Gefällt's ihm, will ich's gern ihm überlassen.
5191 1019 5414 1134 G.C.F.P.
3771 1031 5130 1177 Anina: Sie sprachen schon mit ihm?
4877 1109 5444 1229 Bisher noch nicht.
3756 1129 4049 1249 Santis:
3655 1169 4952 1337 Es fiel mir eben ein, da ich ihn sah.
3771 1269 5547 1387 Anina (ihre Erregung bemeisternd): Wo sah'n Sie Ihn?
5073 1332 5886 1458 Im Park, von weitem nur.
3766 1372 4072 1475 Santis:
3675 1397 5030 1540 Ich ritt vorbei. In dunkler Bäüme Schatten
3670 1513 5334 1608 Nuht' er auf einer Bank — und träumte wohl!
3688 1588 5148 1703 Denn nicht einmal des Rosses Hufschlag machte,
3673 1661 4952 1784 Daß er den Blick empor vom Boden hob.
3778 1751 4634 1887 Flaminia: Ein Philosoph!
4614 1824 5409 1952 Die Maske steht ihm gut.
3766 1844 4092 1944 Santis:
3788 1902 4691 2065 Anina (befremdet): Die Maske?
4686 1937 5640 2122 Edle Frau, wer trägt sie nicht?
3796 2002 4077 2102 Santis:
3688 2042 4920 2188 Es ziemt sich kaum im Karnevalsgewirr,"
3688 2117 4967 2273 Vor Mitternacht das Antlitz frei zu zeigen.
3788 2198 5421 2371 Anina (besangen lächelnd): Und wann kommt Mitternacht?
5293 2235 5938 2393 Wann's uns beliebt.
3778 2316 4077 2421 Santis:
3788 2331 5399 2479 Anina: Es scheint, Sie sind der Philosoph, Baron?
3788 2401 5808 2612 Santis: Bin's wirklich! Ja, (in neuem von) und darum stets bedacht,
3693 2516 5033 2629 Daß niemals leer das Rad der Stunde laufe.
3688 2624 4992 2722 Der Tag ist schön, wir wollen ihn genießen.
3700 2694 4907 2820 Im Parke wird die Tafel hergerichtet —
3700 2760 4937 2918 Schon gab ich Auftrag, zwölf Gedecke —
4922 2810 5163 2983 Zwölf?
3793 2870 4160 2978 Flaminia:
3796 2913 4661 3081 Santis: Ich lud mir Gäste.
4664 2978 4892 3141 Welche
3801 3031 4044 3133 Anina:
4930 3036 5524 3224 Herrn und Damen,
3788 3108 4047 3201 Santis
3693 3141 4885 3294 Die mir so hoher Ehre würdig scheinen.
3705 3226 4950 3374 So unter andern einen Lord aus England,
3700 3329 4927 3460 Der, auf der europä'schen Tour begriffen,
3700 3417 4802 3535 In prächtiger Karosse, voll bepackt,
3700 3460 5241 3600 Heut morgen eintraf, jung und unbeweibt.
3700 3582 5349 3675 Dann eine Witib — kommt aus Amsterdam —
5314 3628 5504 3733 G.C.F.P.
3718 3658 5083 3781 Von Trauer und holländ'schen Gulden schwer,
5293 3693 5524 3811 G. P.
3705 3723 4839 3851 Und sehr begierig, beides loszuwerden.
3806 3788 5557 3894 Flaminia (zu Anna): Sie dürfen seiner Nase ruhig trauen,
3705 3896 5266 4019 Auf Meilen riecht er Gold in Schrank und Beutel.
3806 3951 5301 4124 Anina: So sollen wir mit Unbekannten speisen?
