5352 4056
1713 346 1931 462 92 —
1080 427 2560 595 SANTIS: Elendes Weib! Bei Gott, ich hätte Lust,
1014 545 2547 685 Dich samt der Schnur dem Wirt als Pfand zu geben.
1091 653 2547 760 TITO: Darüber würde sich vielleicht reden lassen,
1018 720 2570 884 wenn die Frau Baronin — (Geste, als wenn er sie einlüde,
1026 807 1875 928 mit ihm das Zimmer zu verlassen.)
1084 862 2031 999 CASANOVA (plötzlicb vor ibn bin):
1030 945 2460 1099 Das Maul gehalten Bursch, hier nimm und geh!
1361 1018 2243 1140 (Er gibt ihm einen Beutel voll Geld.)
1020 1109 2194 1234 Zähl' draußen und behalte, was zuviel,
1038 1203 2333 1313 Und sage deinem Herrn, da merk' er sich,
1038 1284 2019 1392 Wo Casanova man zu Gaste lud,
1032 1359 2470 1465 Dort muß der Wirt nicht für die Zeche zittern.
1099 1451 2112 1559 SANTIS (als wollte er's nicht annehmen):
1036 1536 1557 1642 Nie werd' ich —
1116 1600 2460 1698 CASANOVA: Still, mein Retter. Es ist nichts.
1134 1679 2514 1806 (Er befiebli dem Tito durch eine Gette, sieb zu entfernen.)
1115 1777 1833 1881 TITO (unter Bücklingen ab).
1122 1854 1835 1981 CASAN OVA (zu Andrea):
1063 1940 2395 2054 Und mir bleibt immer noch genug, zugleich
1051 2004 2362 2141 An Sie, Herr Bassi, meine Schuld zu tilgen.
1063 2094 2173 2212 Da, was ich an Gudar zurückbezahlt,
1057 2189 2293 2289 Ich auf der Fahrt ihm wieder abgewann.
1057 2254 2375 2372 Hier ist, mit wiederholtem Dank, Ihr Gold.
1122 2343 2000 2458 ANDREA: Sie hatten Glück.
1140 2410 2605 2531 CASANOVA (dem Andrea die Beutel mit Gold gebend, die
1063 2508 1756 2630 dieser etwas xögernd nimmt):
1713 2551 2591 2676 Sie haben’s auch, mein Freund.
1080 2643 1700 2772 Die Summe stimmt?
1652 2732 2014 2836 Sie stimmt.
1134 2743 1498 2837 ANDREA:
2058 2785 2614 2893 Dies wär' erledigt.
1134 2810 1580 2932 CASAN OVA:
1080 2874 2628 3038 (In neuem Ton, in den Garten binausblickend, wo die tafelnden Gäste
1682 2964 2025 3086 sichtbar sind)
3792 424 3996 576 93 —
3082 529 4620 735 Und nun, es blinkt der Wein, die Schüsseln dampfen.
3097 670 4376 791 Ich denk', es wäre Zeit, zu Tisch zu gehn.
3169 753 4393 880 SANTIS: Noch nicht. Ihr Spruch zuerst.
4093 807 4626 928 Tat ich ihn nicht?
3161 847 3973 984 CASAN OVA (wie gelangweilt):
3095 905 4349 1038 Betrogen alle drei: Der Jüngling zweifach,
3107 999 4310 1113 Einfach die Fraun, auf ihre Weise jede.
3109 1070 4250 1195 So glich sich alles aus, und ich erkläre:
3113 1159 4131 1292 Uhgiltig war das ganze Abenteuer.
3172 1217 4641 1407 ANDREA: Das sagt sich leicht. Doch Sie vergessen
4426 1307 4632 1401 leider:
3101 1367 4560 1515 Noch stehn die Damen da mit Blanken Dolchen.
3163 1484 4637 1596 CASANOVA: Doch in der Dichtung nur. Denn in den
3124 1580 4637 1688 Des philosophischen Problems, mein Freund, [Höhn
3132 1630 4603 1771 Gibt’s weder Dolch noch Leidenschaft noch Mord.
3132 1713 4510 1863 Die Rechnung ist gelöst — gehn wir zu Tisch.
3174 1802 4595 1931 ANDREA (in kindischem Trotz ibm den Weg versperrend):
3126 1886 4506 2029 Gelöst ist das Problem, ich lass' es gelten.
3138 1967 4291 2108 Wie aber, frag' ich, endet die Novelle?
3144 2029 4495 2196 Wo, was einmal geschehn, nicht nach Belieben
3126 2152 4285 2279 Als ungeschehn sich abtun läßt, in der,
3144 2220 4243 2345 Da sie des Lebens treues Abbild ist,
3138 2270 4562 2424 Erinnerung nicht verlischt; Irrtum und Wahrheit
3157 2375 4453 2491 Sich wunderbar verschlingen, Leidenschaften
3151 2460 4339 2583 Ins Nah und Ferne weiterwirken, wo —
3149 2531 4339 2683 In der Novelle just so wie im Leben —
3157 2605 4497 2747 Es nicht an Dolchen fehlt, die blitzen, töten,
3167 2697 4672 2830 Und Waffen andrer Art, — an Blut und Tränen..
3228 2793 4302 2918 CASANOVA (zum Fenster binaussebend):
3161 2851 4687 2999 Rheinlachs mit grüner Sauce — es bleibt uns nichts!
3226 2945 4680 3084 ANDREA: Und wo — auf unsern Fall zurückzu-
4420 3016 4689 3124 kommen,
