6360 4904
1460 524 1982 717 Arthur Schnitzler
587 672 2861 885 führen, so habe ich jeden vorläufig in ein andres Zimmer geführt und die
578 782 1522 919 Türe hinter ihnen zugeschlossen.
678 870 1559 1009 Casanova: Gar eingesperrt?
1565 890 2444 1040 Das kann dir übel ausgehn.
700 955 1171 1066 Santis (zu Tito):
686 967 2863 1140 Tito: Eine halbe Stunde will ich sie wohl hinter Schloß und Riegel
593 1077 2863 1253 halten. Die Fenster gehn auf einen Hof, niemand wird sie hören, wenn sie
590 1165 2869 1344 etwa Lärm machen sollten. Indessen haben die Herrschaften Zeit, hier alles
595 1270 1415 1409 Notwendige zu beschließen.
700 1284 2217 1457 Teessa: Der Bursch gefällt mir. Casanova, höre,
610 1420 1959 1554 Den nehmen wir nach Wien als Diener mit.
706 1454 2798 1622 Casanova: Wir? Nein. Doch ich — ob just nach Wien, das wird
607 1565 1950 1681 Sich zeigen. Möglich auch — nach Lissabon
717 1653 2197 1806 Teresa (zu Tho): Du kommst nach Wien mit mir.
2223 1678 2679 1820 Nach Lissabon.
712 1769 1063 1863 Casanova:
723 1775 2180 1936 Teessa: Mach dich sofort bereit, wir fahren ab.
729 1854 2886 2016 Tito: Ist es denn wirklich wahr? Die berühmte Tänzerin Teresa will
624 1970 2047 2129 mich in ihre Dienste nehmen? Welches Glück!
729 1999 2328 2160 Casanova: Fürs erste bist du Diener bei uns beiden.
621 2135 1945 2254 Und später wählst du, wo du bleiben magst.
729 2197 2588 2367 Teresa: Nie soll er wählen — (zu Casanova) Ewig bin ich dein.
1517 2285 2021 2396 (Stürzt in seine Arme.)
740 2353 2245 2486 Gudar: Lang ist das Leben — kurz die Ewigkeit!
754 2432 2478 2611 Casanova: So mach dich fertig, Bursch, in einer Stunde
655 2529 1310 2673 Geht's auf die Reise.
1273 2586 2070 2727 Noch so lang? Warum?
760 2634 1015 2753 Teresa:
658 2682 1936 2835 Was kann in einer Stunde nicht geschehn?
748 2744 2495 2897 Casanova: And wenn die Hölle selbst mein Zögern straft,
655 2863 1778 2994 Ich reise nicht, eh' ich zu Mittag aß.
771 2920 2574 3067 Santis: Beim Gott des Sekts, der Trüffeln und Pasteten
678 3014 2211 3138 Er hat sich's wohl verdient. Und wir nicht minder.
669 3113 1936 3232 Zwar sind die besten Bissen schon verspeist
669 3181 1899 3297 Doch teilt's mit uns die göttliche Teresa,
669 3277 1851 3413 So nennen wir's ein königliches Mahl.
768 3297 2444 3513 Teresa: Wer kann da widerstehn? Ich speise mit...
1347 3422 2268 3521 (Mit einem Blick zu Anina und Flaminia)
678 3493 1984 3620 Wenn diese Schönen mir zur Seite bleiben.
998 3552 2651 3657 (Flaminia und Anina reichen ihr die Lände, die sie in ihren Händen behält.)
680 3612 2413 3754 Und eine Stunde nur, dann — (zu Casanova) mein Geliebter,
683 3697 1829 3833 In sausender Karosse fort nach Wien.
760 3742 2875 3926 (Durch die Türe rechts ab, Flaminia und Anna an der Hand führend, Santis und Gudar folgen.)
1582 3833 2050 3929 Casanova — Andrea.
780 3858 2946 4012 Casanova wollte auch folgen, wie er Andrea regungslos stehenbleiben steht, bleibt auch er an
695 3978 1449 4102 der Türe stehen): Und Sie?
774 4026 2571 4210 Andrea voma): Verziehn Sie nicht. Man geht zu Tische.
4326 417 4774 607 Die Schwestern
3510 522 5313 737 Casanova: Nicht ohne Sie, sonst denk' ich, daß Sie zürnen,
3405 697 4493 811 Und das verdürbe mir den Appetit.
3527 788 4355 893 Andrea: Ein guter Spaß.
3513 802 5109 964 Casanova (näher zu ihm): Ich bin Ihr Freund, Andrea.
3530 930 4865 1035 Andrea: Ich aber nicht der Ihre, Casanova.
3527 987 5313 1114 Casanova: Ein Schuldner mehr ist mir Gewinn und Ehre.
3538 1072 4936 1205 Stimmen (aus dem Park): Casanova! Casanova!
3538 1103 5347 1276 Andrea: So gehn Sie doch, man ruft Sie. Niemand mich.
3450 1233 4822 1372 Und so ist's recht. Hier ist nicht meine Welt.
3456 1315 4876 1443 Die Ihre ist's. Man ruft Sie, gehn Sie doch!
3538 1347 5259 1537 Casanova: Ob Sie mich auch zudringlich schelten mögen,
3450 1491 4664 1656 Ich lasse nimmer mit so wundem Herzen
3459 1582 3907 1704 Sie hier allein.
3558 1633 4692 1772 Andrea: Was kümmert Casanova
3456 1718 3924 1863 Andreas Herz!
3564 1746 4916 1916 Casanova: Gut; mag sich's mir verschließen.
3476 1871 4953 1993 Doch nenn' ich's Knabentrotz, wenn es verschmäht
3453 1948 4723 2084 Ersehnten Trost aus holdern Händen auch,
3476 1984 5083 2155 Als aus des unwillkommnen Freunds; — ihn dankbar
3476 2109 4732 2237 Aus der Geliebten Händen zu empfangen.
3564 2163 5055 2328 Andrea: Wie, Casanova, soll ich wirklich denken,
3481 2271 4692 2379 Daß dieses Tages schamlos grelles Licht
3487 2362 4638 2472 So wenig meiner Seele Grund erhellt
3490 2362 5627 2552 Für Ihr tiefschauend Aug’? (Seidenschaftlich, nicht bestig) Sie glauben, jemals
3479 2503 4652 2645 Vermöcht’ Andrea einem Weib, das er
3493 2566 4785 2719 Geliebt und das ihm untreu ward, versöhnt
3490 2645 4975 2798 Als Liebender zu nahn!! — Wie’s andre können,
3504 2730 4763 2869 Wie's, mir zum Staunen, Casanova kann,
3490 2798 4868 2946 Dem unter tausend Frau'n die Wahl gegönnt
3493 2912 4536 3036 Und der die allerungetreuste wählt.
3600 2948 4817 3133 Casanova (undefangen): Wen meinen Sie
4882 3019 5239 3172 Sie fragen
5273 3039 5659 3238 Ab, Teresa /
3615 3090 3898 3201 Andrea:
3617 3172 3963 3277 Casanova:
3515 3221 3912 3371 Nicht wahr?
3612 3238 5392 3402 Andrea (etwas verwirrt): Sie selbst, so schien es mir, gestand.
3617 3362 5208 3530 Casanova: Gestand. Nun ja, doch was Teresa mir
3521 3456 4831 3578 Auch zu gestehn und zu verschweigen hatte
3513 3490 5004 3677 Ich frage Sie, mein Freund, gibt's bess're Treue,
3527 3620 4933 3765 Gibt's, frag' ich klarer noch, gibt's eine andre
3527 3694 4953 3836 Auf Erden zwischen Mann und Weib, Andrea,
3527 3776 4542 3924 Als die Tresa eben mir bewies?
3535 3799 4990 4000 Sie kehrte mir zurück. Nur das ist Treue,
3527 3941 4743 4108 Die einz'ge, die mit fug so heißen darf.
