5272 4024
1695 331 1877 446 - 86 -
1087 438 1899 592 FLAMINIA: Andrea Bassi.
1837 537 2574 652 Doch es fehlt der Schluß.
1085 565 1376 679 ANINA:
1092 622 2570 733 SANTIS: Das eben ist's, den sollen Sie uns finden.
1081 713 2570 816 CASANOVA: Zwar weiß ich nicht — doch weiter
2234 784 2569 896 immerhin!
1079 843 2576 1004 SANTIS: Man unterbreche nicht. Zwei Schwestern
1028 964 2155 1098 Aus gutem Haus mit Garten, über den
2397 945 2580 1062 [also,
1021 1051 1752 1189 Die Nacht sich breitet —
1761 1106 2510 1244 Das kommt später erst.
1094 1138 1448 1242 ANDREA:
1094 1206 2587 1338 SANTIS: Nun bleibt's gesagt, und Casanova weiß es
1034 1281 2483 1418 Für später, wenn er’s braucht. Der Vater starb.
1051 1353 2449 1503 Woran? Wir wissen’s nicht, vielleicht, an Gift.
1104 1453 1979 1580 ANDREA: Das führt ja irre.
1930 1495 2582 1665 Doch die Mutter lebt,
1098 1550 1402 1654 SANTIS:
1043 1599 1890 1737 Die Schwestern jubeln drob.
1892 1637 2189 1813 Weshalb?
1106 1709 1459 1811 ANDREA:
2013 1773 2589 1896 Weshalb? (Mit Stolz)
1106 1794 1395 1903 SANTIS:
1064 1845 2234 1966 Weil’s ihnen an Verworfenheit gebricht.
1040 1935 2397 2075 Doch plötzlich eines Tags, wer hätt’s geahnt,
1064 2028 2272 2155 Verlobt sich einem Edelmann die jüngre.
1045 2117 1824 2243 O Bräutigam, o Seligkeit!
1106 2206 1956 2308 ANDREA (verzweifelt): Baron!
1106 2283 2586 2408 SANTIS: Zum Teufel den Baron, nun bin ich Dichter.
1058 2357 2242 2453 Genau wie Sie, und es behagt mir sehr.
1058 2448 1680 2555 Wo blieb ich stehn?
1125 2531 2381 2616 CASANOVA (böflich): Die eine ist verlobt.
1106 2587 2599 2689 SANTIS: Ganz recht. Verlobt die ein', indes die andre
1058 2680 2431 2803 Sich sehnsuchtsvoll auf keuschem Lager wälzt,
1125 2769 1984 2895 ANDREA: Wo soll das hin?
1790 2829 2606 2965 Nur weiter. Höchst poetisch
1130 2860 1550 2962 CASAN OVA:
1058 2928 2302 3086 Erzählt uns der Baron und spannungsvoll.
3744 316 3967 514 87 —
3130 472 4581 635 SANTIS: Da naht ein Jüngling, und in Lieb' ent¬
4252 565 4574 680 brennt sie,
3052 635 4385 781 Trotzdem die Mutter sie mit Macht behütet
3058 733 4381 869 Und mit der Schwester das Gemach sie teilt.
3105 828 3927 939 CASANOVA: Die Mutter?
3874 886 4485 1013 Nein, die Schwester.
3098 907 3402 1028 SANTIS:
4005 970 4562 1081 Dacht' ich’s doch.
3100 996 3538 1100 CASAN OVA:
3086 1049 4576 1206 SANTIS: Schon freut sie sich, der Unschuld holde
4315 1140 4574 1251 Blume,
3033 1227 4164 1349 Auf dem Altar der Liebe hinzuopfern,
3045 1280 4426 1452 Wie manche tat vor ihr und manche tun wird.
3100 1397 4020 1518 CASANOVA: Das walte Gott.
3805 1455 4544 1591 Doch anders kam es hier.
3086 1487 3406 1595 SANTIS:
3033 1565 4349 1656 Schon war der Tag der Hochzeit festgesetzt.
3100 1625 4551 1760 CASANOVA: An einem Tag für beide Schwestern
4341 1705 4538 1805 wohl
3088 1786 4562 1886 SANTIS: Nein, für die eine nur. Versammelt ist
3039 1869 4559 1986 Der Hochzeitsgäste Schar, die Braut geschmückt —
3039 1971 4205 2087 Doch einer fehlt, o Jammer ohne Maß:
3033 2047 4183 2158 Es wird der Bräutigam, ein Edelmann,
3037 2117 4194 2230 Durch dringende Geschäfte abgehalten.
3045 2196 4557 2321 Es schluchzt die Braut, der Mutter Tränen fließen;
3039 2296 4277 2395 Die Gäste flüstern: Welch-ein Bräutigam!
3058 2368 4162 2482 Und schütteln ihre Köpfe ohne Zahl.
3100 2465 3667 2589 ANDREA: Genug.
3648 2506 4504 2638 Wieso? Soeben fang' ich an.
3105 2544 3400 2648 SANTIS:
3111 2603 4559 2742 ANDREA: Und sind so tief in Unsinn schon ver¬
3037 2697 4277 2829 Daß nirgendwo ein Ende abzusehen.
4328 2684 4557 2795 [strickt,
3105 2771 4540 2886 SANTIS: Ein jeder wie er kann. Man dernt’s allmäh
3052 2846 4545 2986 Hätt’ ich geshnt, wie hübsch das Dichten ist, [lich,
3052 2950 4266 3109 Ich hätt’s in meiner Jugend schon geübt.
