<?xml version="1.0" encoding="UTF-8" standalone="yes"?>
<PcGts xmlns="http://schema.primaresearch.org/PAGE/gts/pagecontent/2013-07-15" xmlns:xsi="http://www.w3.org/2001/XMLSchema-instance" xsi:schemaLocation="http://schema.primaresearch.org/PAGE/gts/pagecontent/2013-07-15 http://schema.primaresearch.org/PAGE/gts/pagecontent/2013-07-15/pagecontent.xsd">
    <Metadata>
        <Creator>prov=READ-COOP:name=TrHtr:version=2.1.0:model_id=51170:date=29_07_2023_23:52</Creator>
        <Created>2023-05-10T13:13:44.824+02:00</Created>
        <LastChange>2023-07-29T23:52:25.614+02:00</LastChange>
        <TranskribusMetadata docId="1428569" pageId="55409875" pageNr="63" tsid="131470363" status="IN_PROGRESS" userId="64420" imgUrl="https://files.transkribus.eu/Get?id=XXYMXIRTWQUDGGERKVEDNZBB&amp;fileType=view" xmlUrl="https://files.transkribus.eu/Get?id=UGSXNEPXVWZCAMUCYISFALSR" imageId="44684018"/>
    </Metadata>
    <Page imageFilename="1428569_0063.jpg" imageWidth="6344" imageHeight="4776">
        <ReadingOrder>
            <OrderedGroup id="ro_1711793584219" caption="Regions reading order">
                <RegionRefIndexed index="0" regionRef="tr_1"/>
            </OrderedGroup>
        </ReadingOrder>
        <TextRegion id="tr_1" custom="readingOrder {index:0;}">
            <Coords points="722,445 5796,445 5796,4027 722,4027"/>
            <TextLine id="tr_1_tl_1" custom="readingOrder {index:0;}">
                <Coords points="1639,559 1680,540 1751,559 1819,504 1885,540 1937,523 2107,537 2107,452 2044,425 2008,444 1899,427 1860,463 1776,444 1726,411 1639,419"/>
                <Baseline points="1653,501 1743,501 1832,495 1922,495 2011,501 2101,501 2113,501"/>
                <TextEquiv>
                    <Unicode>Arthur Schnitzler,</Unicode>
                </TextEquiv>
            </TextLine>
            <TextLine id="tr_1_tl_2" custom="readingOrder {index:1;}">
                <Coords points="4414,545 4463,543 4496,518 4562,551 4633,521 4663,545 4746,529 4784,553 4864,545 4864,447 4784,416 4759,430 4647,389 4579,422 4414,419"/>
                <Baseline points="4429,507 4519,507 4608,507 4698,507 4787,507 4871,507"/>
                <TextEquiv>
                    <Unicode>Die Schwestern</Unicode>
                </TextEquiv>
            </TextLine>
            <TextLine id="tr_1_tl_3" custom="readingOrder {index:2;}">
                <Coords points="849,649 2471,660 2471,562 2189,534 1417,586 849,537"/>
                <Baseline points="865,626 955,626 1044,626 1134,626 1223,626 1313,626 1402,620 1492,620 1582,620 1671,620 1761,620 1850,620 1940,626 2029,626 2119,626 2208,632 2298,626 2388,626 2477,632 2483,626"/>
                <TextEquiv>
                    <Unicode>Anina: Ich leid' es nicht. Den Degen fort, Andrea.</Unicode>
                </TextEquiv>
            </TextLine>
            <TextLine id="tr_1_tl_4" custom="readingOrder {index:3;}">
                <Coords points="3532,649 5036,669 5039,510 4872,573 4524,589 3970,537 3817,581 3535,521"/>
                <Baseline points="3546,626 3635,638 3725,638 3814,638 3904,638 3993,638 4083,638 4173,638 4262,632 4352,638 4441,632 4531,632 4620,632 4710,632 4799,626 4889,632 4978,626 5044,632"/>
                <TextEquiv>
                    <Unicode>Man kreuzte wohl die Klingen? — Doch warum?</Unicode>
                </TextEquiv>
            </TextLine>
            <TextLine id="tr_1_tl_5" custom="readingOrder {index:4;}">
                <Coords points="756,712 2192,737 2192,671 2104,644 1282,636 1225,680 1178,638 756,633"/>
                <Baseline points="770,698 859,704 949,710 1038,704 1128,704 1217,698 1307,704 1396,704 1486,704 1576,704 1665,704 1755,698 1844,704 1934,704 2023,704 2113,704 2196,710"/>
                <TextEquiv>
                    <Unicode>Vergaßest du? Du hast das Recht nicht mehr,</Unicode>
                </TextEquiv>
            </TextLine>
            <TextLine id="tr_1_tl_6" custom="readingOrder {index:5;}">
                <Coords points="3507,729 5072,764 5231,748 5231,644 3507,666"/>
                <Baseline points="3522,716 3534,716 3623,716 3713,716 3802,716 3892,716 3981,716 4071,716 4161,716 4250,716 4340,710 4429,716 4519,710 4608,710 4698,710 4787,710 4877,716 4967,716 5056,716 5146,710 5235,710"/>
                <TextEquiv>
                    <Unicode>Und wer mit wem? Drei Degen seh' ich nackt. (zu Gudar)</Unicode>
                </TextEquiv>
            </TextLine>
            <TextLine id="tr_1_tl_7" custom="readingOrder {index:6;}">
                <Coords points="743,822 1060,827 1140,784 1628,844 1767,797 1904,849 2165,817 2192,732 740,710"/>
                <Baseline points="758,776 847,782 937,782 1026,782 1116,782 1205,782 1295,782 1385,788 1474,782 1564,782 1653,782 1743,782 1832,782 1922,788 2011,788 2101,788 2190,794 2196,794"/>
                <TextEquiv>
                    <Unicode>Für mich zu töten; hast das Recht noch minder,</Unicode>
                </TextEquiv>
            </TextLine>
            <TextLine id="tr_1_tl_8" custom="readingOrder {index:7;}">
                <Coords points="3532,800 4831,797 4831,743 4639,721 4466,762 4348,726 3532,732"/>
                <Baseline points="3546,799 3582,799 3671,794 3761,794 3850,799 3940,794 4029,794 4119,794 4208,794 4298,794 4387,794 4477,788 4567,788 4656,788 4746,788 4835,788"/>
                <TextEquiv>
                    <Unicode>Wahrlich zu rechter Zeit, Herr von Gudar.</Unicode>
                </TextEquiv>
            </TextLine>
            <TextLine id="tr_1_tl_9" custom="readingOrder {index:8;}">
                <Coords points="762,896 838,896 901,860 1030,896 1066,874 1104,896 1260,877 1291,904 1321,885 1378,901 1378,806 1359,800 1302,822 1277,800 1225,817 1134,795 1060,825 1003,795 762,800"/>
                <Baseline points="776,865 847,859 937,859 1026,865 1116,865 1205,859 1295,859 1385,859"/>
                <TextEquiv>
                    <Unicode>Für mich zu sterben.</Unicode>
                </TextEquiv>
            </TextLine>
            <TextLine id="tr_1_tl_10" custom="readingOrder {index:9;}">
                <Coords points="3537,929 3978,877 4962,904 5050,874 5050,795 3537,814"/>
                <Baseline points="3552,871 3641,871 3731,877 3820,877 3910,871 3999,871 4089,871 4179,871 4268,871 4358,871 4447,871 4537,865 4626,865 4716,865 4805,871 4895,865 4984,865 5056,871"/>
                <TextEquiv>
                    <Unicode>Was gab’s? Gibt niemand Antwort? Casanova</Unicode>
                </TextEquiv>
            </TextLine>
            <TextLine id="tr_1_tl_11" custom="readingOrder {index:10;}">
                <Coords points="1375,948 1562,945 1699,981 1841,951 1915,975 2011,940 2107,959 2110,877 2052,880 1970,827 1822,885 1759,863 1699,882 1666,855 1617,877 1378,871"/>
                <Baseline points="1391,943 1480,943 1570,943 1659,943 1749,943 1838,937 1928,937 2017,931 2107,949 2113,949"/>
                <TextEquiv>
                    <Unicode>Törin du, für dich —?!</Unicode>
                </TextEquiv>
            </TextLine>
            <TextLine id="tr_1_tl_12" custom="readingOrder {index:11;}">
                <Coords points="836,956 923,962 997,945 1017,962 1060,954 1107,975 1126,967 1123,896 1080,888 1028,899 1003,880 967,871 937,882 910,866 833,874"/>
                <Baseline points="847,937 937,937 1026,937 1116,943 1134,943"/>
                <TextEquiv>
                    <Unicode>Andrea:</Unicode>
                </TextEquiv>
            </TextLine>
            <TextLine id="tr_1_tl_13" custom="readingOrder {index:12;}">
                <Coords points="3614,970 4242,1006 4748,951 4877,1017 5146,1017 5201,1000 5203,885 3614,915"/>
                <Baseline points="3629,949 3719,955 3808,955 3898,955 3987,955 4077,955 4167,955 4256,955 4346,955 4435,949 4525,949 4614,949 4704,949 4793,955 4883,955 4973,955 5062,949 5152,955 5205,955"/>
                <TextEquiv>
                    <Unicode>Casanova: Ich denke, wenn hier wer zu fragen hat,</Unicode>
                </TextEquiv>
            </TextLine>
            <TextLine id="tr_1_tl_14" custom="readingOrder {index:13;}">
                <Coords points="762,1033 2022,1066 2022,945 1249,978 1195,937 1096,970 762,926"/>
                <Baseline points="776,1014 865,1014 955,1014 1044,1020 1134,1020 1223,1026 1313,1020 1402,1020 1492,1020 1582,1020 1671,1020 1761,1020 1850,1026 1940,1026 2029,1032"/>
                <TextEquiv>
                    <Unicode>Wähnst du, es ginge wirklich nur um dich,</Unicode>
                </TextEquiv>
            </TextLine>
            <TextLine id="tr_1_tl_15" custom="readingOrder {index:14;}">
                <Coords points="3537,1066 3633,1066 3674,1041 3776,1063 3817,1049 3836,1069 3891,1052 4036,1077 4129,1069 4129,984 4047,970 3537,978"/>
                <Baseline points="3552,1038 3599,1032 3689,1032 3779,1032 3868,1032 3958,1032 4047,1032 4137,1032"/>
                <TextEquiv>
                    <Unicode>Ich wär's, nicht du.</Unicode>
                </TextEquiv>
            </TextLine>
            <TextLine id="tr_1_tl_16" custom="readingOrder {index:15;}">
                <Coords points="756,1112 1808,1126 1808,1041 1496,1060 1389,1025 1326,1060 1208,1030 1096,1060 1000,1022 896,1052 756,1030"/>
                <Baseline points="770,1092 859,1098 949,1098 1038,1098 1128,1098 1217,1098 1307,1098 1396,1098 1486,1098 1576,1098 1665,1098 1755,1104 1814,1098"/>
                <TextEquiv>
                    <Unicode>Wo Casanova und Andrea fechten?</Unicode>
                </TextEquiv>
            </TextLine>
            <TextLine id="tr_1_tl_17" custom="readingOrder {index:16;}">
                <Coords points="4115,1121 4214,1123 4283,1162 4455,1112 4699,1132 4784,1118 4787,1036 4653,1063 4606,1025 4535,1069 4436,1036 4392,1052 4283,989 4118,997"/>
                <Baseline points="4131,1110 4161,1110 4250,1110 4340,1110 4429,1104 4519,1110 4608,1104 4698,1104 4787,1104"/>
                <TextEquiv>
                    <Unicode>Geliebter, Angetreuer!</Unicode>
                </TextEquiv>
            </TextLine>
            <TextLine id="tr_1_tl_18" custom="readingOrder {index:17;}">
                <Coords points="3625,1167 3685,1143 3721,1170 3754,1159 3781,1167 3798,1151 3817,1164 3844,1154 3905,1164 3902,1055 3872,1060 3850,1049 3841,1058 3822,1047 3776,1060 3746,1041 3707,1058 3674,1038 3650,1058 3622,1063"/>
                <Baseline points="3641,1110 3731,1110 3820,1116 3910,1116"/>
                <TextEquiv>
                    <Unicode>Teresa:</Unicode>
                </TextEquiv>
            </TextLine>
            <TextLine id="tr_1_tl_19" custom="readingOrder {index:18;}">
                <Coords points="4403,1178 4562,1195 4600,1173 4929,1184 4929,1080 4869,1074 4699,1132 4403,1118"/>
                <Baseline points="4417,1170 4489,1170 4578,1164 4668,1164 4758,1164 4847,1164 4937,1158"/>
                <TextEquiv>
                    <Unicode>(Ihn wieder umarmend)</Unicode>
                </TextEquiv>
            </TextLine>
            <TextLine id="tr_1_tl_20" custom="readingOrder {index:19;}">
                <Coords points="756,1230 970,1186 2208,1211 2187,1107 756,1112"/>
                <Baseline points="770,1176 859,1176 949,1182 1038,1182 1128,1176 1217,1176 1307,1176 1396,1182 1486,1182 1576,1182 1665,1188 1755,1182 1844,1182 1934,1188 2023,1182 2113,1182 2202,1182 2214,1188"/>
                <TextEquiv>
                    <Unicode>Ein größrer Kampf ist's, der sich hier entscheidet.</Unicode>
                </TextEquiv>
            </TextLine>
            <TextLine id="tr_1_tl_21" custom="readingOrder {index:20;}">
                <Coords points="3537,1269 4937,1260 4937,1181 3537,1162"/>
                <Baseline points="3552,1247 3599,1247 3689,1247 3779,1247 3868,1247 3958,1241 4047,1241 4137,1241 4226,1235 4316,1235 4405,1241 4495,1241 4584,1241 4674,1241 4764,1241 4853,1235 4943,1241"/>
                <TextEquiv>
                    <Unicode>Ich hab' ihn wieder — und so frag' ich nichts.</Unicode>
                </TextEquiv>
            </TextLine>
            <TextLine id="tr_1_tl_22" custom="readingOrder {index:21;}">
                <Coords points="833,1271 2488,1291 2419,1192 833,1208"/>
                <Baseline points="847,1253 937,1259 1026,1259 1116,1259 1205,1259 1295,1259 1385,1259 1474,1259 1564,1259 1653,1259 1743,1259 1832,1265 1922,1259 2011,1265 2101,1271 2190,1271 2280,1265 2370,1265 2459,1265 2495,1271"/>
                <TextEquiv>
                    <Unicode>Casanova: Sie überschätzen, fürcht' ich fast, uns beide.</Unicode>
                </TextEquiv>
            </TextLine>
            <TextLine id="tr_1_tl_23" custom="readingOrder {index:22;}">
                <Coords points="3524,1351 4033,1359 4258,1315 4776,1348 4891,1329 4891,1247 3524,1285"/>
                <Baseline points="3540,1325 3552,1325 3641,1325 3731,1325 3820,1325 3910,1319 3999,1319 4089,1319 4179,1319 4268,1313 4358,1313 4447,1319 4537,1313 4626,1319 4716,1319 4805,1313 4895,1313"/>
                <TextEquiv>
                    <Unicode>Die Klingen eingesteckt — was es auch gab!</Unicode>
                </TextEquiv>
            </TextLine>
            <TextLine id="tr_1_tl_24" custom="readingOrder {index:23;}">
                <Coords points="743,1343 1288,1386 1375,1351 2110,1367 2110,1293 2063,1282 956,1291 743,1244"/>
                <Baseline points="758,1337 847,1337 937,1337 1026,1337 1116,1337 1205,1337 1295,1343 1385,1343 1474,1343 1564,1343 1653,1343 1743,1343 1832,1343 1922,1343 2011,1343 2101,1343 2113,1343"/>
                <TextEquiv>
                    <Unicode>Jedoch Ihr Wort ist hübsch, und einer soll's</Unicode>
                </TextEquiv>
            </TextLine>
            <TextLine id="tr_1_tl_25" custom="readingOrder {index:24;}">
                <Coords points="3535,1428 3921,1452 4157,1400 4250,1455 4757,1400 4858,1436 5003,1419 5006,1318 3537,1343"/>
                <Baseline points="3552,1408 3582,1408 3671,1402 3761,1402 3850,1402 3940,1402 4029,1402 4119,1402 4208,1396 4298,1396 4387,1396 4477,1396 4567,1396 4656,1396 4746,1396 4835,1396 4925,1391 5014,1391"/>
                <TextEquiv>
                    <Unicode>Freut euch mit mir, mehr Glück ist in der Welt!</Unicode>
                </TextEquiv>
            </TextLine>
            <TextLine id="tr_1_tl_26" custom="readingOrder {index:25;}">
                <Coords points="743,1460 2129,1447 2129,1373 1978,1351 743,1362"/>
                <Baseline points="758,1414 847,1420 937,1420 1026,1420 1116,1420 1205,1414 1295,1414 1385,1420 1474,1420 1564,1420 1653,1420 1743,1420 1832,1426 1922,1420 2011,1420 2101,1426 2137,1426"/>
                <TextEquiv>
                    <Unicode>Ich hoffe, Sie — der Nachwelt aufbewahren.</Unicode>
                </TextEquiv>
            </TextLine>
            <TextLine id="tr_1_tl_27" custom="readingOrder {index:26;}">
                <Coords points="3633,1540 5642,1526 5790,1493 5790,1414 3633,1430"/>
                <Baseline points="3647,1498 3737,1498 3826,1498 3916,1498 4005,1492 4095,1492 4184,1492 4274,1498 4364,1492 4453,1492 4543,1492 4632,1492 4722,1486 4811,1486 4901,1486 4990,1486 5080,1492 5170,1492 5259,1486 5349,1486 5438,1486 5528,1486 5617,1480 5707,1480 5796,1474"/>
                <TextEquiv>
                    <Unicode>Casanova (tellweise belustigt, teilweise ärgerlich): Wie sagst du: „Ungetreuer“?</Unicode>
                </TextEquiv>
            </TextLine>
            <TextLine id="tr_1_tl_28" custom="readingOrder {index:27;}">
                <Coords points="1584,1502 1858,1493 1929,1510 1997,1493 2091,1512 2124,1493 2124,1447 1959,1436 1839,1455 1745,1425 1723,1447 1628,1433 1584,1449"/>
                <Baseline points="1599,1486 1683,1480 1773,1480 1862,1480 1952,1486 2041,1480 2131,1480"/>
                <TextEquiv>
                    <Unicode>(Sie beginnen zu fechten.</Unicode>
                </TextEquiv>
            </TextLine>
            <TextLine id="tr_1_tl_29" custom="readingOrder {index:28;}">
                <Coords points="775,1562 2973,1556 2932,1496 2307,1458 773,1488"/>
                <Baseline points="788,1528 877,1528 967,1528 1056,1528 1146,1528 1235,1534 1325,1528 1414,1534 1504,1534 1593,1534 1683,1540 1773,1534 1862,1534 1952,1540 2041,1540 2131,1540 2220,1540 2310,1540 2399,1540 2489,1540 2579,1540 2668,1540 2758,1540 2847,1546 2937,1546 2979,1546"/>
                <TextEquiv>
                    <Unicode>(Draußen sind die Gäste von der Tafel aufgestanden, nähern sich dem Fenster, einige schauen hinein.)</Unicode>
                </TextEquiv>
            </TextLine>
            <TextLine id="tr_1_tl_30" custom="readingOrder {index:29;}">
                <Coords points="5398,1611 5480,1614 5518,1592 5559,1611 5595,1608 5639,1586 5691,1619 5781,1617 5784,1488 5738,1510 5710,1496 5639,1526 5609,1507 5543,1526 5491,1518 5455,1493 5401,1515"/>
                <Baseline points="5414,1564 5432,1564 5522,1570 5611,1564 5701,1564 5790,1558"/>
                <TextEquiv>
                    <Unicode>Du zu mir?</Unicode>
                </TextEquiv>
            </TextLine>
            <TextLine id="tr_1_tl_31" custom="readingOrder {index:30;}">
                <Coords points="844,1630 2954,1663 2954,1567 2861,1551 844,1554"/>
                <Baseline points="859,1599 949,1605 1038,1605 1128,1605 1217,1605 1307,1605 1396,1605 1486,1599 1576,1605 1665,1605 1755,1605 1844,1611 1934,1599 2023,1611 2113,1611 2202,1605 2292,1605 2382,1611 2471,1599 2561,1605 2650,1611 2740,1611 2829,1611 2919,1611 2961,1611"/>
                <TextEquiv>
                    <Unicode>Die Gäste: Wie? — Seht doch! — Was? — Oh! — Ein Duell?! —</Unicode>
                </TextEquiv>
            </TextLine>
            <TextLine id="tr_1_tl_32" custom="readingOrder {index:31;}">
                <Coords points="3644,1666 5384,1663 5384,1589 5173,1543 4935,1600 4666,1545 4189,1603 3644,1556"/>
                <Baseline points="3659,1653 3689,1647 3779,1653 3868,1653 3958,1653 4047,1653 4137,1653 4226,1647 4316,1647 4405,1647 4495,1647 4584,1647 4674,1647 4764,1647 4853,1647 4943,1647 5032,1641 5122,1641 5211,1641 5301,1641 5390,1641"/>
                <TextEquiv>
                    <Unicode>Teesa: Wie denn? Warst du nicht ungetreu? Haft du</Unicode>
                </TextEquiv>
            </TextLine>
            <TextLine id="tr_1_tl_33" custom="readingOrder {index:32;}">
                <Coords points="2477,1732 2532,1721 2630,1756 2691,1737 2811,1751 2866,1732 2863,1622 2756,1644 2682,1625 2611,1647 2529,1617 2474,1647"/>
                <Baseline points="2489,1695 2579,1689 2668,1695 2758,1695 2847,1695 2871,1695"/>
                <TextEquiv>
                    <Unicode>Zum Spaß!</Unicode>
                </TextEquiv>
            </TextLine>
            <TextLine id="tr_1_tl_34" custom="readingOrder {index:33;}">
                <Coords points="3548,1745 5222,1770 5222,1671 5113,1658 3696,1691 3548,1641"/>
                <Baseline points="3564,1737 3617,1731 3707,1731 3796,1731 3886,1725 3976,1725 4065,1725 4155,1731 4244,1731 4334,1725 4423,1725 4513,1725 4602,1725 4692,1725 4781,1725 4871,1725 4961,1725 5050,1725 5140,1731 5229,1725"/>
                <TextEquiv>
                    <Unicode>Dich nicht — ich weiß nicht wie — aus meinem Herzen</Unicode>
                </TextEquiv>
            </TextLine>
            <TextLine id="tr_1_tl_35" custom="readingOrder {index:34;}">
                <Coords points="748,1767 2266,1767 2241,1680 2181,1718 1929,1663 1302,1696 748,1655"/>
                <Baseline points="764,1749 853,1749 943,1749 1032,1743 1122,1749 1211,1749 1301,1749 1391,1749 1480,1749 1570,1755 1659,1749 1749,1743 1838,1755 1928,1755 2017,1755 2107,1755 2196,1761 2274,1755"/>
                <TextEquiv>
                    <Unicode>Famos! — Nein, es ist Ernst! — Sie fechten gut!</Unicode>
                </TextEquiv>
            </TextLine>
            <TextLine id="tr_1_tl_36" custom="readingOrder {index:35;}">
                <Coords points="3548,1825 4647,1808 4822,1844 4822,1754 4716,1740 4244,1740 4165,1778 3935,1729 3548,1745"/>
                <Baseline points="3564,1808 3653,1808 3743,1814 3832,1808 3922,1802 4011,1808 4101,1802 4190,1802 4280,1808 4370,1808 4459,1808 4549,1802 4638,1802 4728,1802 4817,1814 4829,1814"/>
                <TextEquiv>
                    <Unicode>Davongestohlen? — und mein armes Herz</Unicode>
                </TextEquiv>
            </TextLine>
            <TextLine id="tr_1_tl_37" custom="readingOrder {index:36;}">
                <Coords points="743,1836 2055,1860 2055,1778 1713,1748 1556,1792 1480,1756 1055,1803 973,1762 743,1773"/>
                <Baseline points="758,1826 847,1826 937,1826 1026,1832 1116,1826 1205,1826 1295,1832 1385,1832 1474,1832 1564,1832 1653,1832 1743,1832 1832,1832 1922,1832 2011,1832 2059,1832"/>
                <TextEquiv>
                    <Unicode>Natürlich — Casanova! — Und der andre?</Unicode>
                </TextEquiv>
            </TextLine>
            <TextLine id="tr_1_tl_38" custom="readingOrder {index:37;}">
                <Coords points="3548,1907 4773,1896 4773,1839 4647,1808 4455,1847 3548,1825"/>
                <Baseline points="3564,1892 3617,1892 3707,1892 3796,1886 3886,1886 3976,1886 4065,1886 4155,1886 4244,1886 4334,1886 4423,1886 4513,1892 4602,1880 4692,1886 4781,1880"/>
                <TextEquiv>
                    <Unicode>War leer mit einemmal, stand offen da —</Unicode>
                </TextEquiv>
            </TextLine>
            <TextLine id="tr_1_tl_39" custom="readingOrder {index:38;}">
                <Coords points="743,1915 2189,1945 2260,1926 2260,1822 2063,1825 1948,1888 1770,1839 743,1839"/>
                <Baseline points="758,1904 847,1904 937,1910 1026,1904 1116,1898 1205,1904 1295,1910 1385,1910 1474,1916 1564,1910 1653,1910 1743,1916 1832,1916 1922,1910 2011,1916 2101,1922 2190,1922 2268,1916"/>
                <TextEquiv>
                    <Unicode>Wer ist's? — Ein hübscher Mensch! — So jung!</Unicode>
                </TextEquiv>
            </TextLine>
            <TextLine id="tr_1_tl_40" custom="readingOrder {index:39;}">
                <Coords points="2343,1926 2376,1940 2458,1929 2493,1956 2559,1932 2595,1951 2666,1926 2756,1937 2756,1850 2608,1847 2556,1869 2510,1844 2499,1855 2458,1833 2444,1847 2411,1839 2392,1819 2340,1822"/>
                <Baseline points="2358,1910 2447,1916 2537,1916 2626,1916 2716,1916 2764,1916"/>
                <TextEquiv>
                    <Unicode>Nur weiter!</Unicode>
                </TextEquiv>
            </TextLine>
            <TextLine id="tr_1_tl_41" custom="readingOrder {index:40;}">
                <Coords points="3639,1965 4050,2017 4170,1976 4411,2017 4505,1978 4773,1976 4773,1907 4707,1899 4483,1902 4436,1937 4285,1899 3954,1929 3639,1904"/>
                <Baseline points="3653,1964 3743,1970 3832,1970 3922,1970 4011,1970 4101,1964 4190,1970 4280,1970 4370,1964 4459,1970 4549,1964 4638,1964 4728,1964 4776,1964"/>
                <TextEquiv>
                    <Unicode>Casanova: Und ließ wen andern ein.</Unicode>
                </TextEquiv>
            </TextLine>
            <TextLine id="tr_1_tl_42" custom="readingOrder {index:41;}">
                <Coords points="748,2011 921,1989 1112,2025 1189,2000 1282,2025 1556,2014 1556,1926 1433,1948 1321,1918 1271,1956 1164,1910 1047,1913 1017,1940 748,1915"/>
                <Baseline points="764,1982 853,1988 943,1988 1032,1988 1122,1988 1211,1988 1301,1988 1391,1988 1480,1993 1564,1988"/>
                <TextEquiv>
                    <Unicode>still die Musik! Warum?</Unicode>
                </TextEquiv>
            </TextLine>
            <TextLine id="tr_1_tl_43" custom="readingOrder {index:42;}">
                <Coords points="4765,2055 4861,2069 5066,2044 5261,2069 5291,2050 5384,2077 5384,1970 5316,1981 5277,1948 5170,1981 5118,1951 5072,1978 4957,1959 4883,1997 4836,1973 4765,1984"/>
                <Baseline points="4781,2041 4853,2041 4943,2041 5032,2041 5122,2041 5211,2041 5301,2041 5390,2035"/>
                <TextEquiv>
                    <Unicode>Ich weiß nicht mehr.</Unicode>
                </TextEquiv>
            </TextLine>
            <TextLine id="tr_1_tl_44" custom="readingOrder {index:43;}">
                <Coords points="3644,2058 3661,2055 3699,2077 3748,2063 3787,2063 3800,2077 3839,2058 3847,2066 3896,2066 3896,1992 3861,1987 3839,1997 3820,1987 3789,1995 3768,1987 3754,2000 3688,1987 3644,1992"/>
                <Baseline points="3659,2047 3749,2047 3838,2047 3904,2047"/>
                <TextEquiv>
                    <Unicode>Teresa:</Unicode>
                </TextEquiv>
            </TextLine>
            <TextLine id="tr_1_tl_45" custom="readingOrder {index:44;}">
                <Coords points="838,2091 874,2085 888,2096 910,2077 929,2096 945,2085 956,2091 997,2077 1014,2091 1044,2093 1041,2003 1008,2011 970,1997 940,2006 921,1989 904,1989 882,2006 836,2008"/>
                <Baseline points="853,2065 943,2065 1032,2071 1050,2071"/>
                <TextEquiv>
                    <Unicode>Lord:</Unicode>
                </TextEquiv>
            </TextLine>
            <TextLine id="tr_1_tl_46" custom="readingOrder {index:45;}">
                <Coords points="1603,2088 1770,2080 1803,2102 1871,2060 1929,2091 1962,2077 2036,2118 2104,2129 2156,2110 2154,2000 2132,1995 2099,2019 2022,1989 1951,2014 1888,1987 1839,2008 1795,1992 1743,2019 1704,1995 1603,1989"/>
                <Baseline points="1617,2071 1707,2065 1796,2071 1886,2071 1976,2071 2065,2071 2155,2083 2161,2083"/>
                <TextEquiv>
                    <Unicode>Go on! Go on!</Unicode>
                </TextEquiv>
            </TextLine>
            <TextLine id="tr_1_tl_47" custom="readingOrder {index:46;}">
                <Coords points="3532,2165 5000,2143 5000,2055 4751,2063 4674,2017 4187,2011 4074,2071 3822,2088 3532,2055"/>
                <Baseline points="3546,2125 3635,2131 3725,2131 3814,2131 3904,2125 3993,2125 4083,2125 4173,2125 4262,2119 4352,2125 4441,2125 4531,2119 4620,2125 4710,2119 4799,2119 4889,2119 4978,2119 5008,2125"/>
                <TextEquiv>
                    <Unicode>Was fragst du auch? Bin ich nicht wieder da?</Unicode>
                </TextEquiv>
            </TextLine>
            <TextLine id="tr_1_tl_48" custom="readingOrder {index:47;}">
                <Coords points="756,2165 1877,2170 1852,2069 1803,2102 1565,2091 1488,2041 1282,2107 1069,2060 1014,2091 756,2080"/>
                <Baseline points="770,2143 859,2143 949,2143 1038,2143 1128,2143 1217,2143 1307,2143 1396,2143 1486,2149 1576,2149 1665,2149 1755,2149 1844,2149 1880,2155"/>
                <TextEquiv>
                    <Unicode>I bad on Casanova hundert ducats!</Unicode>
                </TextEquiv>
            </TextLine>
            <TextLine id="tr_1_tl_49" custom="readingOrder {index:48;}">
                <Coords points="3639,2247 3913,2219 4036,2255 4159,2203 4590,2252 4592,2137 3641,2145"/>
                <Baseline points="3653,2208 3701,2208 3790,2208 3880,2208 3970,2202 4059,2202 4149,2202 4238,2202 4328,2208 4417,2202 4507,2202 4596,2196"/>
                <TextEquiv>
                    <Unicode>Casanova: Und wo der andre?</Unicode>
                </TextEquiv>
            </TextLine>
            <TextLine id="tr_1_tl_50" custom="readingOrder {index:49;}">
                <Coords points="1030,2222 2704,2241 2704,2132 2466,2113 2132,2181 1030,2148"/>
                <Baseline points="1044,2208 1134,2208 1223,2208 1313,2214 1402,2214 1492,2214 1582,2214 1671,2214 1761,2214 1850,2214 1940,2214 2029,2214 2119,2214 2208,2220 2298,2220 2388,2220 2477,2220 2567,2220 2656,2220 2710,2226"/>
                <TextEquiv>
                    <Unicode>(Plötzlich öffnet sich die Tür rechts, Gudar tritt ein, überschaut die Situation.)</Unicode>
                </TextEquiv>
            </TextLine>
            <TextLine id="tr_1_tl_51" custom="readingOrder {index:50;}">
                <Coords points="4598,2280 5102,2318 5157,2288 5384,2304 5384,2217 5168,2151 5129,2187 4987,2151 4894,2219 4732,2195 4707,2219 4598,2214"/>
                <Baseline points="4614,2280 4674,2280 4764,2274 4853,2274 4943,2274 5032,2280 5122,2274 5211,2274 5301,2274 5390,2268"/>
                <TextEquiv>
                    <Unicode>Tot! Wie Rhampsinit —</Unicode>
                </TextEquiv>
            </TextLine>
            <TextLine id="tr_1_tl_52" custom="readingOrder {index:51;}">
                <Coords points="833,2315 2189,2307 2189,2233 2126,2225 1019,2239 945,2189 833,2222"/>
                <Baseline points="847,2274 937,2280 1026,2280 1116,2286 1205,2286 1295,2286 1385,2286 1474,2280 1564,2274 1653,2286 1743,2286 1832,2286 1922,2286 2011,2286 2101,2286 2190,2280 2196,2280"/>
                <TextEquiv>
                    <Unicode>Gudar: Was gilt's? — Zur rechten Zeit! —</Unicode>
                </TextEquiv>
            </TextLine>
            <TextLine id="tr_1_tl_53" custom="readingOrder {index:52;}">
                <Coords points="3650,2299 3751,2304 3776,2291 3825,2324 3839,2313 3874,2324 3907,2318 3910,2233 3883,2230 3872,2239 3858,2225 3828,2219 3811,2219 3787,2244 3732,2239 3715,2222 3652,2233"/>
                <Baseline points="3665,2286 3731,2286 3820,2286 3910,2280"/>
                <TextEquiv>
                    <Unicode>Teresa:</Unicode>
                </TextEquiv>
            </TextLine>
            <TextLine id="tr_1_tl_54" custom="readingOrder {index:53;}">
                <Coords points="1315,2365 1965,2389 2008,2359 2080,2398 2422,2359 2422,2302 1315,2307"/>
                <Baseline points="1331,2352 1355,2346 1444,2346 1534,2346 1623,2346 1713,2352 1802,2346 1892,2352 1982,2346 2071,2352 2161,2352 2250,2346 2340,2346 2429,2346"/>
                <TextEquiv>
                    <Unicode>(Tritt zwischen sie, schlägt ihre Degen auseinander.)</Unicode>
                </TextEquiv>
            </TextLine>
            <TextLine id="tr_1_tl_55" custom="readingOrder {index:54;}">
                <Coords points="3548,2373 4751,2373 4751,2307 4636,2285 3548,2307"/>
                <Baseline points="3564,2370 3593,2364 3683,2370 3773,2364 3862,2364 3952,2364 4041,2358 4131,2364 4220,2358 4310,2358 4399,2358 4489,2364 4578,2364 4668,2358 4758,2358"/>
                <TextEquiv>
                    <Unicode>Wie Alexander — wie mein Urgroßohm</Unicode>
                </TextEquiv>
            </TextLine>
            <TextLine id="tr_1_tl_56" custom="readingOrder {index:55;}">
                <Coords points="2211,2455 2324,2461 2433,2441 2554,2477 2619,2458 2652,2485 2710,2482 2710,2362 2650,2373 2595,2354 2545,2378 2502,2354 2474,2376 2387,2356 2343,2381 2211,2362"/>
                <Baseline points="2226,2423 2316,2423 2405,2429 2495,2423 2585,2429 2674,2429 2716,2429"/>
                <TextEquiv>
                    <Unicode>Herein, Teresa!</Unicode>
                </TextEquiv>
            </TextLine>
            <TextLine id="tr_1_tl_57" custom="readingOrder {index:56;}">
                <Coords points="3543,2474 4332,2450 4452,2502 4737,2502 4740,2376 3546,2378"/>
                <Baseline points="3558,2447 3582,2447 3671,2447 3761,2447 3850,2447 3940,2441 4029,2441 4119,2441 4208,2441 4298,2441 4387,2441 4477,2441 4567,2441 4656,2441 4746,2435"/>
                <TextEquiv>
                    <Unicode>Und andre, die in ihren Gräbern liegen.</Unicode>
                </TextEquiv>
            </TextLine>
            <TextLine id="tr_1_tl_58" custom="readingOrder {index:57;}">
                <Coords points="726,2499 973,2515 1228,2485 1304,2513 1562,2515 1559,2378 1532,2367 1310,2384 1228,2436 1025,2354 723,2359"/>
                <Baseline points="740,2471 829,2477 919,2477 1008,2477 1098,2483 1188,2477 1277,2483 1367,2483 1456,2483 1546,2483 1570,2489"/>
                <TextEquiv>
                    <Unicode>Hier ist er, den Sie suchen!</Unicode>
                </TextEquiv>
            </TextLine>
            <TextLine id="tr_1_tl_59" custom="readingOrder {index:58;}">
                <Coords points="3543,2534 3847,2559 3918,2537 3965,2562 4042,2534 4348,2567 4351,2450 4288,2474 4020,2447 3896,2480 3546,2471"/>
                <Baseline points="3558,2525 3635,2525 3725,2525 3814,2525 3904,2525 3993,2525 4083,2525 4173,2525 4262,2519 4352,2513"/>
                <TextEquiv>
                    <Unicode>Was kümmern Tote dich?</Unicode>
                </TextEquiv>
            </TextLine>
            <TextLine id="tr_1_tl_60" custom="readingOrder {index:59;}">
                <Coords points="833,2562 2995,2584 2995,2488 2726,2469 2184,2540 833,2491"/>
                <Baseline points="847,2549 937,2561 1026,2561 1116,2561 1205,2561 1295,2561 1385,2561 1474,2561 1564,2561 1653,2561 1743,2561 1832,2567 1922,2567 2011,2567 2101,2573 2190,2573 2280,2573 2370,2573 2459,2573 2549,2573 2638,2573 2728,2579 2817,2573 2907,2579 2996,2585 3002,2585"/>
                <TextEquiv>
                    <Unicode>Teresa (nur eine kurze Sekunde an der Tür stehenbleibend, dann auf Casanova zu): Casanowa!</Unicode>
                </TextEquiv>
            </TextLine>
            <TextLine id="tr_1_tl_61" custom="readingOrder {index:60;}">
                <Coords points="4332,2606 4409,2636 4521,2603 4579,2630 4688,2600 4757,2625 4844,2603 4899,2617 4902,2524 4858,2537 4803,2507 4768,2524 4699,2496 4644,2529 4551,2485 4502,2515 4439,2504 4389,2537 4335,2524"/>
                <Baseline points="4346,2596 4370,2596 4459,2602 4549,2596 4638,2596 4728,2596 4817,2596 4907,2590"/>
                <TextEquiv>
                    <Unicode>Liegt er im Grab?</Unicode>
                </TextEquiv>
            </TextLine>
            <TextLine id="tr_1_tl_62" custom="readingOrder {index:61;}">
                <Coords points="3644,2611 3680,2625 3740,2619 3789,2636 3858,2611 3888,2630 3987,2614 3987,2556 3937,2554 3921,2540 3872,2559 3798,2554 3740,2532 3702,2545 3685,2534 3672,2548 3644,2540"/>
                <Baseline points="3659,2596 3749,2602 3838,2602 3928,2602 3993,2596"/>
                <TextEquiv>
                    <Unicode>Casanova:</Unicode>
                </TextEquiv>
            </TextLine>
            <TextLine id="tr_1_tl_63" custom="readingOrder {index:62;}">
                <Coords points="737,2674 1893,2663 1945,2655 1945,2581 737,2584"/>
                <Baseline points="752,2638 841,2638 931,2644 1020,2638 1110,2644 1199,2644 1289,2644 1379,2644 1468,2644 1558,2644 1647,2644 1737,2644 1826,2644 1916,2644 1952,2644"/>
                <TextEquiv>
                    <Unicode>Hab' ich dich wieder, mein Geliebter du!</Unicode>
                </TextEquiv>
            </TextLine>
            <TextLine id="tr_1_tl_64" custom="readingOrder {index:63;}">
                <Coords points="3650,2685 3787,2724 5028,2674 5154,2721 5157,2600 3652,2617"/>
                <Baseline points="3665,2680 3731,2680 3820,2680 3910,2680 3999,2680 4089,2680 4179,2680 4268,2680 4358,2680 4447,2674 4537,2680 4626,2680 4716,2680 4805,2674 4895,2674 4984,2674 5074,2674 5164,2668"/>
                <TextEquiv>
                    <Unicode>Teessa: Biel tiefer! In Vergessenheit. Und nun</Unicode>
                </TextEquiv>
            </TextLine>
            <TextLine id="tr_1_tl_65" custom="readingOrder {index:64;}">
                <Coords points="1562,2715 1817,2715 1891,2745 1989,2707 2014,2724 2137,2724 2137,2669 2036,2669 1992,2641 1921,2666 1825,2652 1765,2674 1732,2655 1652,2672 1562,2661"/>
                <Baseline points="1576,2698 1665,2704 1755,2704 1844,2704 1934,2704 2023,2704 2113,2704 2143,2704"/>
                <TextEquiv>
                    <Unicode>(Sie stürzt in seine Arme.)</Unicode>
                </TextEquiv>
            </TextLine>
            <TextLine id="tr_1_tl_66" custom="readingOrder {index:65;}">
                <Coords points="3548,2781 5129,2814 5384,2778 5384,2672 3548,2696"/>
                <Baseline points="3564,2752 3599,2758 3689,2764 3779,2764 3868,2764 3958,2764 4047,2764 4137,2764 4226,2764 4316,2764 4405,2758 4495,2758 4584,2758 4674,2758 4764,2758 4853,2758 4943,2758 5032,2752 5122,2752 5211,2752 5301,2752 5390,2740"/>
                <TextEquiv>
                    <Unicode>Nichts mehr, wenn du mich liebst. Frag’ ich? Und könnte</Unicode>
                </TextEquiv>
            </TextLine>
            <TextLine id="tr_1_tl_67" custom="readingOrder {index:66;}">
                <Coords points="819,2795 2888,2795 2888,2718 2759,2693 1236,2740 819,2658"/>
                <Baseline points="835,2764 925,2770 1014,2770 1104,2776 1194,2776 1283,2782 1373,2776 1462,2776 1552,2776 1641,2776 1731,2782 1820,2782 1910,2776 1999,2782 2089,2782 2179,2787 2268,2787 2358,2787 2447,2782 2537,2782 2626,2782 2716,2782 2805,2782 2895,2782"/>
                <TextEquiv>
                    <Unicode>Die Gäfte (am Fenster): Ein Spaß! — Hab' ich's gesagt! — O demned!</Unicode>
                </TextEquiv>
            </TextLine>
            <TextLine id="tr_1_tl_68" custom="readingOrder {index:67;}">
                <Coords points="3562,2872 3603,2888 3647,2869 3696,2874 3737,2899 3817,2880 3858,2899 3905,2885 3943,2904 3946,2789 3907,2800 3863,2773 3814,2778 3792,2759 3737,2795 3677,2776 3622,2781 3609,2767 3565,2781"/>
                <Baseline points="3576,2841 3593,2847 3683,2847 3773,2847 3862,2841 3952,2829"/>
                <TextEquiv>
                    <Unicode>Nicht wahr</Unicode>
                </TextEquiv>
            </TextLine>
            <TextLine id="tr_1_tl_69" custom="readingOrder {index:68;}">
                <Coords points="2587,2907 2650,2915 2680,2904 2743,2935 2858,2915 2855,2798 2792,2792 2778,2806 2767,2798 2743,2806 2584,2800"/>
                <Baseline points="2602,2865 2692,2865 2782,2871 2865,2871"/>
                <TextEquiv>
                    <Unicode>Vorbei!</Unicode>
                </TextEquiv>
            </TextLine>
            <TextLine id="tr_1_tl_70" custom="readingOrder {index:69;}">
                <Coords points="3989,2913 4707,2893 4842,2937 5132,2888 5285,2940 5370,2929 5370,2787 5154,2833 5022,2784 4639,2836 4546,2789 4425,2828 4283,2795 4220,2850 3989,2847"/>
                <Baseline points="4005,2889 4035,2889 4125,2883 4214,2883 4304,2883 4393,2883 4483,2883 4573,2883 4662,2883 4752,2883 4841,2883 4931,2883 5020,2883 5110,2883 5199,2883 5289,2877 5378,2877"/>
                <TextEquiv>
                    <Unicode>(Zu den andern, insbesondere zu Anina und Flaminia gewendet)</Unicode>
                </TextEquiv>
            </TextLine>
            <TextLine id="tr_1_tl_71" custom="readingOrder {index:70;}">
                <Coords points="734,2935 827,2924 858,2954 1112,2926 1214,2954 1296,2929 1438,2956 1512,2924 1510,2844 1400,2852 1348,2811 1318,2833 1249,2819 1206,2852 964,2833 899,2863 789,2828 732,2852"/>
                <Baseline points="746,2907 835,2913 925,2919 1014,2919 1104,2919 1194,2919 1283,2919 1373,2925 1462,2925 1516,2919"/>
                <TextEquiv>
                    <Unicode>Wer ist das kleine Ding?</Unicode>
                </TextEquiv>
            </TextLine>
            <TextLine id="tr_1_tl_72" custom="readingOrder {index:71;}">
                <Coords points="1608,2932 1737,2959 1786,2929 1913,2959 1992,2937 2343,2956 2340,2825 2192,2872 2080,2844 1921,2882 1803,2833 1737,2852 1608,2830"/>
                <Baseline points="1623,2919 1713,2925 1802,2925 1892,2925 1982,2925 2071,2925 2161,2925 2250,2931 2340,2931 2346,2931"/>
                <TextEquiv>
                    <Unicode>Man kann sich's denken!</Unicode>
                </TextEquiv>
            </TextLine>
            <TextLine id="tr_1_tl_73" custom="readingOrder {index:72;}">
                <Coords points="4020,3017 4206,3014 4294,2978 4362,3000 4406,2976 4773,2978 4773,2899 4669,2893 4636,2924 4343,2891 4020,2910"/>
                <Baseline points="4035,2967 4065,2967 4155,2961 4244,2961 4334,2955 4423,2961 4513,2961 4602,2949 4692,2949 4781,2955"/>
                <TextEquiv>
                    <Unicode>Ich könnte auch — (rasch)</Unicode>
                </TextEquiv>
            </TextLine>
            <TextLine id="tr_1_tl_74" custom="readingOrder {index:73;}">
                <Coords points="732,3025 940,3006 1107,3077 1384,2995 2351,3039 2441,3030 2439,2932 729,2937"/>
                <Baseline points="746,2990 835,2996 925,2996 1014,3002 1104,3002 1194,3002 1283,3002 1367,2996 1414,2990 1504,2996 1593,3002 1683,3002 1773,3002 1862,3002 1952,2996 2041,3002 2131,3008 2220,3008 2310,3014 2399,3014 2447,3014"/>
                <TextEquiv>
                    <Unicode>Wird nichts daraus? — Wie schade! — Fortgeschmauft!</Unicode>
                </TextEquiv>
            </TextLine>
            <TextLine id="tr_1_tl_75" custom="readingOrder {index:74;}">
                <Coords points="4636,3050 4932,3083 5074,3033 5118,3058 5253,3041 5253,2973 5033,2951 5006,2926 4951,2956 4855,2929 4762,2978 4636,2970"/>
                <Baseline points="4650,3026 4740,3032 4829,3032 4919,3032 5008,3032 5098,3032 5187,3032 5259,3032"/>
                <TextEquiv>
                    <Unicode>Doch tu' ich's nicht.</Unicode>
                </TextEquiv>
            </TextLine>
            <TextLine id="tr_1_tl_76" custom="readingOrder {index:75;}">
                <Coords points="1370,3085 2326,3099 2324,3025 2017,3044 1932,3003 1504,3030 1367,2992"/>
                <Baseline points="1385,3056 1474,3062 1564,3062 1653,3062 1743,3068 1832,3062 1922,3068 2011,3068 2101,3068 2190,3068 2280,3074 2334,3074"/>
                <TextEquiv>
                    <Unicode>(Sie entfernen sich allmählich vom Fenster.)</Unicode>
                </TextEquiv>
            </TextLine>
            <TextLine id="tr_1_tl_77" custom="readingOrder {index:76;}">
                <Coords points="3540,3178 4644,3129 4644,3044 4483,3022 4132,3006 3973,3066 3543,3003"/>
                <Baseline points="3558,3122 3576,3122 3665,3122 3755,3122 3844,3122 3934,3122 4023,3122 4113,3122 4202,3122 4292,3116 4381,3116 4471,3116 4561,3116 4650,3110"/>
                <TextEquiv>
                    <Unicode>Ich hab' dich wieder, so ist alles gut</Unicode>
                </TextEquiv>
            </TextLine>
            <TextLine id="tr_1_tl_78" custom="readingOrder {index:77;}">
                <Coords points="819,3143 2833,3187 2830,3099 2680,3074 817,3083"/>
                <Baseline points="835,3128 925,3128 1014,3134 1104,3134 1194,3134 1283,3134 1373,3134 1462,3134 1552,3134 1641,3140 1731,3134 1820,3140 1910,3140 1999,3140 2089,3140 2179,3146 2268,3152 2358,3146 2447,3146 2537,3146 2626,3152 2716,3152 2805,3152 2841,3152"/>
                <TextEquiv>
                    <Unicode>Teresa saus Casanovas Armen): Ich hoffe, die Gesellschaft wird verzeihn.</Unicode>
                </TextEquiv>
            </TextLine>
            <TextLine id="tr_1_tl_79" custom="readingOrder {index:78;}">
                <Coords points="4283,3203 4809,3178 5091,3200 5094,3083 5017,3074 4968,3113 4864,3072 4792,3110 4743,3096 4669,3137 4529,3146 4283,3135"/>
                <Baseline points="4298,3182 4381,3176 4471,3176 4561,3170 4650,3176 4740,3170 4829,3170 4919,3170 5008,3170 5098,3170"/>
                <TextEquiv>
                    <Unicode>(In einem andern, bestimmtern Ton)</Unicode>
                </TextEquiv>
            </TextLine>
            <TextLine id="tr_1_tl_80" custom="readingOrder {index:79;}">
                <Coords points="712,3241 2176,3233 2176,3162 2030,3154 712,3159"/>
                <Baseline points="728,3205 817,3211 907,3211 996,3211 1086,3211 1176,3211 1265,3217 1355,3217 1444,3217 1534,3211 1623,3217 1713,3217 1802,3217 1892,3223 1982,3217 2071,3217 2161,3223 2179,3217"/>
                <TextEquiv>
                    <Unicode>Bekannte auch? — Flaminia! Teure Freundin!</Unicode>
                </TextEquiv>
            </TextLine>
            <TextLine id="tr_1_tl_81" custom="readingOrder {index:80;}">
                <Coords points="3562,3274 5102,3291 5102,3209 5017,3178 4491,3209 4198,3162 3918,3195 3847,3151 3562,3192"/>
                <Baseline points="3576,3253 3587,3253 3677,3253 3767,3253 3856,3253 3946,3253 4035,3253 4125,3253 4214,3247 4304,3253 4393,3247 4483,3247 4573,3247 4662,3247 4752,3241 4841,3241 4931,3247 5020,3247 5110,3247"/>
                <TextEquiv>
                    <Unicode>Und nun, mein Liebster, rasch von deinen Freunden,</Unicode>
                </TextEquiv>
            </TextLine>
            <TextLine id="tr_1_tl_82" custom="readingOrder {index:81;}">
                <Coords points="1521,3332 1688,3326 1734,3291 1932,3343 1981,3321 2178,3324 2178,3241 1518,3233"/>
                <Baseline points="1534,3283 1623,3277 1713,3283 1802,3283 1892,3283 1982,3283 2071,3283 2161,3289 2185,3289"/>
                <TextEquiv>
                    <Unicode>(Sie umarmt sie. Zu Santis):</Unicode>
                </TextEquiv>
            </TextLine>
            <TextLine id="tr_1_tl_83" custom="readingOrder {index:82;}">
                <Coords points="729,3343 743,3343 756,3359 770,3348 822,3359 877,3343 899,3354 915,3340 964,3343 967,3236 954,3233 934,3250 899,3236 882,3241 852,3222 817,3247 792,3225 732,3233"/>
                <Baseline points="746,3331 794,3331 883,3331 973,3325"/>
                <TextEquiv>
                    <Unicode>Baron!</Unicode>
                </TextEquiv>
            </TextLine>
            <TextLine id="tr_1_tl_84" custom="readingOrder {index:83;}">
                <Coords points="3567,3362 4009,3343 4154,3381 4379,3340 4521,3398 4765,3335 4954,3365 4954,3285 4883,3255 4603,3293 4283,3250 4181,3296 4124,3258 3567,3274"/>
                <Baseline points="3582,3331 3671,3337 3761,3331 3850,3337 3940,3331 4029,3337 4119,3331 4208,3331 4298,3331 4387,3331 4477,3331 4567,3331 4656,3325 4746,3325 4835,3325 4925,3325 4961,3331"/>
                <TextEquiv>
                    <Unicode>So wert sie dir und mir, Abschied genommen.</Unicode>
                </TextEquiv>
            </TextLine>
            <TextLine id="tr_1_tl_85" custom="readingOrder {index:84;}">
                <Coords points="825,3428 967,3447 1003,3425 1030,3439 1126,3414 1189,3458 1356,3444 1356,3332 1271,3351 1184,3310 1140,3340 1099,3321 956,3365 888,3343 825,3357"/>
                <Baseline points="841,3408 931,3408 1020,3408 1110,3414 1199,3414 1289,3414 1361,3414"/>
                <TextEquiv>
                    <Unicode>Santis: Teresa!</Unicode>
                </TextEquiv>
            </TextLine>
            <TextLine id="tr_1_tl_86" custom="readingOrder {index:85;}">
                <Coords points="3567,3441 3595,3430 3628,3450 3666,3422 3715,3422 3748,3439 3798,3425 3858,3450 3888,3433 3946,3441 3987,3417 4022,3436 4033,3343 3937,3343 3915,3362 3896,3348 3869,3365 3806,3337 3754,3370 3631,3343 3567,3362"/>
                <Baseline points="3582,3408 3671,3414 3761,3414 3850,3414 3940,3414 4029,3414 4041,3408"/>
                <TextEquiv>
                    <Unicode>Wir reisen ab!</Unicode>
                </TextEquiv>
            </TextLine>
            <TextLine id="tr_1_tl_87" custom="readingOrder {index:86;}">
                <Coords points="3661,3496 4009,3504 4132,3554 4337,3515 4452,3557 4716,3496 4716,3384 4368,3436 3661,3425"/>
                <Baseline points="3677,3492 3737,3492 3826,3498 3916,3492 4005,3498 4095,3498 4184,3492 4274,3492 4364,3492 4453,3492 4543,3492 4632,3486 4722,3480"/>
                <TextEquiv>
                    <Unicode>Casanova (lachend): Wie meinst du?</Unicode>
                </TextEquiv>
            </TextLine>
            <TextLine id="tr_1_tl_88" custom="readingOrder {index:87;}">
                <Coords points="814,3546 847,3557 858,3543 891,3554 912,3535 1000,3543 1025,3540 1038,3524 1052,3532 1066,3518 1085,3518 1085,3417 1030,3439 989,3430 970,3447 945,3436 918,3444 860,3422 841,3439 814,3436"/>
                <Baseline points="829,3492 919,3492 1008,3492 1092,3498"/>
                <TextEquiv>
                    <Unicode>Teresa:</Unicode>
                </TextEquiv>
            </TextLine>
            <TextLine id="tr_1_tl_89" custom="readingOrder {index:88;}">
                <Coords points="1334,3507 1633,3507 1655,3526 1830,3510 1904,3532 1932,3510 1965,3529 2011,3515 2008,3450 1943,3452 1858,3414 1680,3422 1523,3373 1332,3422"/>
                <Baseline points="1349,3492 1438,3498 1528,3492 1617,3498 1707,3498 1796,3498 1886,3498 1976,3498 2017,3504"/>
                <TextEquiv>
                    <Unicode>Ja, so trifft man sich.</Unicode>
                </TextEquiv>
            </TextLine>
            <TextLine id="tr_1_tl_90" custom="readingOrder {index:89;}">
                <Coords points="1315,3578 2299,3578 2395,3622 2392,3510 2343,3483 2137,3513 2052,3485 1965,3529 1312,3504"/>
                <Baseline points="1331,3558 1420,3552 1510,3558 1599,3558 1689,3558 1779,3564 1868,3564 1958,3564 2047,3564 2137,3570 2226,3570 2316,3570 2399,3570"/>
                <TextEquiv>
                    <Unicode>(Mit leichter Verbeugung vor Andrea und Anina)</Unicode>
                </TextEquiv>
            </TextLine>
            <TextLine id="tr_1_tl_91" custom="readingOrder {index:90;}">
                <Coords points="4748,3562 4798,3592 4888,3578 4916,3598 4935,3578 5014,3584 5033,3567 5116,3592 5135,3578 5233,3592 5233,3480 5214,3474 5072,3502 4946,3480 4885,3507 4833,3463 4748,3466"/>
                <Baseline points="4764,3558 4853,3564 4943,3564 5032,3564 5122,3564 5211,3564 5241,3558"/>
                <TextEquiv>
                    <Unicode>Vor dem Tor —</Unicode>
                </TextEquiv>
            </TextLine>
            <TextLine id="tr_1_tl_92" custom="readingOrder {index:91;}">
                <Coords points="3669,3578 3724,3600 3737,3589 3751,3600 3773,3592 3792,3598 3803,3587 3828,3600 3891,3587 3926,3595 3926,3502 3905,3499 3869,3524 3844,3504 3787,3524 3768,3507 3707,3513 3669,3499"/>
                <Baseline points="3683,3576 3755,3570 3844,3576 3934,3570"/>
                <TextEquiv>
                    <Unicode>Teresa:</Unicode>
                </TextEquiv>
            </TextLine>
            <TextLine id="tr_1_tl_93" custom="readingOrder {index:92;}">
                <Coords points="718,3647 1855,3661 1830,3573 1337,3578 1184,3524 715,3551"/>
                <Baseline points="734,3623 823,3629 913,3623 1002,3623 1092,3623 1182,3623 1271,3629 1361,3629 1450,3623 1540,3629 1629,3629 1719,3635 1808,3635 1862,3629"/>
                <TextEquiv>
                    <Unicode>Teresa heiß' ich, Tänz'rin aus Neapel.</Unicode>
                </TextEquiv>
            </TextLine>
            <TextLine id="tr_1_tl_94" custom="readingOrder {index:93;}">
                <Coords points="3562,3691 5264,3677 5236,3587 4666,3540 3562,3587"/>
                <Baseline points="3576,3659 3659,3653 3749,3653 3838,3659 3928,3659 4017,3653 4107,3653 4196,3647 4286,3653 4376,3653 4465,3647 4555,3647 4644,3647 4734,3647 4823,3647 4913,3647 5002,3647 5092,3641 5181,3647 5271,3641"/>
                <TextEquiv>
                    <Unicode>Nicht wahr, Gudar, Sie sahn ihn — steht mein Wagen.</Unicode>
                </TextEquiv>
            </TextLine>
            <TextLine id="tr_1_tl_95" custom="readingOrder {index:94;}">
                <Coords points="833,3737 1493,3710 2466,3778 2463,3650 2354,3611 1858,3674 833,3636"/>
                <Baseline points="847,3707 937,3701 1026,3707 1116,3707 1205,3707 1295,3707 1385,3707 1474,3707 1564,3707 1653,3713 1743,3713 1832,3713 1922,3713 2011,3719 2101,3719 2190,3719 2280,3725 2370,3725 2459,3725 2471,3725"/>
                <TextEquiv>
                    <Unicode>Gudar (Rellt vor): Hier Herr Andrea Bassi aus Ferrara</Unicode>
                </TextEquiv>
            </TextLine>
            <TextLine id="tr_1_tl_96" custom="readingOrder {index:95;}">
                <Coords points="3661,3743 5313,3748 5335,3644 3661,3674"/>
                <Baseline points="3677,3737 3731,3731 3820,3731 3910,3731 3999,3731 4089,3731 4179,3731 4268,3731 4358,3731 4447,3731 4537,3731 4626,3725 4716,3725 4805,3725 4895,3719 4984,3725 5074,3725 5164,3725 5253,3719 5343,3719"/>
                <TextEquiv>
                    <Unicode>Gudar: Und welch ein Wagen und wie reich bespannt!</Unicode>
                </TextEquiv>
            </TextLine>
            <TextLine id="tr_1_tl_97" custom="readingOrder {index:96;}">
                <Coords points="712,3792 1850,3822 1850,3757 1770,3721 712,3721"/>
                <Baseline points="728,3784 817,3784 907,3784 996,3784 1086,3784 1176,3784 1265,3784 1355,3784 1444,3790 1534,3784 1623,3784 1713,3790 1802,3790 1856,3790"/>
                <TextEquiv>
                    <Unicode>Und Frau Anina, seine schöne Gattin.</Unicode>
                </TextEquiv>
            </TextLine>
            <TextLine id="tr_1_tl_98" custom="readingOrder {index:97;}">
                <Coords points="3661,3820 5173,3852 5496,3814 5496,3713 4258,3773 3661,3735"/>
                <Baseline points="3677,3814 3713,3808 3802,3814 3892,3814 3981,3814 4071,3814 4161,3808 4250,3808 4340,3808 4429,3808 4519,3808 4608,3802 4698,3802 4787,3802 4877,3802 4967,3808 5056,3808 5146,3808 5235,3808 5325,3802 5414,3802 5504,3808"/>
                <TextEquiv>
                    <Unicode>Teresa (zu Casanova): Du hast nur eben Zeit, rasch einzupacken,</Unicode>
                </TextEquiv>
            </TextLine>
            <TextLine id="tr_1_tl_99" custom="readingOrder {index:98;}">
                <Coords points="814,3907 2770,3896 2767,3820 2392,3768 2230,3839 811,3803"/>
                <Baseline points="829,3868 919,3868 1008,3868 1098,3868 1188,3868 1277,3868 1367,3868 1456,3868 1546,3874 1635,3868 1725,3874 1814,3874 1904,3874 1993,3874 2083,3874 2173,3880 2262,3886 2352,3886 2441,3886 2531,3886 2620,3892 2710,3892 2776,3892"/>
                <TextEquiv>
                    <Unicode>Teresa: Ja, wahrlich schön! (Zu Andrea) Erlauben Sie, mein Herr?</Unicode>
                </TextEquiv>
            </TextLine>
            <TextLine id="tr_1_tl_100" custom="readingOrder {index:99;}">
                <Coords points="3573,3924 4669,3891 4905,3954 4954,3943 4957,3831 3576,3833"/>
                <Baseline points="3587,3898 3617,3898 3707,3898 3796,3898 3886,3892 3976,3898 4065,3892 4155,3892 4244,3892 4334,3886 4423,3886 4513,3886 4602,3892 4692,3886 4781,3886 4871,3886 4961,3892"/>
                <TextEquiv>
                    <Unicode>Wir müssen gleich davon. Bin auf dem Weg</Unicode>
                </TextEquiv>
            </TextLine>
            <TextLine id="tr_1_tl_101" custom="readingOrder {index:100;}">
                <Coords points="1603,3962 1773,3943 1806,3959 1937,3948 1956,3965 1981,3948 2041,3951 2063,3968 2082,3962 2080,3891 1951,3902 1891,3885 1855,3905 1808,3888 1740,3899 1677,3877 1600,3891"/>
                <Baseline points="1617,3928 1707,3934 1796,3934 1886,3934 1976,3934 2065,3940 2089,3940"/>
                <TextEquiv>
                    <Unicode>(Sie umarmt Anina.)</Unicode>
                </TextEquiv>
            </TextLine>
            <TextLine id="tr_1_tl_102" custom="readingOrder {index:101;}">
                <Coords points="3570,4009 3778,3981 3899,4033 4017,3987 4735,3992 4735,3894 3573,3924"/>
                <Baseline points="3587,3976 3665,3981 3755,3981 3844,3976 3934,3976 4023,3976 4113,3976 4202,3976 4292,3970 4381,3970 4471,3976 4561,3970 4650,3970 4740,3970"/>
                <TextEquiv>
                    <Unicode>Nach Wien ans kaiserliche Hoftheater.</Unicode>
                </TextEquiv>
            </TextLine>
            <TextLine id="tr_1_tl_103" custom="readingOrder {index:102;}">
                <Coords points="707,4011 1091,4061 1529,4020 1633,4080 2143,4061 2143,3935 1543,3962 1428,3907 1206,3905 707,3951"/>
                <Baseline points="722,3999 811,3999 901,3999 991,3999 1080,4005 1170,4005 1259,4005 1349,3999 1438,3999 1528,4005 1617,4005 1707,4011 1796,4011 1886,4017 1976,4011 2065,4011 2149,4017"/>
                <TextEquiv>
                    <Unicode>Und nun, was gab’s? Worin hab’ ich gestört?</Unicode>
                </TextEquiv>
            </TextLine>
        </TextRegion>
    </Page>
</PcGts>
