5224 3848
951 433 2112 554 Wie übler Herberg Rauch, drin ich genä-
939 524 2305 630 In meinen Haaren unverwelklich mit —.—?
1004 622 2393 715 ANDREA: Währt auch die Qual und bleibt
1453 685 2465 803 Schuld bestehn,
949 765 2404 890 Noch einmal, dünkt mich; gibt das Schicksal um###
956 852 2353 949 Frei zu erwägen, ob wir beide nicht —
960 939 2423 1044 Du schlimmes Wort— ich schlimmres Tun verzeihn
1017 1021 2324 1114 ANINA: Verzeihn —!
1023 1068 2398 1194 ANDREA: Verstehn denn und vergessen wollen
1028 1180 2465 1294 ANINA: Vergessen —? Wie! Ist ungesprochen jetzt
956 1260 2402 1364 Der Worte Schmähschwall, der mich übergoß?
951 1347 2478 1455 Sind sie nun ungedacht, die Haßgedanken,
962 1425 2416 1529 Drin wie in dumpf geballter Nebel Treiben
951 1497 2463 1632 Mein Wesen deinem Blicke sich verlor###
1015 1575 2471 1734 ANDREA: Doch wenn ich’s wiederfände — wie
1846 1664 2476 1770 du mein's
1017 1719 2491 1850 ANINA: Wie kann ich's jemals und wie konntest
1842 1822 2482 1939 nicht alles schrös!
975 1898 2484 2008 Nimmt er nicht die Erinnerung jener Stunde,
968 2004 2452 2101 Den Duft von meinem Leib, von meinen Küssen
962 2099 2429 2180 Den Nachgeschmack, der Seutzer Wonnehauch
975 2152 2450 2275 Für ewig mit —!
1011 2252 2486 2336 ANDREA: Doch nicht dein Bild, Anna
975 2323 2397 2442 So bleibt Geheimnis zwischen dir und mir,
992 2412 2359 2512 Was heute nacht geschah; und schwören wir
992 2474 2408 2584 Von dieser Stund' ab Schweigen und Vergessen
981 2562 2488 2689 Einander zu — so ist es nie geschehn.
1023 2641 2518 2748 ANINA: Genest, weil Eitelkeit des Stachek ledig,
975 2719 2463 2839 Ein Herz so rasch, das todverwundet schien!
992 2801 2491 2951 Nun erst verlor ich dich! — Fahr hin!
1226 2884 2510 3032 (Sie nimmt ihren Mantel um; voll:geben.)
3180 565 4338 685 deine Antwort? Meiner Liebe die!
3119 655 4537 765 ANINA: Ich habe keine andre. Laß mich fort.
3138 744 4231 842 ANDREA: Wo willst du hin?
3112 833 3397 928 ANINA:
3651 806 4609 949 Dorthin, wo, du nicht bist.
3119 896 3861 1015 ANDREA: Doch er!
3119 960 4584 1083 ANINA: Was geht's dich an! Laß mich vorbei!
3102 1053 4260 1182 ANDREA: So weiß ich, daß du logst.
3793 1131 4364 1266 Niemals.
3095 1142 3592 1279 ANINA:
3723 1180 4548 1334 Du liebst ihn.
3108 1226 3526 1338 ANDREA:
3114 1304 4548 1408 ANINA: Jetzt lieb’ ich ihn... und nun erst wird
3102 1378 4573 1522 ANDREA: Wär's nicht enteilt! [es Glück.
3812 1465 4567 1569 Ich hol' es mir zurück.
3108 1467 3421 1564 ANINA:
3091 1537 4548 1645 ANDREA: Wenn ich nicht schneller wäre, dem Ent¬
3049 1622 4560 1725 Als Bote deiner Liebe, doch zugleich. [flohnen
3061 1713 4429 1812 Ein Künder ernstrer Botschaft zu erscheinen.
3114 1787 4546 1892 ANINA: Empfing er sie, wo wäre dein Gewinn!
3049 1869 4518 1983 Wenn du ihn auch erschlügst, vor aller Welt
3036 1960 4489 2066 Bekennt' ich mich als seiner Lust Gefährtin; —
3061 2027 4514 2154 Und schlug' er dich — die blut'ge Hand, Andrea,
3055 2121 4292 2214 Die mich von dir erlöste, wollt' ich küssen!
3119 2197 4556 2298 ANDREA: Renn'in dein Unheil denn, der Weg ist frei!
3061 2271 4560 2402 (Er öffnet selbst die Tür rechts, in diesem Augenblich tritt Flaminia ein.)
3406 2353 4529 2469 Andrea — Anina — Flaminia.
3119 2434 4565 2581 FLAMINIA: Ei, schönen Dank! Das ist mir ein
3884 2512 4562 2634 Empfang!
3061 2560 4577 2706 Grad wie bei Hof, wenn’s auch nicht so gemeint war.
3040 2672 4548 2803 Zum Ausgeh'n schon bereit —? Das trifft sich gut
3066 2774 4207 2863 Die andern lassen allzu lange warten.
3049 2846 4374 2954 Drum, wollt' ich fragen, ob wir nicht indes
3066 2922 4387 3063 Selbdritt uns an die Tafel setzen wollten —!
