6013 4696
1599 408 1934 530 zur Schnitzler
674 499 1761 666 im werten Publiko was zu erzählen,
565 623 1732 714 Es gäbe mancherlei. So bietet mir
570 700 2005 817 Dreitausend Gulden Herr Jan Groth im Haag
570 788 1883 881 Für eine Schild'rung meiner Kerkerhaft
565 870 1828 968 Und wunderbaren Flucht und Rettung an.
1955 830 2111 968 G.H.F.P.
660 934 2438 1053 Andrea: Dreitausend? Und Sie schlugen aus! Warum?
674 1019 2334 1127 Casanova: Nur ungern bin ich meiner Taten Herold.
679 1098 2286 1186 Andrea: Davon war gestern abend nichts zu merken.
674 1183 2382 1279 Casanova: Ein Spötter gar? So raten Sie mir selbst,
576 1231 2061 1358 Wie widersteht man schöner Frau'n Bestürmung?
565 1340 2000 1443 Sie hörten's. Man entriß mir den Bericht —
589 1401 2050 1520 Wie stets. Bequemer wahrlich wär's, man hätte
570 1488 1995 1584 Ein Büchlein gleich bereit, statt jeder Antwort,
565 1573 1695 1666 Zu angemeßnem Preise zu verkaufen.
570 1642 1854 1761 Und wär' der Einfall früher mir gekommen,
565 1732 2207 1838 So wüßt' ich doch — blieb ich Gudar auch schuldig —
565 1812 1684 1923 Zumindest, wie ich meine Zeche zahle
570 1889 1456 2021 Und Angeld meinem Kutscher.
653 1963 952 2082 Andrea:
1472 1958 2215 2119 Wie —? Auch das —?
570 2029 1257 2175 So steht's mit Ihnen?
674 2141 1016 2255 Casanova:
1257 2101 1865 2263 Für den Augenblick.
570 2194 2149 2350 Es wär' nicht schlimm, wenn man nicht reisen müßte.
658 2321 1904 2443 Andrea (nach kurzer Pause wie mit einem Entschluß):
570 2366 1804 2496 Nun denn, Sie sollen die Dukaten haben.
570 2475 1875 2591 Die tausend für Gudar und auch die fünfzig
570 2568 1809 2655 Auf die großmütig Sie verzichten wollten,
570 2626 1976 2764 Den „Überschuß“ — für Wirt und Reisewagen
647 2735 2355 2862 Casanova: So und nicht anders hab' ich mir's erwartet.
570 2820 2085 2931 Von heut' ab — nehmen Sie's statt jedes Danks -
560 2899 1950 3019 Lebt Ihnen auf der Welt kein treu'rer Freund
552 2968 1008 3082 Als Casanova.
658 3037 1846 3170 Andrea: Nicht so rasch, mein Herr.
546 3138 1841 3252 Sie werden dieses Gold nicht früher haben,
560 3231 1737 3345 Eh' mir auf eine Frage Antwort wird.
655 3300 1501 3424 Casanova: So fragen Sie.
655 3393 950 3493 Andrea:
1507 3334 2448 3525 Und Antwort ohne Umschweif.
549 3430 1732 3586 Wahr bis ins letzte unter heil'gem Eid.
666 3560 2414 3650 Casanova: Was hätt' ich einem Freunde zu verschweigen?
658 3626 2793 3790 Andrea (langsam, aber nicht zu ernst): Was zwingt Sie, Spa so eilig zu verlassen?
647 3708 1732 3825 Casanova (nach einem unmerklichen Zögern):
676 3790 1756 3883 ich des Lebens hier nicht sicher bin.
645 3806 2448 4053 Andrea: Wie das? — Warum? Sie schwuren, Casanova!
4034 382 4491 499 Die Schwestern
3236 459 4952 639 Casanova: Und trotzdem zweifeln Sie? Was könnte sonst
3122 586 3828 727 Als dringende Gefahr
3899 615 4509 798 Sind Sie der Mann
3217 668 3605 777 Andrea:
3133 748 3899 859 Der vor Gefahren flieht?
3910 764 4456 942 Vor offnen, nein.
3223 830 3825 939 Casanova:
3122 881 4342 1005 Doch lauert tückisch im Verborgnen sie,
3122 984 4379 1093 Als Mörderdolch an dunkler Straßenecke,
3141 1066 4446 1162 Als Tropfen Gift im weingefüllten Kelch,
3143 1143 4536 1241 Beim Fest als des betrunknen Würgers Hand
3133 1215 4472 1355 So wär' es tölpisch, sie herauszufordern.
3133 1305 3663 1438 Sie finden nicht?
3223 1329 4586 1488 Andrea: Gibt’s hierzuland — vielmehr,
3127 1454 4576 1562 Gibt's einen Ort, wo Männer Ihres Wandels,
3146 1546 4273 1647 Wo Casanova vor betrognen Gatten,
3151 1623 4438 1732 Verführten Mädchen und verratnen Frau'n
3164 1692 4366 1793 Für alle Zeit gefeit sich wähnen dürfte?
3228 1753 4886 1878 Casanova: O, was für Worte! Keines gilt für mich!
3141 1846 4790 1958 Verführt' ich jemals —? Nein, ich war zur Stelle,
3141 1918 4292 2021 Wenn just mit holder Zauberei Natur
3141 2000 4472 2130 Ihr Werk begonnen. Auch verriet ich keine,
3127 2077 4419 2172 Denn ewig dankbar jeder blieb mein Herz.
3133 2164 4430 2265 Und gar die Fabel vom betrognen Mann!
3141 2247 4523 2363 Nur Bosheit schuf so sinnlos schnödes Wort.
3151 2324 4438 2416 Ist der betrogen, der sein Schicksal kennt?
3141 2419 4390 2533 Der zu beklagen, dem's Geheimnis blieb?
3247 2483 3907 2605 Andrea: Sophisterei!
3947 2538 4660 2671 Philosophie, mein Herr.
3241 2568 3610 2676 Casanova:
3241 2629 4875 2759 Andrea: Doch Ihre nur, nicht des betrognen Gatten;
4077 2719 4485 2796 (in anderm Ton):
3151 2724 4501 2886 Wie — wenn ich Ihre Flucht verstehen soll
3146 2857 4324 2976 Sich eben neu an einem Beispiel weist.
3260 2942 4125 3040 Casanova: So ahnen Sie?
3260 2989 4422 3125 Andrea (In höchster Spannung, aber beherrscht):
4125 3042 5141 3202 Vielleicht. Doch muß ich wissen,
3164 3167 4546 3294 Eh' ich mein Gold für Ihren Wechsel tausche.
3255 3249 4199 3345 Casanova (nach einem kurzen Zögern):
3156 3316 4313 3438 Da Ihre Jugend solche Vorsicht hegt,
3164 3414 4438 3496 So will ich — wie mit Zinsen im voraus
3156 3462 4647 3623 Mit gutem Ratschlag meinen Schuldschein fristen.
3260 3570 3894 3708 Andrea: Der wäre?
3265 3647 3634 3756 Casanova:
3915 3597 4910 3767 Daß Sie sich vor Santis hüten.
3260 3690 4411 3846 Andrea: Was kümmert Santis mich
4459 3756 5056 3939 Wir wollen hoffen,
3265 3801 3621 3915 Casanova:
3180 3875 3652 4003 Es bleibt dabei.
