5208 3928
3040 476 3672 607 ANINA: Viel eher du
944 508 1911 683 Unfähig zu begreifen, was sie tat,
3044 569 3448 704 FLAMINIA:
3613 556 4449 685 Für ihn; doch nicht für mich
939 617 2165 782 Stößt du, ein Wütrich, auf die Straße sie?
3040 640 4521 807 ANINA: Er weiß nicht, daß ich's war, so war ich’s
950 746 2134 849 Jagst selbst dem Casanova sie ins Garn?
4280 742 4499 847 nicht.
933 824 2193 931 Dem Heuchler, Lüstling, Gotteslästrer, der
3027 796 4499 933 FLAMINIA: Ich war’s nicht, denn ich weiß, daß
939 889 2159 1011 An Leib und Seele sie verderben wird.
4034 908 4400 1009 dich's nicht w
933 956 2235 1074 Laß sie nicht gehn, bei deinem ewigen Heil.
3823 954 4443 1135 mir ein Recht an ihn.
3021 958 3724 1146 ANINA; So hatten beide
933 1049 2298 1199 Nähmst du’s auf dich, kein Priester spräche die
3910 1114 4091 1203 G.H.F.P.
4186 1112 4514 1218 G.C.F.P.
944 1138 2125 1249 Kein Kardinal von solchem Frevel, frei.
3552 1137 4085 1293 hat, soll er entsche
2962 1138 3495 1296 Und wer das beßre
4179 1194 4405 1285 1.
933 1222 2109 1342 Kommt zur Besinnung beide. Überlaßt
3008 1237 4455 1395 FLAMINIA: Nun ward sie völlig toll! Er soll ent-
939 1295 2146 1426 Ihn einer, die sich besser zu ihm schickt.
3918 1329 4516 1464 scheiden!!
3408 1373 3615 1456 G.C.P.
948 1378 2159 1504 Und die von Gott geschaffen, tausendfach
2949 1376 4388 1546 Als hätt' er's gestern abend nicht getan, —
942 1464 2018 1605 Ihm alle seine Sünden heimzuzahlen.
2966 1496 3552 1632 Und wählte mich.
3630 1487 4390 1626 décembre à l'autre soit dernier vin-
1003 1552 1746 1664 ANINA (scheinbar ernsthaft):
3385 1609 3535 1670 G.C.F.P.
3019 1584 3292 1704 ANINA:
3600 1586 4483 1717 Da stand ich nicht zur Wahl.
963 1616 2338 1761 Trägst du mit solcher Absicht dich, dann muß,
2949 1633 4167 1788 In dieser Nacht ist vieles anders worden.
956 1715 2107 1828 Wer Casanova liebt, ihn vor dir warnen.
2955 1731 4411 1871 Für ihn — für dich— für mich. Nun wähl' er neu
1003 1791 2479 1921 FLAMINIA; Nein doch, wieso? Drehst du aus
2949 1845 4472 1961 Nein doch, zum erstenmal! — Komm, laß uns gehn.
1959 1864 2467 1976 jedem Wort
3008 1919 4078 2035 FLAMINIA: Mit dir — zu ihm —?
933 1932 2355 2067 Mir eine Fangschnur? Hörst du nicht vielmehr
3756 2001 4472 2126 Daß wir aus seiner Hand;
3010 2001 3305 2128 ANINA:
942 2026 2115 2155 Aus jedem, daß ich toll in ihn verliebt?
2962 2069 4203 2205 Wie’s immer falle, unser Los empfangen.
956 2098 2319 2208 Und nun zum drittenmal, als trieb ein Teufel
956 2170 2387 2296 Sein Spiel mit mir — schon hatt' ich ihn gewiß
2998 2184 4158 2284 Gemeinsam gehn wir, eine kehrt zurück.
3010 2248 4478 2372 FLAMINIA: Das war' ein ungleich Spiel, du Hochat¬
954 2265 2191 2370 Fliegt mir der seltne Vogel aus der Hand,
3971 2326 4483 2462 gerechte.
950 2361 2193 2462 In die er selbst so gern sich betten wollte.
2955 2416 4342 2519 Erst wenn auch ich ihm eine Nacht geschenkt,
963 2437 2275 2561 O nimmermehr! Was kommt dich Böse an,
2955 2490 4478 2627 Ward unter Anspruch gleich, dann darf er wählen.
956 2509 2313 2639 Daß du mir nehmen willst, mir vorenthalten,
963 2599 2294 2694 Was Rechtens mein###! Du Unersättliche! —
2949 2591 4293 2705 Doch früher nicht. Ist dies nicht edel gnug!
2949 2675 4091 2764 Ich will noch edler sein. Anina, höre:
963 2679 2277 2800 Daß du, sei's nun durch Zufall oder Lust,
4160 2711 4413 2800 G.C.H.S
963 2764 2239 2884 Doch unverdient gewiß, die Seine warst,
2955 2734 4377 2869 Du sollst ihn nur für eine Nacht mir lassen,
2943 2818 4388 2964 Für eine Nacht, doch ohne Wahl. Und morgen
950 2833 2482 2947 Ist das nicht Glücks genug? Willst du noch mehr?
2955 2918 4173 3038 Bring' ich auf Eid ihn selber dir zurück,
1003 2920 2039 3057 ANINA: Ich war die Seine nicht.
1940 2989 2475 3139 Wer denn als du?
1007 3006 1416 3143 FLAMINIA:
