6296 4808
1614 498 2089 620 Arthur Schnitzler
731 609 2277 743 So war's im vorigen Herbst, so vor zwei Jahren..
731 710 1974 822 Und auch vor sieben, als ich ihn in Rom,
733 776 1920 893 Ein Kind beinah', zum ersten Male sah.
825 865 2357 999 Anina: Das war doch, eh' er ins Gefängnis kam?
834 961 2505 1076 Flaminia: Nun sehn Sie, daß das Ganze nur erfunden.
834 1032 2540 1133 Anina: Und doch, mir war's, Sie lauschten sehr gespannt
825 1102 2505 1229 Flaminia: Aus Neugier, Beste, ob er's nochmals wagt,
714 1180 1854 1309 In meiner Gegenwart den alten Spaß
714 1267 1819 1361 Uns aufzubinden, und ob sein Organ
705 1335 1958 1455 Bei dem verruchten Wandel, den er führt,
717 1401 2059 1546 Noch seiner Jugend Klang bewahrt, der einst,
705 1506 1915 1624 So sagen sie, den Frau'n gefährlich war.
804 1586 1408 1711 Anina: Nur einst?
813 1661 1154 1770 Flaminia:
1436 1671 2341 1788 Natürlich! Seine Zeit ist um.
696 1758 1847 1849 Er kam allein hier an. Die letzte gab
693 1838 2047 1958 In Brüssel ihm den Laufpaß vor drei Tagen.
696 1927 1929 2007 Er selbst erzählt' es ja. Teresa heißt sie.
677 1986 2084 2099 War Tänzerin. Ich sah sie selbst in Mailand.
677 2075 2202 2174 Ein kleines rundes Ding. Und solch ein Näschen.
696 2150 1965 2228 Für zehn Dukaten konnt’ sie jeder haben, —
684 2232 2047 2324 Und wer ihr just gefiel, für zwei. Das nennt
677 2310 1842 2397 Sich Tänzerin. Die Sängerinnen sind
677 2371 1683 2486 Geradeso. Triumphe Casanovas!
679 2449 1842 2559 Nun ist sie ihm davongetanzt, vielmehr
691 2545 2047 2641 Davongerollt — denn einer Kugel gleicht sie -
670 2613 1563 2731 Und Casanova weint ihr nach
771 2693 1025 2799 Anina:
1600 2710 1986 2825 Von Tränen
672 2778 1969 2881 Gewahrt' ich gestern nichts in seinen Augen.
667 2869 2082 2968 Er schien mir fröhlich, strahlend war sein Blick.
768 2959 2291 3076 Flaminia: Sie sahn ihn nicht zu seiner guten Zeit.
670 3048 1652 3151 Heut ist er eine Trauerweide nur.
766 3123 1922 3252 Anina (wie bedauernd): Und noch so jung
768 3196 1097 3302 Flaminia:
1946 3222 2679 3349 Teessa wird wohl wissen,
665 3257 2047 3417 Warum sie ihn verließ. Und wir verschwenden
660 3368 1800 3480 An einen Schatten zuviel Worte schon.
658 3445 1932 3565 Sie sind allein? Herr Bassi ausgegangen?
646 3537 1826 3635 So wett' ich, daß er alle Läden abläuft
644 3614 2009 3711 Nach einer Perlenschnur, die seines Reichtums
630 3697 1880 3798 Und Ihres schönen Nackens würdig wäre.
738 3762 1520 3889 Anina: Er ist nicht reich.
743 3842 1090 3946 Flaminia:
1553 3838 2392 3990 Heut ist er's. Und ich hoffe,
634 3936 1983 4042 Sie sind so klug, der Stunde Glück zu nützen.
4197 470 4648 592 Die Schwestern
4073 602 4787 698 (Auf ihre eigene Schnur deutend)
3290 682 4608 806 Dies ist uns sicher, wenn der Karte Laune
3304 768 4540 874 Sich wieder gegen den Gebieter wendet.
3304 832 4693 978 Sie lächeln trüb? Wie, wär' er etwa geizig?
3398 893 5102 1053 Anina: Wahrlich, das ist er nicht. Doch weiß er wohl
3302 1013 5116 1137 Mein Herz hängt nicht an Schmuck. Und wenn er fortging,
3321 1097 4500 1203 So ist’s: nach seiner Art in Einsamkeit
3321 1168 4620 1283 Durchs Feld und über Wiesen zu spazieren
3429 1201 4991 1361 Flaminia: Ach so, ein Philosoph, eim Dichter gar?
3330 1325 4726 1466 So sieht er aus. Die Stirn in ernsten Falten,
3332 1412 4686 1518 Verwirrt das krause Haar, doch wohlgepflegt,
3344 1480 4733 1605 Vornehm die Tracht, doch ihrer wenig achtend,
3325 1546 4862 1678 Das Aug' verschleiert, doch es kann auch glühn...
3344 1603 5179 1753 Ein hübscher Mensch, sein Name auch... (träumerisch) Andrea
3342 1718 4639 1849 Wie lang schon reisen Sie mit ihm umher?
3459 1788 5344 1913 Anina: Drei Wochen, — (rasch) und wir werden uns vermählen.
3445 1871 5201 2000 Flaminia: So bald? Nun ja. Wir haben’s auch getan,
3344 1948 4580 2073 Santis und ich. Ja, ich bin seine Frau.
3358 2026 4958 2153 Sie plaudern nicht, mein Kind, denn es gibt Männer,
3351 2120 4756 2223 Die schreckt das ab. Der erste, den ich liebte,
4317 2190 4641 2280 (achselzuckend)
3349 2256 4904 2399 Man nennt's ja so! — ich war erst vierzehn Jahre,
3375 2345 4839 2482 Was weiß man da, — und wurde mein Gemahl!
3360 2409 4893 2550 Doch hab' ich's nicht bereut. Es lebt und reist sich
3370 2522 4547 2627 Doch sichrer in so ständiger Begleitung.
3370 2594 4660 2698 Man kennt einander, und das ist was wert.
3372 2646 4912 2782 Sie werden sehn, mein Kind, — wenn Ihr Geschick
3372 2742 4646 2874 Sich meinem ähnlich wendet, wie ich ahne.
3382 2813 5029 2952 Und warum nicht? — Der Wirt — was meinen Sie?
3375 2916 4235 3046 Für Schwestern hielt er uns
4258 2970 4695 3086 Wahrhaftig
3497 3010 4127 3118 Anina (fast erschrocken):
3499 3090 3835 3194 Flaminia:
3384 3126 4590 3259 Natürlich Sie für meine jüngere. Nun,
3412 3224 4679 3346 Ich ließ ihn gern dabei, so herzlich fühl' ich
3405 3314 4747 3417 Mich Ihnen zugetan. Ist's nicht, als kennte
3405 3389 4846 3506 Man sich seit Jahren? Daß an Ihrem Wagen
3403 3473 4785 3572 Im Wäldchen just vor Spa ein Rad zerbrach,
3403 3541 4684 3654 Und Sie den unsern teilen mußten, seh' ich
3403 3607 4761 3736 Als Zufall nicht, als Fügung seh' ich's an.
3506 3708 4425 3809 Anina: Als Fügung gar —?
4465 3734 5245 3875 Auch Santis nahm es so.
3506 3802 3856 3913 Flaminia:
3433 3856 4721 3979 Erst heute sagt' er: Wenn zwei Paare sich
3412 3943 4733 4077 Wie ich und du, und Bassi mit der Seinen
