3800 5176
1902 545 2378 736 Arthur Schnitzler
2429 635 2985 849 welch ein Bild —
1095 666 2398 908 Casanova: Und wandeln auf der Wiese,
1004 807 2091 937 Den aufgehellten Himmel über sich
1010 900 1729 1027 Wie schwesterlich verein
1763 894 2401 1081 Sa, welch ein Bild!
1106 1004 1662 1103 Andreq (Pitter):
1103 999 2957 1165 Casanopa: Ein schönes, Freund. — Und könnten Mänper je
1027 1097 2452 1258 So Brüder sein wie alle Frauen Schwestern —
1859 1168 2454 1292 (Auf Andreas Bewegung.)
1021 1253 2215 1405 In tiefster Seele alle Schwestern sind
1016 1312 2361 1492 Fürwahr, das Leben wär' ein leichter Ding.
1143 1394 2635 1543 Andrea: Wie, Casanova, noch nicht leicht genug
1027 1492 2463 1645 Für Sie? Ich fürchte, Sie sind unbescheiden.
1140 1540 3213 1718 Gudar ein): Was gibt's? Man schickt mich, nachzusehn, ob nicht
1044 1667 2325 1800 Die Herrn sich doch am Ende totgestochen.
1952 1721 2384 1817 (Draußen Gelächter.)
1160 1729 2731 1913 Andrea: Groß scheint die Sorge eben nicht zu sein.
1154 1834 2739 1986 Gudar: Doch größ die Sehnsucht über alle Maßen.
1160 1848 3151 2079 Casanova (Hinausdeutend) : Da sind sie schon; sie sehn nicht übel aus.
1162 2023 2071 2175 Gudar: Wie? Neue Gäste?
2079 2037 2765 2209 Und Teresa, kostbar —
1162 2133 1523 2234 Casanova:
1055 2136 2105 2333 Als hätte sie die beiden nie gesehn
2017 2184 2418 2359 (Er ruft hinaus.)
2835 2251 3024 2443 G.H.F.P.
1066 2288 2031 2452 Musik! Sie schweigt zu lange.
1176 2347 2282 2528 Teresa (ruft von drauszen): Casanova!
1179 2395 3309 2638 Casanova (binausrufend): Willkommen, meine Herren.
2714 2483 3318 2660 Rhampsinit
1191 2590 1453 2694 Gudar:
1095 2612 2454 2759 Und Alexander? Hübsche Jungen beide.
1097 2723 2587 2864 Schon werden von Flaminia sie umflattert. (Stust)
1188 2762 2872 2928 Casanova: Andrea, Freund, nicht lange wart' ich mehr.
1213 2858 2787 3033 Gudar: Auch Santis wittert was. Ich fürchte sehr,
1086 2951 2268 3106 Die reisen ärmer ab als sie gekommen.
1202 2985 3273 3163 Casanova (zu Gudar): Vielleicht ist noch ein Stündchen Zeit nach Tisch
1100 3089 2559 3273 Zu einem kleinen Spiel. Gudar, was denkst du?
1205 3163 2723 3338 Gudar: Die laß nur mir und reise du nach Wien
1202 3270 2567 3417 Stimmen (von draußen): Casannova! Casanova!
1216 3346 2384 3493 Aninas Stimme (von draußen): Andrea!
1219 3391 3047 3575 Casanova: Man ruft auch Sie. Dies war Aninas Stimme.
1112 3501 2471 3625 Und zögern Sie auch jetzt noch, so verdienen
1134 3580 2528 3758 Sie Bess'res nichts, als daß man Sie beträgt
1986 3659 2514 3795 (Auf seine Bewegung.)
1106 3707 1679 3882 Zum ersten Mal.
513 3733 1010 3964 sowelche
1244 3792 2519 3938 Stimmen (von draußen): Casanova! Andrea!
1241 3851 2652 4060 Anina (von vraußen):.Andrea, kommst du endlich?
1213 3972 2186 4102 Andrea (macht sich zum Gehen bereit).
1207 3989 3064 4181 Casanova (entzüg): Mit mir, Andrea, Bruder meiner Wahl!
1145 4043 3417 4277 Arm in Arm mit ihm hinaus. Man über den Jubel, mit dem sie betrück eingelangen werden. — Die Mühe
2085 4175 2446 4271 erklingt stärker.)
1250 4218 2514 4404 Gudar (steht am Fenster, vlicht hinaus in den Park:
1137 4333 1995 4494 Noch einmal jung sein —!
1461 4333 2751 4525 Die Musik schrifft in besonders hellen Tönen auf und ver
2734 4308 3230 4520 (Mgé prouv.)
1975 4449 2745 4548 Doch, man war's einmal
1258 4469 3323 4726 (Cachen und Musik) Gudar tritt vom Fenster weg, um sich gleichfalls in den Park zu begeben.
2119 4579 2390 4700 Vorhang fä
1089 4740 1281 4929 66
