7048 4952
1855 440 2355 607 Arthur Schnitzler
1890 553 2293 682 Andrea — Anina.
1087 601 2551 822 Andrea (cudig, bestimme): Du schriebst ihm. Was?
2438 698 3209 848 Willst du mich hören —?
1095 763 1364 859 Anina:
3005 822 3203 934 Wollt
1101 840 1385 940 Andrea:
999 859 2642 1012 Ich's nicht, so fragt' ich nicht. Was schriebst du ihm?
1071 977 2653 1104 Anina: Sprich mit so böser Stimme nicht, Andrea.
993 1063 2368 1165 Du weißt, daß ich nicht lügen will, noch kann.
1112 1130 2607 1240 Andrea: Du sandtest einen Brief an Casanova??
1112 1211 2827 1321 Anina (befremdet): Du hast es — nicht gewußt, Andrea —?
2846 1286 3042 1407 Doch!
1114 1308 1388 1418 Andrea:
1004 1345 2470 1482 Ich hab's gewußt. Der Bursche, Tito heißt er,
1004 1463 2186 1557 So jung er ist, von allen Lastern bleich,
1018 1539 2336 1635 Ich sah, wie er ins Tor des Gasthofs schlich
996 1611 2540 1710 Drin Casanova wohnt. Und gleich durchzuckt's mich
1028 1697 2387 1796 (Dies Herz hat keine Ahnung je getrogen —!)
1018 1767 2760 1863 Ein Brief von dir —! And auch den Vorwand kenn' ich:
1023 1842 2532 1941 Die Spitzen sind's! Ob jener Freund aus Brüssel,
1028 1917 2564 2035 Von dem er sprach — (mit halbem Ohre hört' ich's)
1012 2003 2223 2113 Sie wirklich zu so billigem Preise liefre?
1028 2092 2457 2183 Beim Händler hier zahlt man sie dreimal teurer.
1028 2172 2435 2274 Gleich merkt' ich, wie nach ihnen dich verlangte;
1028 2250 2188 2344 Herr Casanova, schönen Frau'n gefällig
1023 2314 2365 2459 Wie immer, trug sich dir als Mittler an —?
1855 2387 2398 2508 (Hält wie fragend inne.)
1125 2416 1729 2564 Anina: Das tat er.
1117 2521 1410 2623 Andrea:
1740 2465 2180 2639 Ja, ich hört’s.
2204 2548 2731 2701 Mit halbem Ohr.
1117 2594 1694 2690 Anina (trüb lächelnd):
1117 2669 2685 2790 Andrea: Nun mahnst du wegen solchen Tandes ihn,
1028 2749 2274 2843 Als eilt's dir gar so sehr, in einem Brief,
1012 2830 2290 2932 Der dem Verwöhnten nur als Zeichen gilt,
1018 2897 2349 3015 Daß es dich lockt, ihm schriftlich nah zu sein,
1026 2988 2169 3080 Eh du persönlich wieder ihm begegnet.
1028 3066 2234 3168 Ein Brief an Casanova! Töricht Kind!
1028 3147 2223 3233 Und gar durch Tito! Zum Gesindespott
1023 3217 2218 3346 Erniedrigst du dich so — und mich dazu.
1117 3294 2255 3405 Anina (wie oben): Was schlimmer noch.
2277 3316 3190 3509 Was gab er dir zur Antwort?
1125 3378 1627 3496 Andrea (lauernd):
1106 3407 2690 3574 Anina: Du weißt wohl, das mir Tito keine brachte.
1692 3539 2553 3627 (Auf eine ungeduldige Gebärde Andreas)
1023 3544 2433 3687 Und wird auch nicht. Denn deine Ahnung trog.
1020 3657 2497 3786 Der Brüss'ler Spitzen dacht' ich längst nicht mehr,
1018 3732 2231 3877 Und keine Frage stand in meinem Brief.
1117 3818 2223 3955 Andrea (langsam): Was denn, Anina?
1125 3901 1536 4092 Anina:
2237 3853 2720 4030 Ein Bitte nur.
4645 422 5088 558 Die Schwestern
3840 537 4524 720 Andrea: Und welche?
4532 607 5459 779 Daß er noch in dieser Stunde
3845 652 4089 763 Anina:
3738 712 4315 854 Die Stadt verlasse.
4347 776 4785 932 Casanova —?!
3850 806 4132 918 Andrea:
4798 851 5171 985 Er. (Pause.)
3845 894 4111 1007 Anina:
3850 929 5625 1079 Andrea: So groß war die Gefahr? — So unabwendbar?
3738 1042 5190 1195 Daß du, wenn du ihm einmal noch begegnet —
4747 1136 5005 1211 (stockend)
3748 1189 5107 1300 Sein Anblick — ein gleichgültiges Gespräch —
3756 1286 5386 1388 Denn mir entging kein Wort — und ihm verfallen —!
3743 1364 4564 1490 Und ich bin nichts, Anina?
4570 1391 4892 1547 Hör mich!
3840 1447 4105 1547 Anina:
5005 1485 5273 1616 Nichts!
3845 1530 4135 1630 Andrea:
3756 1557 4957 1694 Warum dann einen Boten ihm gesandt?
3767 1643 5204 1767 Warum nicht selbst — und flogst in seine Arme?
3748 1761 5155 1850 Warum noch hier, wie meines Danks gewärtig,
3756 1828 4927 1947 Als wärst du nicht unrettbar, ewig mir
3762 1909 4981 2006 Verloren schon, selbst wenn du Casanova
3743 1982 5083 2086 Nie wiedersähst! Als wäre Sehnsucht nicht
3743 2073 5034 2167 Um Tausendfaches schlimmer als Erfüllung,
3756 2145 5042 2239 Weil sie fortwühlend in der Seele Gründen
3743 2223 5042 2328 Den reinen Lauf ihr bis zur Quelle trübt —
3748 2290 5061 2414 Doch reist er ja nicht ab, denn deinen Brief
3756 2376 4948 2489 Hat er als Geck nach seiner Art gelesen
3743 2459 5177 2564 Und bleibt in Spa. And er hat recht. Du hast
3762 2543 4846 2634 Die Wahl. Andrea oder Casanova.
3756 2596 5190 2723 Nein, keine Wahl. Denn der, der geht, bin ich.
4602 2698 5128 2814 (Wendet sich zu gehen.)
3850 2733 4613 2884 Anina: Er ging vor dir.
4616 2827 5351 2967 Und ließ dich's wissen?
3850 2841 4132 2943 Andrea:
3848 2927 4116 3034 Anina:
5421 2900 5601 3026 Nein.
3858 2951 5284 3093 Andrea: Flaminia hat die Kunde dir gebracht?
3850 3074 5391 3179 Anina: Daß er sofort sich aus der Stadt entferne
3756 3155 5110 3289 Ich hab' es mir als Dank von ihm gefordert,
3762 3243 4551 3359 Den er nicht weigern kann.
4548 3294 5303 3423 Als Dank —? Wofür
3850 3316 4132 3431 Andrea:
3858 3370 5268 3507 Anina: Daß ich ihm angehört in dieser Nacht.
3858 3456 6012 3555 Andrea (karr, dann auf sie zu, bleibt vor ihr stehen, sie unbeweglich. Pause. Er lacht auf):
3756 3528 4951 3657 Ein übler Scherz, und steht dir übel an.
3762 3646 4981 3727 Flaminia lehrt' ihn dich. Ihr klagtest du
3815 3713 5255 3840 Ich weiß —, daß ich mit Eifersucht dich plage,
3748 3789 4932 3920 So riet sie dir ein Spiel der Rache an,
3756 3864 4849 4006 Darin nach läppischer Komödienart
