6248 4744
1601 447 2078 581 Arthur Schnitzler
722 553 1989 685 Des Abenteuers Lust und Rausch verweht,
719 677 2031 761 Das Kinder sich am sichern Herde träumten,
713 744 1989 837 So kehren Sie, wie gern, zurück, wo längst
713 831 1989 921 In milder Heimat wohlumschlossnem Kreis
719 913 1969 1011 Mit offnen Armen die Verzeihung wartet.
809 980 2323 1098 Anina: Mich dünkt die Luft hier eben lind genug,
713 1067 1977 1168 Die Gegend lieblich, heiter die Gesellschaft,
719 1143 1983 1239 Und wir behagen beid' uns hier aufs beste.
803 1216 2477 1329 Gudar: Doch ahnt' es Ihnen kaum vor wenig Wochen,
725 1292 2042 1382 Daß Sie an einem Tisch mit solchem Volk
820 1376 1654 1494 Anina: Mit solchem Volk?
806 1452 1070 1559 Gudar:
1674 1421 2494 1559 Wie ich und meinesgleichen,
719 1536 1876 1629 Zu Abend essen, Tür an Türe wohnen,
719 1612 1772 1699 Zu Lustpartien sich gesellen würden!
800 1666 2354 1772 Anina: Ich bin so kostbar nicht. Und niemand hat
713 1758 1910 1876 Mir gegenüber Höflichkeit und Anstand
708 1843 2269 1941 Nicht Mann noch Frau — mit einem Wort verletzt.
713 1927 2149 2045 Baron von Santis, wenn auch laut beim Trunk,
708 1997 2059 2090 Bleibt stets galant. Flaminia losen Munds,
697 2081 2014 2160 Das merkt' ich wohl, ist dennoch herzensgut.
677 2157 2174 2247 (etwas stockend): Und Casanova — ist ein Edelmann -
800 2241 2334 2340 Gudar: Wie Santis ein Baron, wie ich ein Fürst,
697 2309 1859 2418 Und wie Flaminia etwa Nonne wäre
784 2387 1545 2503 Anina: And Casanova?
786 2469 1045 2567 Gudar:
1652 2458 2326 2607 Nun, was den betrifft,
674 2536 1868 2651 Wo man ihn findet, dort gehört er hin.
671 2626 1845 2730 Und träf' ich übers Jahr als Exzellenz
660 2702 1991 2817 In Spanien ihn; — in einer Diebsspelunke
663 2789 2216 2890 Am Strand zu London — unter andern Strolchen;
660 2865 1927 2986 Als Handelsmann mit Spitzen in Paris;
660 2932 1916 3036 Als Dichter eines Schäferspiels in einem
674 3017 2000 3132 Bretonschen Schloß; — als Polizeiagenten,
646 3104 2059 3208 Als Millionär, als Bettler, selbst als Bürger,
654 3188 1868 3261 Ich staunte nicht, so wenig als er selbst.
657 3253 2118 3370 Und wenn er auch heut' nacht verlor, — es kann
683 3334 2042 3446 Doch sein, daß er mit falschen Karten spielte,
677 3404 1882 3517 So wie er oft mit wahren Worten lügt.
666 3503 1862 3612 Dies ist Herr Casanova. Niemals war
668 3578 1772 3682 Ein Gauner ehrlicher als er, und nie
666 3649 1904 3752 Vertraut' ich einem Ehrenmann so wenig.
666 3733 1958 3842 Und füg’ ich noch hinzu, daß nie ein Weib,
666 3806 1851 3915 Das er begehrt, ihm seine Huld versagt,
674 3893 1736 4014 So wissen Sie soviel wie alle Welt.
4222 452 4646 584 Die Schwestern
3390 576 4946 719 Anina: Wahrlich, ich hätte gern Sie jung gekannt.
3407 685 3994 789 Gudar: Mich —?
3399 736 4820 868 Anina: Denn von keinem andern sprachen Sie.
3401 840 4775 949 Gudar: Von Casanova nur. Der freilich so
3295 913 4502 1014 Ins Leben sprang wie andre junge Leute
3306 977 4612 1107 Und einstmals, denk' ich, enden wird wie sie
3399 1081 4691 1211 Anina (lächelnd): So weise, meinen Sie —?
4679 1143 5359 1284 Nein, so geschwätzig!
3404 1180 3657 1298 Gudar:
4191 1213 4657 1331 (Er grüßt und geht.)
3396 1278 5550 1388 Anina (eine Weile in Gedanken, nimmt ihren Brief wieder hervor, schreibt weiter, faltet den
3300 1365 5544 1438 Brief zusammen, tut ihn in einen Umschlag, schreibt die Adresse, ergreift die kleine Glocke, die auf dem
3312 1418 5561 1500 Tisch steht, klingelt nicht. überlegt, öffnet die Tür rechts, späht vorsichtig rechtes und links auf den Gang,
3312 1472 5016 1587 winkt; ein Kellner, jung, fast noch Knabe, 15 Jahre, Tito, sehr hübsch, tritt ein).
3399 1539 4466 1652 Tito: Gnädige Frau? Befehlen?
3404 1593 5370 1716 Anina: Sag mir — der Herr, der gestern mittag ankam (noch)
3401 1702 5070 1786 Tito: Welcher Herr? Es kamen einige Herren an
3418 1750 5174 1873 Anina (rasch): Herr Casanova wohnt nicht hier — bei euch?
3407 1845 5559 1961 Tito: Herr Casanova ist im Goldnen Löwen abgestiegen. Wir hatten
3300 1941 5561 2050 kein Zimmer mehr frei. Davon lebt der Goldne Löwe. Was soll ich Herrn
3312 2019 4334 2140 Casanova bestellen, gnädige Frau?
3401 2112 5559 2202 Anina (gibt ihm ein Goldstüc): Bestellen. nichts. Bring diesen Brief zu ihm.
3401 2191 4205 2300 Tito: Sofort. (Will gehen.)
3418 2261 4946 2368 Anina: Noch einen Augenblick.'s ist eine Wette,
3306 2337 4792 2430 Verstehst du? Also kommt's drauf an vor allem,
3314 2418 4775 2522 Daß es geheim bleibt. Drum verbirg den Brief.
3407 2505 5567 2604 Tito: O, die gnädige Frau können völlig unbesorgt sein. Und soll ich
3303 2601 4174 2713 die Antwort hierher bringen?
3418 2657 5089 2767 Anina: Nein, keine Antwort. Du entfernst dich gleich.
3418 2753 5567 2842 Tito: Und wenn Herr Casanova nicht zu Hause sein sollte, darf ich den
3323 2837 4615 2927 Brief in den Händen seines Dieners lassen?
3432 2899 4893 3005 Anina: Du läßt den Brief in jedem Falle dort.
3418 2980 5567 3095 Tito: Nur gebe ich der gnädigen Frau zu bedenken, daß der Diener viel¬
3306 3070 4323 3188 leicht ein verkleidetes Mädchen ist.
3418 3151 4025 3264 Anina: Du denkst?
3413 3219 5578 3331 Tito: Ich denke gar nichts. Ich weiß nicht einmal, ob Herr Casanova
3303 3300 4331 3424 mit einem Diener angekommen ist.
3427 3387 4031 3491 Anina: Nun also?
3413 3477 5530 3578 Tito: Aber es könnte auch irgendwer bei ihm versteckt sein. Im Schrank
3323 3559 3618 3651 im Bett
3427 3598 4618 3719 Anina: And warum vermutest du das?
3413 3685 5587 3806 Tito: Ich vermute gar nichts. Ich gebe der gnädigen Frau nur alle
3317 3783 4112 3899 Möglichkeiten zu bedenken.
3427 3837 5148 3980 Anina: Du bist sehr klug.. so kann man dir vertrau’n.
4118 3941 4778 4050 (Gibt ihm noch ein Goldstück.)
