5304 4024
1679 533 1869 626 72
1051 623 2500 752 FLAMINIA: So lassen Sie die Hand mir endlich frei.
1057 710 2522 834 SANTIS: Es riecht nach Zank! Was gibt's? Die
2066 803 2496 904 Weiber — wie?
992 899 2522 984 Warum? Um mich —? (Zu Andrea) Um Sie —? (lacht)
1900 961 2517 1060 Ich will nicht hoffen.
1051 1064 2509 1152 ANDREA: Kein Zank, Baron, das Wort erschiene
980 1142 2509 1232 Ein Zwist, kaum das. Ein kleiner Unterschied [grob.
998 1224 2195 1329 Der Meinungen — bezüglich eines Falls.
992 1302 2224 1424 Nein, keines Falls, der sich begeben hätte,
986 1395 2254 1483 Ein philosoph’scher Streit gewissermaßen. —
992 1485 1793 1593 Auch philosophisch kaum —
1953 1515 2517 1628 Das denk' ich mir.
1039 1576 1340 1656 SANTIS:
1064 1616 2513 1734 ANDREA (wie mit einem plötzlichen Einfall): Und kann
1565 1694 2503 1803 ihn einer schlichten, so sind Sie’s.
1051 1807 1738 1909 SANTIS: Wie? — ich?
1654 1852 2522 1972 Ja, grade Sie. Und mit Verlaub
1051 1887 1394 1984 ANDREA:
992 1961 2210 2048 Bericht' ich, meine Damen, knapp gefaßt
1003 2037 2206 2138 Den Anfang der Geschichte noch einmal,
1003 2140 2246 2214 Daß der Baron den Knoten uns entwirre.
1064 2212 2092 2313 SANTIS (etwas mißtrauisch und unsicher):
1003 2275 2473 2364 Vertrieb man sich die Zeit hier mit Geschichten?
1076 2385 1586 2479 ANDREA (rasch):
1028 2454 2258 2557 Auch meinen Teil zum Feste beizutragen,
1028 2524 2186 2644 War ich gesonnen, unserm werten Kreis
1022 2620 2128 2709 Mit einer lust’gen Fabel aufzuwarten.
1022 2700 2222 2793 Zur Probe, wie sie wirken mag, trug ich
1034 2764 2353 2875 Sie eben vor — und da die Lösung schwierig,
1034 2848 2376 2958 Hatt' ich den Einfall, statt den eignen Geist,
1028 2955 2304 3027 Der holden Damen Scharfsinn zu bemühn.
1034 3012 2414 3115 Doch wie sich leider weist, nicht zart entwirrt,
1034 3088 2465 3202 Nein, wild zerknäult ist nun mein armer Faden.
3642 461 3889 577 73
2981 548 4285 697 Drum eh ich, den mit Kunst ich aufgerollt,
2981 674 3962 786 In ärgerlicher Ungeduld zerreiße,
2993 742 4384 876 Versuchen Sie Ihr Glück, Baron, und schlingen
2985 836 4152 952 Den launenhaft verwirrten Knoten auf.
3046 893 4516 1032 SANTIS: Den Knoten auf —? begreife das, wer mag!
3050 999 4500 1123 ANDREA: Sie werden gleich. Und so, wie Sie ent-
4167 1060 4476 1178 scheiden —
3010 1167 3663 1285 Wir fügen uns darein.
3731 1215 4137 1376 Das tun wir.
3063 1258 3471 1363 FLAMINIA:
3057 1340 3347 1445 ANINA:
3063 1314 4535 1525 ANDREA: Und mit dem Schluß, den Sie der Fabel
4312 1460 4529 1582 finden,
3008 1544 4179 1685 Trag' ich sie Ihren werten Gästen vor.
3076 1614 4535 1774 SANTIS: Mit meinem Schluß?! Ein Dichter ich?
4139 1700 4540 1803 Das wäre —!
3075 1810 4539 1936 ANDREA: Nicht großer Kunst bedarf’s, nur eines
4333 1869 4554 1982 Worts.
3016 1980 3522 2098 Ein Ja, ein Nein.
3577 2031 4084 2172 Nur eines Worts?
3082 2079 3383 2161 SANTIS:
3983 2102 4558 2216 Nicht mehr. (Hastig)
3080 2140 3412 2264 ANDREA:
3021 2186 4384 2307 Und rasch beginn' ich, eh die Gäste kommen.
3019 2302 4025 2418 Zwei Schwestern — war’s nicht so?
3958 2347 4504 2479 Zwei Schwestern?
3080 2393 3501 2492 FLAMINIA:
3082 2458 3621 2576 ANINA (bestimmt):
3099 2490 4550 2654 ANDREA: Jung beide, beide schön und wohlge-
4312 2593 4539 2696 sittet —
3092 2711 4571 2831 SANTIS: Auch wohlgesittet? Nun, man wird jasehen.
3111 2753 4582 2903 ANDREA: Sehr ähnlich von Gestalt, nicht so von
4240 2835 4563 2937 Antlitz. —
3105 2911 4565 3094 SANTIS. Doch von Gestalt! Ich wittre was. Nur
4348 2997 4575 3130 weiter.
