6280 4872
1809 415 2281 599 Arthur Schnitzler
917 572 2262 731 Stell' ich, persönlich meine Schuld zu zahlen,
922 688 1567 793 Mich in Ferrara ein.
1011 763 2343 871 Andrea (peinlich berührt): Doch weiß ich kaum,
917 828 2119 946 Ob Sie mich in Ferrara finden werden?
1011 917 2707 1014 Casanova: Ich werde. Denn Sie sind von denen nicht,
911 1000 2176 1084 Die sich an abenteuerlicher Fahrt behagen,
922 1070 2394 1186 An Schlaf in fremden Betten, Gasthofschmäusen
917 1151 2095 1240 Und Nachbarschaft von Reise=Ungefähr.
911 1240 2243 1324 Ihr Ziel heißt Frieden, Ordnung und Gesetz
922 1321 2273 1424 Wie Heimkehr Ihrer Wandrung letzter Sinn.
917 1410 2238 1486 Und schon im Geist seh' ich an Ihrem Herd
917 1472 2405 1567 Mit heitrer Gunst den flücht'gen Gast empfangen,
917 1556 2386 1658 Der — mit dem Gold natürlich, das er schuldet
917 1637 2173 1734 Wie letzten Abglanz gern vergeßner Tage,
928 1715 2192 1796 Ehrbiet'gen Gruß dem edlen Paare bringt.
1030 1793 2861 1879 Andrea: Dem Paar? Wieso? Noch bin ich nicht vermählt.
1011 1871 2847 1966 Casanova: So sind Sie's bald. And preisen dann Ihr Los,
922 1947 2295 2033 Das schon dem Jüngling eine Gattin schenkte,
917 2033 2090 2127 Schön wie Anina, klug und tugendhaft.
917 2111 2160 2189 Ein frühgeschloßnes ist das stärkste Band.
933 2192 2321 2270 Weh dem, der ewig sucht; wohl dem, dre fand.
1011 2273 2615 2351 Andrea: Ein solcher Spruch aus Casanovas Mund?
1011 2348 2561 2435 Casanova: Bewahren Sie ihn sorglich im Gemüte,
922 2435 2179 2510 Noch keinem gab ich höhre Weisheit kund.
1016 2510 1612 2602 Andrea: Zu gütig.
1008 2591 1367 2680 Casanova:
1650 2583 2650 2667 Schwacher Dank für Ihre Güte.
922 2667 2219 2756 Gern legt' ich, eh' zu scheiden mir bestimmt,
917 2745 2235 2834 Mich Ihrer holden Freundin erst zu Füßen,
928 2828 2232 2909 So bitt' ich denn, sie schwesterlich zu grüßen.
917 2909 2586 2998 Ein Bruder ist's, ein Freund, der Abschied nimmt. (Ab.)
1011 3001 3028 3111 Andrea (allein, betrachtet den Brief, verbirgt ihn dann bei sich; zur Türe links, öffnet sie).
1011 3066 1494 3152 Anina (tritt ein).
1836 3114 2219 3184 Andrea — Anina.
1022 3160 2642 3257 Andrea: Es währte lang, doch ging es nicht um dich.
917 3254 2203 3349 Er lieh sich Gold von mir für seine Flucht,
914 3333 2238 3424 Für die harmlosen Grund er schlau erfunden,
903 3422 2494 3497 Und schickt — durch mich — dir einen Abschiedsgruß.
1016 3494 1715 3594 Anina (unmerklich lächelnd):
903 3567 2130 3680 So nehm' ich diesen denn als letzten mit.
922 3651 2006 3734 Nun laß für eine Weile mich allein,
903 3734 2076 3831 Daß ungestört ich mich zur Reise rüste.
1016 3807 1755 3904 Andrea (fragend): Wohin?
1011 3877 2454 3982 Anina: Auch wenn ich's wüßte, steht ein Recht
911 3974 2125 4079 Zu fragen dir nicht zu. Laß mich allein.
4271 475 4713 628 Die Schwestern
3459 585 4012 763 Andrea: Anina!
3465 666 4921 820 Anina (nach rechts): Nun, so geh' ich, wie ich bin.
3454 793 4899 903 Andrea: Und was mir Casanova sonst erzählte,
3362 876 4535 1035 Bekümmert nicht im mind'sten dich —?
4546 936 4853 1043 Ich denke
3459 973 3726 1076 Anina:
4104 1000 4861 1114 (auf den offenen Sekretär deutend)
3370 1084 4899 1194 Du sprachst die Wahrheit — wie der Anblick weist.
3351 1157 4667 1273 Und wär' es etwa doch um mich gegangen
3365 1243 4896 1354 Was kümmert's mich? Neu fängt mein Leben an.
3370 1318 4611 1459 Und keiner ist darin — nicht er, nicht du.
4063 1378 4945 1480 (Etwas heftiger, aber noch immer ruhig)
3365 1448 4673 1575 Laß mich allein, schon zweimal bat ich dich
3381 1545 4643 1634 Bis ich, was mein ist, mir zusammenfinde.
3532 1585 5446 1718 (Beim Schrank, hat ihn geöffnet, beginnt Wäsche= und Kleidungsstücke herauszunehmen.)
3470 1704 5635 1833 Andrea (betrachtet sie, wie sie beginnt, ihre Sachen in den Koffer zu packen; nach einem Zögern,
3368 1780 4166 1877 mit dem Brief, den er ihr hinwirft):
3368 1809 4999 1944 Nimmst du, was dein, mit dir, — so nimm auch dies.
3484 1928 4495 2044 Anina (mit großem Blick, höhnisch, bitter):
3370 1974 5166 2125 Dafür das Gold — ein Handel? — Schmach und Torheit!
4236 2065 4775 2154 (Mit sinkender Stimme)
3381 2125 4837 2259 Nun frag' ich' wo die Torheit, wo die Schmach!
3489 2184 5109 2319 Andrea: Nicht da, nicht dort. Freiwillig gab er ihn.
3484 2281 5250 2402 Anina: Wie du dein Gold. Ein Handel bleibt es immer.
3381 2375 4314 2518 Wie kommst du zu dem Brief?
4338 2413 5012 2580 Was kümmert's dich?
3489 2462 3988 2570 Andrea (spöttisch):
3395 2521 4158 2640 Neu fängt dein Leben an.
4182 2559 4886 2715 Du brachst dein Wort.
3470 2623 3737 2718 Anina:
3489 2648 5120 2815 Andrea: Hab' ich geschworen, daß ich nicht ihn frage,
3395 2766 4678 2890 Warum er Golds bedarf, warum er flieht?
3395 2847 4257 2979 Von dir war nicht die Rede.
4247 2904 4805 3031 Und mein Brief?
3489 2944 3737 3049 Anina:
3484 2952 5263 3109 Andrea: Dein Brief? Du weißt's und ich, er aber nicht.
3395 3090 4735 3209 Er glaubt, Flaminia war es, die ihn schrieb.
3502 3173 4020 3292 Anina (steht starr).
3494 3203 5252 3381 Andrea: Denn sie, so glaubt er, war es, die sein harrend
3395 3327 4500 3435 Wie's zwischen ihnen abgeredet war -
3389 3386 4856 3516 Ins Dunkel leuchtend nachts am Fenster stand; —
3395 3511 4799 3594 Und glaubt, daß sie die Seine war heut nacht.
3494 3551 5215 3688 Anina: Und glaubt auch diesen Brief von ihr? Warum
3397 3648 4780 3767 Hätt' ihm Flaminia solchen Brief geschrieben?
3502 3721 5053 3842 Andrea: Ihn vor des Gatten Rache zu bewahren.
3502 3826 4252 3947 Anina: And weiter —?
4265 3861 5341 4009 Weiter nichts. Du wirst verstehen,
3494 3915 3802 4020 Andrea:
3405 3969 4546 4133 Daß ich es unterließ, ihn aufzuklären.
3395 4139 4133 4282 3 Deutsche Rundschau. XI.VI, 1.
