6280 4808
1580 522 2057 664 Arthur Schnitzler
772 647 2915 752 Tito: Gnädige Frau werden Ihre Wette gewinnen. Und wenn gnädge
694 733 1688 852 Frau sonst noch etwas wünschen?
780 805 1441 911 Anina: Nichts mehr.
783 872 1532 997 Tito: Ich meine nur..
788 963 1974 1061 Anina (ungeduldig): Was willst du denn?
777 1044 2904 1147 Tito: Wir haben hier im Hause auch noch andere Zimmer. Mit un¬
675 1119 2907 1238 sichtbaren Türen. Wenn man an ihnen vorbeigeht, so merkt man nichts
683 1219 2910 1302 Sie fallen unhörbar ins Schloß. Lnsere schönsten Zimmer.. mit den
683 1269 2440 1388 breitesten Betten. Und Spiegel überall, sogar an der Decke.
769 1355 2671 1491 Anina: Fragt' ich dich drum? — Wir sind hier ganz zufrieden,
672 1433 1449 1541 Ich und Herr Bassi auch.
777 1496 2182 1635 Tito: Ja, wenn es auf die Ehegatten ankäme
772 1591 2907 1707 Anina: Willst du nicht endlich gehen? Da — (Gibt ihm wieder ein Goldstück.)
761 1669 2904 1799 Tito: Wenn ich statt dieses letzten Goldstückes um einen Kuß bitten
669 1730 966 1838 dürfte
783 1807 1538 1932 Anina: Du bist verrückt.
763 1902 2904 2043 Tito: Das wäre wohl möglich, gnädige Frau, — und wahrhaftig kein
683 1974 947 2082 Wunder.
772 2046 1508 2165 Anina (küßt ihn rasch): Da.
766 2143 1452 2249 Tito: Ich fliege. (Ab.)
763 2213 2879 2357 Anina (allein): Was wird aus mir? Was ward ans mir? (Es klopft links.)
669 2285 988 2396 Wer ist's?
763 2371 2140 2521 Flaminia (im Nebenzimmer): Ich bin's, Flaminia.
761 2454 1024 2590 Anina:
2143 2454 2718 2593 Ja, ich öffne gleich.
1224 2510 2326 2643 (Sie schließt die Türe links auf, die versperrt war.)
1552 2604 1993 2701 Anina - Flaminia.
750 2662 2515 2787 Flaminia: Schon angekleidet —? Guten Morgen, Liebste
669 2743 2171 2862 So früh? Ich bin noch nackt. Ja, seh'n Sie nur.
1538 2829 2016 2912 (Sie lüftet ihr Kleid.)
652 2882 1943 2998 War’s unbescheiden, daß ich einfach klopfte?
664 2954 1496 3051 Da wir doch Nachbarn sind
1582 2957 2593 3096 (blickt um sich) Dies Zimmer hab' ich
641 3029 2057 3140 Auch einmal schon bewohnt. Ja, ich erkenn' es.
636 3129 2146 3218 Drei Tage nur. Im Herbst. Wir mußten heizen.
652 3195 1835 3295 O, Kälte hass' ich. Denken Sie, ich sah
655 3265 2085 3390 Den ersten Schnee als sechzehnjähriges Mädchen.
647 3356 2007 3481 Denn in Palermo schneit es nie. Bei Ihnen
639 3426 1019 3551 In Mantua
741 3506 1036 3609 Anina:
1124 3512 1449 3631 Ferrara..
736 3587 1080 3687 Flaminia:
1491 3587 2102 3706 Kommt's wohl vor?
636 3667 2038 3776 Ja, ihr im Norden seid beinah' schon Deutsche.
1582 3759 1935 3867 (Beim Fenster.)
627 3784 1299 3912 Ein wunderbarer Tag.
733 3878 983 3976 Anina:
1316 3881 1818 3989 Zu schön beinah'.
636 3964 1513 4084 Ob kein Gewitter kommt —?
4178 455 4600 583 Die Schwestern
4156 572 4781 705 Da fing das Pharo
3365 608 3715 738 Flaminia:
3287 666 4756 802 Gleich nach der Tafel an. Gut für Herrn Bassi,
3295 755 4617 902 Wenn er so glücklich spielt wie gestern abend.
3373 858 4170 958 Anina: Sie nahmen teil?
4184 888 5017 1036 Nein, Santis sagt' es mir.
3381 949 3715 1047 Flaminia:
3395 1008 4164 1138 Anina: Auch er gewann?
4200 1013 5167 1177 Man zwingt das Schicksal nicht.
3387 1097 3723 1208 Flaminia:
3298 1152 4747 1283 So gab er's auf, kaum, daß das Spiel begonnen.
3309 1241 4689 1360 Auch liebt er's nicht, wenn wer am Tische sitzt,
3287 1302 4667 1444 Der schuldig bleibt, und wenn der böse Zahler
3307 1410 4295 1521 Zu allem Unglück Casanova heißt.
3409 1471 4306 1607 Anina: Ich glaubt’ ihn reich?
4350 1499 5239 1641 Reich, der? An Worten, ja,
3420 1582 3740 1677 Flaminia:
3301 1627 4653 1763 An Lügen. Glauben Sie vielleicht die Fabel,
3318 1718 4523 1835 Die er uns aufgetischt von seiner Flucht
3315 1793 4570 1921 Aus dem Gefängnis, drein der Hohe Rat
3332 1863 4556 1979 Venedigs ihn aus guten Gründen sperrte?
3329 1907 4961 2057 Dies Bohren, Sägen, Rutschen, Klettern, Schwimmen,
3329 2038 4589 2140 Und keiner hört ihn, keiner sieht ihn. keiner
3326 2102 4589 2235 Erkennt ihn, und im Mondenscheine sitzt er
3332 2168 4792 2302 Auf einem Dach und nimmt noch einen mit —?!
3343 2285 3781 2396 Zu albern ist's.
3434 2326 4273 2474 Anina: Doch er entkam.
4289 2399 4622 2521 Wer weiß.
3431 2449 3773 2557 Flaminia:
3343 2504 4675 2624 Er war vielleicht nie eingesperrt. Und wenn,
3351 2582 4459 2696 So saß er seine Strafe ab wie andre.
3354 2654 4647 2765 Und wenn er floh, wer sagt, daß es gelang?
3359 2751 4334 2860 Er stürzte ab vom Dach, ertrank
4411 2796 4845 2901 Und lebt...?
3462 2846 3901 2937 Anina (lachend):
3443 2885 5200 3015 Flaminia: Vielleicht auch nicht. Er muß es ja nicht sein.
3368 3001 3842 3115 Ein Schwindler.
3862 3046 4672 3151 Und der wahre Casanova?
3456 3079 3701 3179 Anina:
3456 3104 4850 3243 Flaminia: Entweder Casanova oder wahr.
3368 3234 3992 3337 Doch beides — nein!
4017 3273 4833 3390 Sie aber müßten's wissen,
3462 3320 3704 3420 Anina:
3362 3376 4628 3504 Da Sie ihn doch in früh'rer Zeit gekannt?
3479 3459 5208 3573 Flaminia: Gekannt? Gesehn. Gesprochen. Oder nein
3370 3529 4747 3654 Er sprach, nur er. Ich glaube, dieser Mensch
3379 3615 4478 3726 Hat keines andern Stimme je gehört.
3387 3695 4559 3815 Dreimal im Leben bin ich ihm begegnet,
3390 3773 4739 3898 Und jedesmal, kaum war der Gruß gewechselt,
3384 3867 4553 3984 Erzählt' er die Geschichte seiner Flucht,
3390 3915 4720 4095 Mit geichem Wort, mit gleichem Done fast.
