6188 4728
1835 377 2317 516 Arthur Schnitzler
956 505 2299 632 Dem Jüngling aber sich zur Wahl zu stellen,
958 614 1987 708 Wie's nahe läge, lehnen beide ab.
960 663 2322 777 Denn ist er nicht, wie jetzt, ein Ahnungsloser,
967 761 2273 882 Vielmehr als wissend in den Fall verwickelt,
960 837 2172 933 So ward's ein andrer, völlig neuer Fall,
956 926 2277 1022 Und Laune spräche das Entscheidungswort,
960 1000 2342 1116 Nicht, wie sie’s wünschen und wie der Novelle
956 1083 2161 1179 Verborgner Sinn erheischt, Gerechtigkeit.
953 1170 2275 1270 So also steht die Frage: Welcher Schwester
942 1239 2259 1331 Nach Herzensrecht gehört der Jüngling zu?
947 1319 2253 1433 Und Sie, Baron, der als erfahrner Mann
960 1398 2299 1509 Und, was noch wicht’ger, unverwirrten Sinns
956 1476 2036 1590 Der Frage gegenübersteht, erscheinen
958 1554 2085 1661 Zur Lösung uns vor allem ausersehn.
942 1648 2161 1737 Und daß es auch zu reiflicher Erwägung
958 1717 2257 1824 An Zeit nicht fehle, sei zur Antwort Ihnen
953 1802 2418 1889 Bis zum Beschluß des Gastmahls Frist gegönnt.
1063 1873 2704 1987 Anina: Kein Aufschub mehr. Es überlegt sich schlecht
958 1953 2420 2061 Beim Schwatz der Gäste und Geklirr der Gläser.
1049 2038 2721 2150 Flaminia: Die Antwort gleich, so lang er nüchtern ist.
1049 2125 2817 2203 Andrea: Wie's denn beliebt. Das Wort hat der Baron.
1038 2190 2670 2302 Santis: Doch der verzichtet gern für jetzt und später.
942 2282 2279 2371 Denn werd' ich nachher kaum betrunkner sein
942 2351 2320 2458 Als jetzt, so weiß ich doch, dass ich vor Tische
947 2431 2320 2563 Nicht klüger bin als nach gehaltner Mahlzeit.
929 2529 2150 2628 Und was Erfahrung anbetrifft, so findet
929 2603 2041 2706 Zu so verzwickter Rätsel Lösung sich
949 2670 2190 2793 Wohl mancher, der in Liebeslanden weiter
947 2753 2090 2846 Als ich gereist und mehr sich umgetan.
940 2842 2183 2940 Und einen weiß ich, der uns ohne Zögern
940 2904 2208 3025 Der fein, doch allzu kraus erdachten Fabel
935 2983 2489 3108 Gewünschten Abschluß als ein Meister fände. (Pause.)
942 3088 2393 3199 Sprech' ich den Namen aus, der auf den Lippen
931 3146 1534 3264 Uns allen steht —?
1045 3219 1326 3329 Andrea:
1556 3230 2025 3367 Sie meinen...
1022 3309 1252 3411 Anina
1038 3329 2491 3521 Flaminia Gugleich in verschiedenem Ton): Casanova?
1038 3463 1663 3594 Santis: Wer sonst.
1022 3545 1313 3650 Andrea:
1670 3523 2757 3695 Ja, wenn wir ihn zur Stelle hätten.
929 3601 2041 3737 Doch leider ist er abgereist heut früh.
1036 3717 2320 3842 Santis: So seine Absicht. Doch er blieb.
1031 3789 1313 3893 Andrea:
2322 3804 2721 3929 Er blieb —?
1029 3835 1967 4001 Santis: And kommt zu Tisch.
4315 397 4735 536 Die Schwestern
3485 558 3753 656 Anina:
4423 538 4798 703 Er kommt?
3503 634 3893 743 Flaminia:
4818 690 5362 801 Vor einer Stunde
3498 721 3791 833 Santis:
3389 784 4586 915 Gelang's mir, ihn persönlich einzuladen.
3389 873 4114 993 Gleich wird er da sein.
4108 935 4628 1047 Irrtum sicherlich.
3496 956 3802 1072 Andrea:
3396 987 4753 1121 Da er doch Abschied nahm für längre Fahrt.
3509 1076 5304 1250 Santis: Sie währte kurz — vom Stadttor hundert Schritt
3407 1194 3963 1326 War sie zu Ende.
3969 1235 4606 1373 Und er kehrt zurück?
3503 1279 3797 1380 Andrea:
3509 1346 4999 1465 Santis: Im gleichen Wagen, der ihn mit Gudar
3402 1420 4597 1552 Entführen sollte — seiner Liebsten nach.
3503 1516 3742 1607 Anina:
3905 1547 4137 1661 Tere sa?
3516 1585 3882 1690 Flaminia:
4152 1641 4967 1759 Ja, der holden Angetreuen.
3518 1677 3786 1777 Santis:
3420 1735 4751 1842 Er war ihr auf der Spur und fuhr ihr nach.
3413 1815 4978 1911 Was ging's mich an? War doch der Wagen mein.
3431 1911 4679 2014 Für unsre Lustfahrt hatt' ich ihn gemietet.
3413 1998 4778 2078 So war's mein gutes Recht, ihn aufzuhalten.
3407 2072 4722 2183 Ich tat's, noch eh' ich wußte, wer drin saß.
3407 2143 4769 2273 Und mit Gefahr des Lebens. Seht mich an.
4213 2210 4905 2335 (Er weist auf sein Handgelenk.)
3516 2282 4264 2454 Flaminia: Verwundet?
4291 2375 4474 2483 Blut?
3534 2391 3773 2489 Anina:
4490 2438 5213 2543 Von Casanovas Degen.
3527 2469 3784 2570 Santis:
3525 2532 5103 2639 Andrea: Welch Abenteuer! Wie begab sich’s nur?
3539 2608 5124 2719 Santis: Nach meinem Morgenimbiß mit dem Lord
3425 2697 4746 2800 Kein andrer tränk' ihn untern Tisch als ich
3445 2788 4778 2902 Wünscht' ich in frischer Luft mich zu ergehn
3413 2849 4811 2971 Und nahm den Weg der freien Landschaft, zu,
3422 2942 4583 3061 Als hinter mir staubwirbelnd hufewild
3438 3038 4525 3130 Ein rasendes Gefährte näher stürmt.
3449 3101 4746 3210 Ich warte, schau', erkenne Wagen, Kutscher
3431 3177 4702 3280 Heda, wohin mit meinem Angeld, Schuft?
3438 3255 4666 3360 Und mitten auf die Straße hin gewurzelt
3443 3306 5007 3445 Wink' ich ihm Halt. Er aber schwingt die Peitsche,
3431 3427 4896 3541 Haut auf die Pferde, daß sie vorwärtsschnauben,
3438 3509 4742 3597 Bis ich, in Zaum und Zügel ihnen fallend,
3445 3572 4778 3686 Sie zwinge stillzustehn. Jedoch dem Wagen
3445 3661 4731 3751 Im gleichen Augenblick entspringt ein Kerl
3445 3733 4882 3831 Verdächt'gen Ansehns: In die Stirn das Haar,
3456 3811 4733 3920 Mit span'schem Bärtchen, manteleingehüllt,
3445 3902 4733 4039 Den Degen in der Hand, bedrohlich rollend
