5416 4040
3841 464 4015 588 99 —
1812 466 2027 592 98 —
3210 558 4679 693 TERESA: Viel tiefer! In Vergessenheit. Und nun
1197 572 2364 721 TERESA: Ja, wahrlich schön! (Zu Anara)
3138 678 4668 778 Nichts mehr, wenn du mich liebst. Frag’ ich? Und
1871 656 2644 787 Erlauben Sie, mein Herr?
4345 742 4670 850 [könnte —
3144 752 3543 874 Nicht wahr —
1630 760 2117 862 (Sie umarmt Anina.)
1130 805 2633 948 Und nun, was gab’s? Worin hab’ ich gestört!
3181 819 4670 942 (Zu den andern, insbesondere zu Anina und Flaminia gewendet.)
3520 913 4299 1046 Ich könnte auch — (rasch)
1130 917 2599 1042 Man kreuzte wohl die Klingen?— Doch warum?
4023 972 4662 1107 Doch tu' ich’s nicht.
1148 983 2644 1130 Und wer mit wem? Drei Degen seh’ ich nackt. (Zu Gudar)
3144 1052 4258 1197 Ich hab' dich wieder, so ist alles gut.
1152 1095 2417 1214 Wahrlich zu rechter Zeit, Herr von Gudar.
3473 1148 4325 1265 (In einem andern, bestimmtern Ton)
1140 1140 2548 1285 Was gab’s? Gibt niemand Antwort? Casanova!
3132 1216 4658 1336 Und nun, mein Liebster, rasch von deinen Freunden,
1197 1226 2668 1401 CASANOVA: Ich denke, wennhier wer zu fragen hat,
3120 1320 4519 1453 So wert sie dir und mir, Abschied genommen.
1136 1344 1728 1498 Ich wär’s, nicht du.
3126 1404 3569 1514 Wir reisen ab!
1739 1379 2425 1526 Geliebter, Ungetreuer!
1197 1432 1508 1575 TERESA:
3205 1471 4315 1596 CASANOVA (lachend): Wie meinst du?
1632 1487 2155 1616 (Ihn wieder umarmend)
4190 1549 4644 1659 Vor dem Tor —
3191 1563 3502 1661 TERESA:
1136 1545 2554 1685 Ich hab' ihn wieder — und so frag' ich nichts.
3132 1630 4644 1769 Nicht wahr, Gudar, Sie sahn ihn — steht mein Wagen.
1136 1659 2460 1788 Die Klingen eingesteckt — was es auch gab!
3187 1728 4644 1824 GUDAR: Und welch ein Wagen und wie reich be¬
1118 1739 2609 1865 Freut euch mit mir, mehr Glück ist in der Welt!
4393 1796 4664 1906 [spannt!
3191 1808 3837 1920 TERESA (zu Casanova):
1197 1835 2495 1972 CASANOVA (teilweise belustigt, teilweis ärgerlich):
3120 1871 4388 1988 Du hast nur eben Zeit, rasch einzupacken,
1148 1896 2413 2031 Wie sagst du: „Ungetreuer“? Du zu mir?
3132 1951 4435 2059 Wir müssen gleich davon. Bin auf dem Weg
1207 1976 2680 2133 TERESA: Wie denn? Warst du nicht ungetreu?
3120 2037 4245 2168 Nach Wien ans kaiserliche Hoftheater.
2427 2053 2683 2168 Hast du
3120 2141 4303 2233 Sechstausend Gulden Gage. Erste Rolle,
1116 2157 2689 2337 Dich nicht — ich weiß nicht wie — aus mein em Herzen
3126 2211 4117 2325 Im König Rhampsinit die Sklavin.
1136 2241 2401 2356 Davongestohlen; — und mein armes Herz
3175 2294 3473 2401 GUDAR:
4131 2270 4393 2401 Zweite —
1128 2323 2388 2431 War leer mit einemmal, stand offen da —
3114 2339 4209 2464 Ich wett’, im Alexander die Royane.
1197 2403 2417 2513 CASANOVA: Und ließ wen andern ein.
3187 2448 4609 2564 TERRum Vielleicht die Ariadne; je nachdem.
2031 2452 2691 2591 Ich weiß nicht mehr.
1203 2507 1508 2609 TERESA:
3187 2527 4658 2638 GUDAR: Wie göttlich tanzten beide sie in Rom!
1134 2558 2560 2699 Was fragst du auch? Bin ich nicht wieder da?
3193 2623 4656 2758 CASANOVA: Und denkst, ich reise gleich mit dir
1189 2644 2360 2756 CASANOVA: Und wo der Andre?
4303 2687 4666 2783 nach Wien!
1908 2699 2664 2832 Tot! Wie Rhampsinit —
1197 2742 1504 2870 TERESA:
3175 2740 4685 2868 TERESA: Du sehnst dich lange hin. Nie gab es
1142 2813 2339 2932 Wie Alexander — wie mein UrgroBohm
4439 2854 4687 2989 [beßre »
3132 2858 3502 2962 Gelegenheit.
1148 2899 2345 3018 Und.andre, die in ihren Gräbern liegen.
4397 2950 4691 3044 G.C.H.F.P.
3187 2952 4245 3040 GUDAR: Nie holdere Gesellschaft.
4346 3013 4648 3142 G.C.H.F.P.
1154 2981 1922 3118 Was kümmern Tote dich?
3193 3036 4247 3161 TERESA: Und Fraun gibt’s dort —
1935 3036 2517 3201 Liegt er im Grab?
1230 3071 1645 3222 CASAN OVA:
