6680 4936
1745 431 2217 616 Arthur Schnitzler
944 538 3048 743 Tito: Gnädige Frau werden Ihre Wette gewinnen. Und wenn gnädig
862 674 1903 809 Frau sonst noch etwas wünschen?
950 754 1640 873 Anina: Nichts mehr.
964 806 1729 958 Tito: Ich meine nur...
964 886 2123 1019 Anina (ungeduldig): Was willst du denn?
944 908 3046 1071 Tito: Wir haben hier im Hause auch noch andere Zimmer. Mit un¬
845 1060 3057 1174 sichtbaren Türen. Wenn man an ihnen vorbeigeht, so merkt man nichts
845 1132 3059 1306 Sie fallen umhörbar ins Schloß. Unsere schönften Zimmer.. mit den
831 1215 2604 1323 breitesten Betten. Und Spiegel überall, sogar an der Decke.
886 1256 2844 1447 Anjua: Fragt' ich dich drum? — Wir sind hier ganz zufrieden,
837 1381 1646 1519 Ich und Herr Bassi auch.
944 1447 2364 1563 Tito: Ja, wenn es auf die Ehegatten ankäme —
944 1544 3073 1643 Anina: Willst du nicht endlich gehen? Da — (Sibt ihm wieder ein Goldstück.)
958 1607 3068 1762 Tito: Wenn ich statt dieses letzten Goldstückes um einen Kuß bitten
856 1684 1162 1809 dürfte
939 1756 1712 1886 Anina: Du bist verrückt.
881 1833 3079 1972 Tito: Das wäre wohl möglich, gnädige Frau, — und wahrhaftig kein
862 1919 1124 2049 Wunder.
950 1994 1701 2121 Anina (rußt ihn rasch): Da.
939 2088 1646 2209 Tito: Ich fliege. (Ab.)
944 2148 3073 2270 Anina (allein): Was wird aus mir? Was ward aus mir? (Es klopft lints.)
864 2206 1207 2375 Wer ist's?
944 2322 2308 2458 Flaminia (im Nebenzimmer): Ich bin's, Flaminia.
2300 2369 2877 2529 Ja, ich öffne gleich.
950 2413 1204 2529 Anina:
1400 2452 2488 2571 (Sie schließt die Türe links auf, die versperrt war.)
1745 2549 2184 2640 Anina — Flaminia.
964 2573 2750 2717 Flaminia: Schon angekleidet —? Guten Morgen, Liebste —
850 2695 2353 2830 So früh? Ich bin noch nackt. Ja, seh'n Sie nur.
1734 2775 2195 2866 (Sie lüftet ihr Kleid.)
867 2800 2140 2941 War's unbescheiden, daß ich einfach klopfte?
850 2891 2761 3018 Da wir doch Nachbarn sind — (bittet um sich) Dies Zimmer hab' ich
850 2990 2284 3101 Auch einmal schon bewohnt. Ja, ich erkenn' es!
848 3057 2325 3164 Drei Tage nur. Im Herbst. Wir mußten heizen.
864 3151 2041 3236 O, Kälte hass' ich. Denken Sie, ich sah
848 3200 2289 3327 Den ersten Schnee als sechzehnjähriges Mädchen.
867 3308 2203 3441 Denn in Palermo schneit es nie. Bei Ihnen
856 3369 1312 3485 In Mantua —
942 3421 1682 3584 Anina: Ferrara
964 3537 1306 3642 Flaminia:
1698 3518 2289 3650 Kommt's wohl vor
862 3581 2239 3706 Ja, ihr im Norden seid beinah' schon Deutsche.
1784 3703 2148 3835 (Beim Fenster.)
848 3741 1524 3899 Ein wunderbarer Tag.
972 3819 1408 3929 Anina:
1519 3783 2060 3951 Zu schön beinah'.
870 3888 1734 4042 Ob kein Gewitter kommt —?
4490 420 4918 580 Die Schwestern
4484 533 5089 690 Da fing das Pharo
3689 516 4029 688 Flaminta:
3573 635 5053 762 Gleich nach der Tafel an. Gut für Herrn Bassi,
3590 734 4929 856 Wenn er so glücklich spielt wie gestern abend.
3692 815 4476 939 Anina: Sie nahmen teil?
4484 842 5315 1019 Nein, Santis sagt' es mir.
3678 892 4034 991 Flaminia:
3678 958 4470 1102 Anina: Auch er gewann?
3667 1047 4023 1168 Flaminia:
4495 997 5412 1182 Man zwingt das Schicksal nicht
3559 1096 5042 1251 So gab er's auf, kaum, daß das Spiel begonnen.
3573 1215 4979 1328 Auch liebt er's nicht, wenn wer am Tische sitzt,
3584 1295 4965 1403 Der schuldig bleibt, und wenn der böse Zahler
3581 1370 4581 1499 Zu allem Unglück Casanova heißt.
3678 1447 4589 1579 Anina: Ich glaubt' ihn reich
4617 1475 5503 1662 Reich, der? An Worten, ja,
3670 1519 4020 1624 Flaminia:
3565 1552 4945 1706 An Lügen. Glauben Sie vielleicht die Fabel,
3579 1682 4785 1803 Die er uns aufgetischt von seiner Flucht
3573 1762 4835 1869 Aus dem Gefängnis, drein der Hohe Rat
3590 1839 4829 1960 Venedigs ihn aus guten Gründen sperrte?
3570 1889 5208 2052 Dies Bohren, Sägen, Rutschen, Klettern, Schwimmen,
3565 2002 4827 2101 Und keiner hört ihn, keiner sieht ihn. keiner
3579 2096 4863 2173 Erkennt ihn, und im Mondenscheine sitzt er
3584 2151 5025 2297 Auf einem Dach und nimmt noch einen mit —?
3592 2242 4048 2355 Zu albern ist’s.
3678 2300 4506 2452 Anina: Doch er entkam
4520 2350 4857 2504 Wer weiß.
3678 2388 4015 2507 Flaminia:
3590 2474 4918 2593 Er war vielleicht nie eingesperrt. Und wenn,
3573 2549 4719 2665 So saß er seine Strafe ab wie andre.
3579 2615 4904 2772 Und wenn er floh, wer sagt, daß es gelang?
3584 2712 4570 2839 Er stürzte ab vom Dach, ertrank
3684 2805 4128 2905 Anina (lachend):
4639 2772 5078 2908 Und lebt....?
3667 2833 5412 3018 Flaminia: Vielleicht auch nicht. Er muß es ja nicht sein
3601 2960 4076 3076 Ein Schwindler.
3692 3029 3998 3134 Anina:
4092 2985 4918 3145 Und der wahre Casanova?
3678 3095 5089 3220 Flaminia: Entweder Casanova oder wahr.
3590 3184 4230 3311 Doch beides — nein!
3678 3275 3938 3374 Anina:
4227 3225 5072 3410 Sie aber müßten's wissen,
3565 3325 4860 3454 Da Sie ihn doch in früh'rer Zeit gekannt?
3675 3424 5401 3565 Flaminia: Gekannt? Gesehn. Gesprochen. Oder nein
3592 3510 4951 3650 Er sprach, nur er. Ich glaube, dieser Mensch
3590 3598 4898 3692 Hat keines andern Stimme je gehört..
3590 3672 4912 3772 Dreimal im Leben bin ich ihm begegnet,
3579 3758 4943 3857 Und jedesmal, kaum war der Gruß gewechselt,
3595 3835 4752 3946 Erzählt er die Geschichte seiner Flucht,
3595 3902 4896 4054 Mit gleichem Wort, mit gleichen Tone fast.
