7128 5224
2033 469 2524 623 Arthur Schnitzler
1226 561 3094 760 Teresa (zu Casanova): Du hast nur eben Zeit, rasch einzupacken,
1148 732 2550 863 Wir müssen gleich davon. Bin auf dem Weg
1148 804 2343 916 Nach Wien ans kaiserliche Hoftheater.
2522 846 2756 955 G.C.H.F.P.
1148 866 2424 1016 Sechstausend Gulden Gage. Erste Rolle,
1162 949 2268 1131 Im König Rhampsinit die Sklavin.
2256 989 2603 1192 Zweite —
1262 1072 1533 1192 Gudar:
1153 1083 2268 1293 Ich wett, im Alexander die Roxane.
2815 1159 3264 1285 G.C.H.F.P.
1248 1173 2611 1335 Teessa: Vielleicht die Ariadne; je nachdem.
2806 1243 3320 1360 G.C.H.F.P.S.
1262 1290 2731 1444 Gudar: Wie göttlich tanzten beide sie in Nom!
1273 1318 3345 1511 Casanova: Und denkst, ich reise gleich mit dir nach Wien?
1271 1430 3192 1578 Teresa: Du sehnst dich lange hin. Nie gab es vessre
2301 1561 2692 1667 G.C.H.F.P.S.
1181 1550 1550 1709 Gelegenheit.
1285 1569 2806 1756 Gudar: Nie holdere Gesellschaft.
1279 1737 2321 1857 Teresa: Und Frau'n gibt’s dort
2357 1729 2860 1913 Und Männer
1293 1829 1857 1935 Casanova (lachend):
2885 1798 3365 1972 Gott sei Dank!
1293 1907 1759 2016 Tere sa (ebenso)!
1293 1904 3139 2069 Casanova: So laß dir's wohl ergehn. Was mich betrifft —
1201 2052 2600 2156 Man wartet anderswo auf mich. In Brüssel,
1206 2120 2005 2268 In Petersburg, Madrid —
2402 2117 2935 2231 G.C.F.P.S.
2052 2195 2885 2326 Drum wählt. du Wien
1290 2231 1586 2346 Teresa:
1310 2254 3033 2404 Casanova: Und wollt' ich auch, ich könnte gar nicht fort.
1198 2374 2698 2522 Manch dringendes Geschäft. hält. mich zurück.
2203 2449 2483 2564 (Zu Santis)
3091 2402 3323 2544 G.C.F.P.
2619 2446 2860 2577 G.H.F.P.
1218 2485 1851 2650 Nicht wahr, Baron?
2108 2536 2376 2614 G.C.H.F.P.
1299 2541 2675 2695 Santis: Wieso? Mich meinen Sie?
1204 2656 2519 2781 Wenn es nur das ist, reisen Sie mit Gott.
1215 2706 2698 2871 Ich weiß nichts mehr davon. Hier meine Hand.
1326 2837 2416 2949 Casanova: Und hier die meine.
1326 2840 2712 3019 Teresa (glaubt zu begreifen): Wie, Flaminia, Sie?
1229 3016 2703 3108 Ich dacht' mir's gleich. Der wilde rote Mund —
1220 3083 2633 3239 Die himmlische Figur — wie gut versteh' ich's.
1667 3105 2927 3295 (Sie seufzt, dann umarmt sie Flaminia stürmisch.)
1332 3203 1879 3337 Gudar (applaudiert).
1340 3228 2731 3407 Teresa: Nun aber, Casanova, laß uns reisen.
1321 3354 3052 3499 Casanova: Noch einen seh' ich, der vielleicht die Abfahrt
1248 3457 2240 3594 Mir wehren könnte —
1949 3510 2913 3700 Wer kann wem was wehten?
1318 3544 1821 3675 Andrea (vitter):
2122 3616 2636 3706 (Steckt den Degen ein.)
1321 3669 2399 3842 Santis: So spricht ein Philosoph
2402 3700 2996 3854 Wohlfeiler Spott.
1340 3775 1648 3876 Andrea:
1332 3829 2974 3957 Santis: Sie nannten Tropf mich, also sind wir quitt.
1346 3923 2388 4030 Casanova: Andrea, Ihre Hand.
1346 4002 2644 4147 Andrea (reicht fte ihm): Glück auf die Reise!
4865 480 5348 659 G.C.H.F.P.
4929 606 5381 740 Die Schwestern.
5579 586 6121 760 G.C.H.F.P.
4133 690 6177 857 Teresa. zu Anma): Auch Sie, mein schönes Kind? Nun ja, wer kann
4024 801 5993 972 Ihm widerstehn. Wie war Ihr Name doch?
5286 888 6205 989 G.C.H.F.P.S.
4133 919 5169 1003 Gudar (antwortet für Anna): Anina.
4127 983 6082 1081 Teesa: Held und unschuldsvoll. Wie konnt'
4027 1053 6144 1198 Es anders sein. Anina — an mein Herz!
4856 1125 6130 1220 (Sie umarmt sie stürmisch.)
4133 1156 6135 1321 Tito (Commt rasch herein): Verzeihung —
5177 1285 6197 1385 Votre même sérieuse, mais elle n'y ai-
4136 1296 4979 1419 Casanova: Suchst du wen?
5024 1343 5820 1466 Was will der Bursch?
4147 1379 4404 1480 Santis:
4147 1391 6286 1575 Tito: Mein Auftrag geht an die berühmte Tänzerin Teresa aus Neapel.
4133 1530 4717 1636 Teessa: An mich?
4736 1544 5557 1689 Was willst du von Teresa
5873 1592 6082 1709 G.C.H.F.P
4133 1606 4485 1706 Casanova:
4147 1653 5767 1818 Tito (verbeugt sich tief vor Teresa): O, ich dachte mir's gleich.
5828 1673 6057 1787 G.C.H.F.P.S
4127 1770 4878 1879 Teosa: Was willst du
4912 1779 5147 1958 Sprich!
4138 1854 4485 1966 Casanova:
5166 1851 6157 2044 Es ist nur für die Dame.
4147 1927 4340 2030 Tito:
4147 1941 5345 2136 Casanova: Hier gibt es kein Geheimnis
5378 2011 5727 2200 Rede nur
4138 2078 4395 2178 Teresa:
4147 2094 4918 2276 Casanova: Nun, wird’s?
4127 2175 6297 2354 Tito: Doch bitt' ich, keineswegs mich entgelten zu lassen, wenn es den
4038 2315 5390 2416 Herrschaften irgendwie unangenehm sein sollte.
5931 2323 6194 2452 G.C.H.F.P
4127 2360 5873 2533 Casanova: Rasch, ohne Vorwort, wer fragt nach Teresa
5898 2421 6152 2583 G.C.F.P.
4049 2463 4370 2608 Ein Herr?
4946 2519 5306 2617 (Zu Terefa)
4404 2552 6144 2703 Darum die Eile? Ein Verfolger
5040 2664 5515 2748 (Zu Tito)
5588 2636 6202 2762 G.C.H.H:H:S
4044 2672 6208 2820 Nun, Tito, sprich! Ein Herr? Ein junger Herrr?
4138 2801 4714 2918 Tito: Nein, zwei.
5800 2820 6116 2924 G.C.F.P.
5149 2823 5462 2946 G.C.F.P.
4133 2846 4943 2991 Casanova: Wie? Zwei?
5630 2901 6155 3027 G.C.H.F:H:S:
4147 2913 5348 3097 Tito: Aber sie gehören nicht zusammen.
5806 2985 6155 3097 G.C.H.P.
4147 3047 4792 3147 Teesa: Nun also —
4138 3091 6294 3209 Tito: Sie kamen fast in der gleichen Minute an, jeder in einer andern
4046 3183 6294 3301 Kutsche, und beide fragten mich, ob in diesem Gasthof nicht die berühmte
4046 3262 6294 3390 Tänzerin Teresa abgestiegen sei. Jeder insgeheim. Einer weiß nichts vom
4032 3362 5356 3488 andern. Sie kennen sich wohl nicht einmal.
4152 3412 5719 3560 Gudar: Wie sollten sie, wenn Rhampsinit der eine,
4044 3519 5233 3611 Der andre gar der große Alexander!
4049 3591 6141 3700 Wo hätten sich die zwei begegnen sollen?
4144 3672 6308 3812 Tito: Sie haben ihre Namen nicht genannt. Vielleicht heißen sie so,
4044 3753 5247 3884 aber ich könnte nichts Bestimmtes sagen.
4152 3803 6244 3965 Teessa: Ich kenn' sie nicht, man jage sie zum Teufel.
4158 3907 5105 4041 Casanova: Du kennst sie nicht?
6026 3921 6216 4016 "
5113 3929 6169 4141 Und wer sie immer seien —
4133 3999 4440 4105 Teresa:
6160 3949 6537 4147 R.J.F.BUCHDRUDC
4055 4032 4800 4214 Ich kenne sie nicht mehr.
6180 4111 6518 4231 GEISEL & C
5915 4197 6481 4398 20 Aus. 1919
5901 4362 6423 4566 Al. TENE, in
