5336 4040
1783 554 1967 692 94
1089 668 2411 823 Si ch Anspruch gegen Anspruck trotzig stellt,
1101 766 2334 904 Und die verliebten Damen nicht geneigt,
1106 866 2375 989 Verzicht zu leisten, weniger noch zu teilen.
1167 955 2088 1063 CASANOVA (zum Fenster binaus):
1089 1014 2256 1133 Rubinrot funkelt der Burgunderwein —
1101 1103 2453 1220 Der Lord hält bei der zweiten Flasche schon.
1161 1199 2648 1331 SANTIS: Aus Amsterdam die Wittib bei der dritten.
1176 1267 1916 1394 CASAN OVA: Zu Tisch!
1176 1345 2635 1483 ANDREA: Noch nicht, Sie machen’s sichzu leicht.
1118 1441 2434 1536 Sie sollten sich die Mahlzeit erst verdienen.
1182 1538 2650 1649 CASANOVA: Auch jetzt noch, da ich selbst Gast-
2311 1589 2646 1698 geber bin?
1176 1683 2648 1806 SANTIS: Die Rollen sind vertauscht, dafür fand ich
1116 1768 2423 1895 Die Lösung des Problems und fand zugleich
1123 1859 1681 1973 Der Fabel Schluß.
1662 1940 2046 2067 Wahrhaftig?
1178 1942 1615 2050 ANDREA:
2044 2003 2406 2126 Aufgepaßt.
1184 2027 1538 2147 SANTIS:
1112 2084 2487 2226 Der Jüngling zweifach glücklich, wie Andrea —
1131 2181 2315 2305 Wie Casanova meint, zweifach betrogen,
1118 2254 2413 2370 Der nachts die eine hielt in heißen Armen,
1123 2366 2364 2470 Jedoch im Geist der andern Bild umfing,
1116 2417 2495 2542 Er muß, daß allen drein nach Recht geschehe,
1112 2508 2466 2629 In einer Nacht, gleich der verfloßnen dunkel,
1116 2585 2262 2722 Beseligt an der andern Herz gedrängt,
1118 2663 2434 2797 Der einen Bildnis sich ins Auge träumen —
1118 2744 2476 2863 Und wieder, eh' der Morgen graut, entfliehn
1197 2837 2669 2973 CASANOVA (bat bei diesen Worten in sinngemäßer Weise bald
1148 2914 2041 3051 auf Flaminia, bald auf Anina geblickt).
1191 3007 1687 3124 SANTIS (stolz):
1137 3079 2262 3200 So lös' ich das Problem als Philosoph,
1137 3164 2339 3289 Und als Poet beschließ' ich die Novelle.
3168 601 4656 728 ANDREA: Und klatschen Beifall selber sich als Tropf.
3168 704 4208 817 SANTIS: He, wie? (Will auf ihn los.)
3187 781 4645 906 CASANOVA: Kein neuer Aufschub, wenn’s beliebt.
3187 855 4645 995 SANTIS: Die Antwort auf den Tropf zum Nach¬
4286 940 4652 1042 tisch, Herr!
3187 1016 4645 1165 CASANOVA: Und nun zu Tisch, ich bitte, meine
4393 1097 4656 1226 Damen.
3181 1195 4155 1309 ANDREA (sicb vor die Türe stellend):
3126 1278 4592 1392 Es gibt ein Vorgericht, wir wollen sehn, (zu Casanova)
3132 1350 4651 1507 Wem von uns zwein nachher das Mahl noch schmeckt.
3198 1447 3898 1558 CASAN OVA: So eilig?
3191 1526 4008 1642 ANDREA (den Degen ziebend):
3862 1591 4246 1719 Zieh'n Sie!
3939 1678 4622 1789 Wie der Braten duftet —
3198 1695 3643 1812 CASANOVA:
3132 1787 4431 1891 Getrüffelte Pasteten, Ungarwein! (Zu Andrea)
3130 1835 4562 1973 Zwei Bissen und ein Schluck, nachher den Tod!
3187 1914 4671 2035 ANDREA: Vor allem unser Gang, und einer nur
3149 2026 4528 2148 Von uns, ich schwör's, soll irdisch weitertafeln.
3139 2096 4238 2220 Sie oder ich, der andre in der Hölle.
3211 2131 4683 2288 CASANOVA: Im Paradies, wenn's sein muß, aber
4452 2237 4688 2362 gleich.
3192 2283 4038 2464 SANTIS (allmäblich verstehend):
3155 2404 4480 2557 Wieso? Warum? War’s etwa kein Problem?
3211 2508 4694 2623 CASANOVA (bat auch den Degen gezogen, stellt sich Andrea
3162 2587 3412 2691 gegenüber).
3192 2659 3966 2761 FLAMINIA (zwischen sie):
3151 2687 4514 2844 Halt! Ich erlaub' es nicht! Mein Casanova!
3191 2824 4000 2933 SANTIS (glaubt zu begreifen):
3162 2888 4681 3017 Flaminia, wie? Bei dir heut' nacht — ist’s möglich?!
3155 2965 4550 3100 Bei dir, statt bei Anina? — Nun versteh' ich.
3162 3066 4467 3208 Dein Casanova! Ha, nicht übel, wahrlich —
