7176 5096
1932 545 2820 713 Arthur Schatyler
1475 590 1840 733 G.M.
1121 652 3171 812 Sautis: Da naht ein Jüngling, und in Lieb' entbrennt sie.
1022 786 2949 882 Trotzdem die Mutter sie mit Macht behütet
1034 845 3188 972 Und mit der Schwester das Gemach sie teilt.
2300 913 3269 1034 G.C.H.F.FF.P.S.
1135 941 1938 1095 Casanova: Die Mutter?
1946 1006 3267 1135 Nein, die Schwester.
1129 1031 1483 1129 Sautis:
2424 1076 3278 1197 Dacht' ich's doch.
1135 1112 1491 1213 Casanova:
1149 1135 3261 1284 Santis: Schon freuk sie sich, der Anschuld holde Blume
2702 1241 3236 1357 G.C.H.F.P.
1034 1261 2550 1365 Auf dem Altar der Liebe hinzuopfern.
1065 1320 3312 1458 Wie manche tat vor ihr und manche um wird.
2800 1399 3387 1514 G.C.H.F.P.S.
1138 1416 2182 1542 Casanova: Das walte Gott.
2036 1503 3390 1612 Doch anders kam es hiek.
1140 1511 1477 1618 Santis:
2890 1562 3286 1677 G.C.F.P.
1048 1564 2427 1694 Schon war der Tag der Hochzeit festgesetzt.
1154 1638 3354 1781 Casanova: An Anem Tag für beide Schwestern wohl;
2890 1713 3359 1828 Votre très-même
1166 1747 2677 1848 Santis: Nein, für die eine nur. Versammelt ist
2896 1798 3247 1921 G.C.H.F.P.
1053 1812 2609 1938 Der Hochzeitsgäste Schar, die Braut geschmückt
2989 1876 3202 1975 G.C.F.P.
1067 1902 2278 2019 Doch einer fehlt, o Jammer ohne Maß:
2798 1941 3210 2081 G.H.F.P.
1067 1977 2275 2081 Es wird der Bräutigam, ein Edelmann,
2674 2039 3283 2163 G.C.H.F.P.S.
1065 2076 2205 2157 Durch dringende Geschäfte abgehalten.
1076 2135 3331 2225 Es schluchzt die Braut, der Mutter Tränen fließen
1076 2194 3334 2345 Die Gäste flüstern: Welch ein Bräutigam
2303 2272 3354 2404 G.C.R.M.S.
1056 2289 2188 2424 Und schütteln ihre Köpfe ohne Zahl.
2876 2345 3253 2460 G.C.H.F.P.
1845 2368 2587 2486 —  — ̃
1154 2373 1705 2503 Andrea: Genug.
1163 2432 3258 2562 Santis! Wieso? Hoeben fang' ich an.
1168 2522 3191 2632 Andrea: And sind so tief in Ansinn schon verstrickt
2828 2598 3194 2699 G.C.H.F.P.
2573 2609 2795 2708 G.H.F.P.
1079 2598 2371 2744 Daß nirgendwo ein Ende abzusehen.
1166 2680 3300 2795 Santis: Ein jeder, wie er kann. Man lernt's allmählich,
2907 2750 3292 2868 G.C.F.P.
1065 2767 2413 2890 Hätt' ich gealnt, wie hübsch das Dichten ist,
2941 2826 3306 2949 G.C.H.F.P.
2444 2781 2823 2941 G.C.P.
1065 2859 2314 2963 Ich hätt's in meiner Jugend schon geübt.
1182 2938 2826 3050 Andrea (taftia): Ein andermal den Inhalt der Novelle
1081 3003 2441 3109 Wenn Casannova wünscht. In wenig Worte,
1087 3112 2407 3188 Gleichwie ein mathematisches Problem,
1076 3180 2416 3283 Dräng' ich die Frage, die der Lösung harrt.
1076 3244 2466 3368 Durch Zufallsspiel umarmt ein junger Mann
3050 3300 3272 3413 G.C.F.P.
1076 3334 2385 3429 Anstatt der Dame, die ihm Huld versprach,
3050 3376 3286 3494 G.C.F.P.
2460 3396 2680 3503 G.C.F.P
1087 3410 2379 3531 Nachts eine andre, die ihn nicht erwartet.
1191 3503 2452 3620 Santis: Die Schwester.
1927 3519 2983 3668 Das gilt gleich, da's ein Probleur
1177 3561 1483 3674 Andrea:
1087 3620 2553 3744 In Schreck und Lust verstummend, glaubt sie fest,
1070 3719 2710 3842 Daß jener weiß, mit wem er glücklich ist.
1084 3800 2463 3935 Am nächsten Morgen reist der Züngling äb=
1081 3893 2371 4022 Die beiden Damen aber im Gespräch
1081 3969 2278 4090 Vertrau'n, verraten absichtslos einander
1166 4059 2247 4188 die Abenteuer des verfloßnen Nacht.
2095 4137 2253 4241 G.H.F.P
4817 340 5255 514 Die Schwesterin
3896 483 5095 652 Und wie sie nun erkennen, was geschah,
3924 593 5053 722 Sieht jede sich als die Betrogne an;
3929 680 5056 781 Die eine, die nach ihm geseufzt, indes
5325 694 6064 829 a M r de M r V:A:S
3924 727 5219 893 Entzückt er sich in ihren Armen wähnte;
5269 786 6157 907 mais je Vous en aiendre même ai-
3932 845 5098 938 Die andre, die in Wahrheit er umfing;
5205 868 6148 994 G.C.H.F.P.F:P:S
3935 924 5120 1034 Doch da sie nun erfährt, daß seine Glut
3938 955 6148 1101 Nicht ihr gegolten, wandelt sich der Wohnen
5390 1028 6146 1140 Votre amié été dans le même
3946 1081 5193 1230 Besänftigt Nachgefühl in Sehnsuchtspein.
5455 1101 6073 1219 G.C.H.F.P.P
3924 1154 5039 1270 Und jede so, von Eifersucht verwirrt,
3941 1188 6143 1329 Entschlossen, ihrem Jüngling nachzueilen
3941 1267 6168 1407 Von ihrem Anspruch jede als dem bessern
3941 1351 6157 1494 Dem einzig gült'gen überzeugt, ihr Recht
3935 1427 6176 1576 Mit Macht behauptend, sucht die andre erst
5859 1497 6157 1612 G.C.H.F.P
3938 1539 5303 1663 In Worten gütlich zum Verzicht zu stimmen;
3946 1618 5438 1744 Bald aber reicht das Wort nicht aus; kein Fluch
3935 1719 5283 1809 Und keine Drohung wirkt; die Augen sprühn
3946 1800 5297 1907 In Haß, die Stimme bricht, mit Nadeln spitz
3952 1868 5191 2003 Stürzt eine auf die andre; endlich blitzt
3935 1958 4297 2059 Ein Dolch
3988 1969 5272 2135 Santis: Oho! Die Phantasie gezügelt!
3946 2090 5398 2227 Trifft so ein Ding ins Herz, ist’s mit der Dame
3935 2185 5191 2292 Und auch mit dem Problem ist es vorbei.
3983 2196 5775 2416 Casanova: Doch nehm' ich an, die Dolche waren stumpf,
3952 2334 5382 2452 Und da's dem Wort, so wohlgezielt es sei —
3946 2430 5533 2533 An Kraft gebricht, zu töten, nehm' ich an — (mit Iron
3946 2494 5533 2607 Zu des Problems und zu des Jünglings Glück
3952 2595 5247 2682 Die schönen Damen sind lebendig beide.
3966 2629 5525 2758 Mir aber — rat' ich recht? — bleibt zu entscheiden,
3958 2739 5294 2859 Wer die zumeist Betrogne sei von ihnen.
3958 2812 5317 2924 Denn beide sind's, kein Zweifel, und zugleich
3963 2887 5362 3022 Betrügerinnen — schuldlos zwar — jedoch
3966 2983 5311 3076 Sie sind's. Die eine, die versprochene Gunst
3966 3059 5488 3143 — Wie's immer kam — dem Jüngling vorenthielt,
5884 3087 6123 3191 G.C.P.
3958 3123 5685 3219 Die andre, die ihm höchste Huld gewährt,
3972 3199 5559 3362 Doch — wie sich's auch gefügt — nicht als sie selbst.
5575 3236 5926 3370 G.M.F.P.
3958 3286 5244 3410 Lns so erscheint in diesem Zufallsspiel
3972 3303 6207 3463 Die eine nicht und nicht die andre, sondern
3966 3407 6117 3567 Der gute Jüngling als zumeist betrogen.
5224 3474 6190 3668 betrogenl? Der vielmehr
4064 3539 5171 3646 Andrea: Der Jünglingel — Wie -
3969 3620 5449 3730 Zwiefach beglückt war?
4674 3623 6210 3800 Nein, zwiefach getäuscht.
4073 3696 4435 3803 Casanova:
3958 3730 6207 3929 Und rühmt er etwa seines Sieges sich,
5171 3795 6230 3924 ###
5794 3969 6025 4120 PIERÉR
