5336 4040
1766 544 1944 684 84
2102 665 2621 774 Wenn’s beliebt —
1135 672 1572 813 CASAN OVA:
1095 772 2369 878 Mein Durst und Appetit sind nicht gering.
2434 757 2619 868 FJ
1128 861 2621 961 SANTIS: Doch sollen Sie das Mahl sich erst verdienen.
1564 943 2190 1041 (Zu Anina und Flaminia)
1095 986 2638 1116 Nicht wahr? Gleich ist’s geschehn. Nur eine Frage.
1159 1095 2035 1235 CASAN OVA: So fragen Sie.
1931 1143 2638 1291 Sie müssen näher treten.
1147 1187 1462 1289 SANTIS:
1166 1233 2329 1376 FLAMINIA: Bemühn Sie sich herein.
1160 1341 2649 1454 ANINA (um die Ecke deutend): Dort ist der Eingang.
1172 1426 2632 1524 CASANOVA: Wozu noch Zeit versäumen? Mit
1118 1520 1370 1639 Verlaub.
1376 1558 2400 1683 (Er springt über die Brüstung ins Zimmer.)
1160 1671 2146 1779 SANTIS (lacht): Er ist’s gewohnt.
1166 1725 2655 1854 CASAN OVA (sich verbeugend): Hier bin ich. (Gewabrt
1992 1818 2649 1950 Andrea) O, Herr Bassi.
1112 1904 2440 2031 Wir sehn uns früher wieder, als wir dachten.
1172 2008 2190 2131 SANTIS (Casanovas Anzug bewundernd):
1112 2090 1681 2200 Ei, welche Pracht!
1183 2152 2453 2275 CASANOVA: Ich denk’, es gibt ein Fest?
1112 2256 2350 2363 Man kleidet sich, so gut man eben kann.
1183 2327 2029 2457 SANTIS: Die Kette! Neu?
1998 2402 2357 2519 Ich glaube.
1183 2423 1894 2559 CASANOVA (beiläufig):
2223 2482 2649 2594 Und die Dose?
1191 2501 1483 2624 SANTIS:
1124 2590 1495 2690 Smaragden -
1195 2596 2517 2790 CASANOVA: Einer nur. Mit einem Fehler.
1197 2745 2159 2872 SANTIS: Man merkt ihn kaum
1201 2803 2682 2957 CASANOVA(ibr die Dose reiebend): Hier, nehmen Sie,
2438 2897 2671 3020 Baron.
1183 2957 1964 3107 SANTIS: In keinem Fall.
1919 3014 2682 3174 Mein Retter, nehmen Sie!
1203 3074 1647 3184 CASAN OVA:
1183 3159 2094 3303 SANTIS: Ich will sie kaufen.
3648 265 3879 446 — 85 —
3741 415 4551 563 Nicht um fünfzig Goldstück
3061 450 3516 586 CASAN OVA:
3028 536 3535 674 Wär' sie mir feil.
3066 615 4110 745 SANTIS: Sie dringen sie mir auf.
3408 690 4169 811 (Steckt sie ein; draußen Unrube.)
3072 720 4540 901 ANDREA: Doch Ihre Gäste werden ungeduldig.
3078 866 3935 997 SANTIS: Wahrhaftig. (Ruft):
3716 916 4509 1057 Man beginne aufzutragen.
3013 1014 4444 1151 He, eingeschenkt! Verzeiht, gleich kommen wir.
3084 1107 4348 1218 CASANOVA (seine Ungeduld verbergend, böflicb):
3030 1183 4304 1322 Die Frage nun. Ich warte. Sprechen Sie.
3103 1251 4551 1381 SANTIS: Die Frage, hm. Wie fass' ich sie nur klar;
3101 1343 4215 1481 FLAMINIA: Herr Bassi, fragen Sie.
4125 1401 4544 1508 Andrea, frage
3097 1460 3391 1556 ANINA:
3095 1493 4563 1633 ANDREA: Nichtich war’s, dem derkühne Einfallkam,
3036 1593 4085 1725 Die Antwort Casanova aufzugeben.
3097 1656 4576 1812 SANTIS: Nun, so versuch' ich's. Merken Sie wohl auf.
3047 1744 4580 1892 (Beginnt einfach, redet sich aber rasch in selbstgefällige Begeisterung
3706 1844 3910 1956 binein.)
3034 1894 4528 2042 Zwei Schwestern schön und jung, jedoch die eine
3053 2008 4296 2121 Noch jünger als die andre; und die andré
3049 2096 4025 2225 Ein wenig älter, aber beide jung.
3109 2159 4113 2282 ANDREA: So wird es etwas lang
4081 2221 4586 2332 Und beide schön.
3109 2261 3639 2375 SANTIS (unbeirrt):
3061 2306 4450 2436 Von holdem Wuchs, von zarter, weißer Haut,
3059 2407 4515 2542 Teils blind, teils braun und ziemlich wohlgesittet.
3061 2482 4413 2634 Ja, ziemlich nur, wie gleich sich zeigen wird.
3126 2578 3954 2709 ANDREA: Sie greifen vor.
3889 2638 4613 2753 Doch ich verrate nichts.
3120 2676 3439 2782 SANTIS:
3072 2720 4229 2847 Gesittet — bis zu der Novelle Anfang.
3130 2788 4578 2941 CASANOVA: Novelle — so? Wie nennt der
4215 2857 4634 3024 Dichter sich!
