7064 4952
1915 468 2398 637 Arthur Schnitzler
1030 584 2554 766 So strahlend sich am Schluß des Mädchens Treus
1035 716 2295 829 Als albern ihres Liebsten Mißtrau'n weist.
1035 790 2324 917 Doch ist dein Wesen solchen Spielen fremd
1041 864 2446 1009 — Wie mein Geschmack. Flaminien überlaß es
1035 946 2176 1051 Und ihresgleichen, mit Gefühlen Spott
1033 1035 2295 1136 Zu treiben, die ein Herz nicht fassen kann,
1035 1133 2343 1228 Dem Liebe ein Geschäft, ein Spaß vielleicht,
1030 1202 2256 1297 Im höchsten Falle flücht'ge Lust bedeutet.
1030 1276 2248 1387 Bei Gott, die Galle stieg mir, als ich sie
1030 1347 2182 1447 Und ihren saubern Santis, den Baron,
1022 1426 2287 1540 Freundnachbarlich in unserm Zimmer fand.
1043 1498 2343 1609 Wie durftest du! — Und nicht genug daran,
1046 1574 2301 1685 Daß über unsere Schwelle du sie ließest —
1046 1667 2398 1788 Vertraut mit solchem Paare, ja verschworen!
1046 1741 2338 1865 Denn nur von ihnen ward es ausgeheckt. —
1038 1836 2404 1941 Wahrhaftig, nie hätt' ich's mir träumen lassen,
1041 1923 2345 2015 Daß du, kaum erst vom Elternhaus entfernt,
1043 1984 2258 2095 Mit solchen Leuten dich so wohl verstehst.
1123 2084 2528 2190 Anina: Doch nicht so sehr als du, Andrea, der
1046 2124 2232 2245 Im Reisewagen schon sich mit Flaminia
1041 2229 2301 2330 Vortrefflich unterhielt — wie an der Tafel,
1059 2306 2430 2414 Bei der du Glas auf Glas mit Santis leertest,
1041 2385 2340 2483 Um erst heut früh vom Spiele heimzufinden.
1136 2470 3172 2588 Andrea (aufarmend): Das also —?! Einmal und nicht wieder! Doch
1051 2530 2161 2652 Da's unserer Reise Zufall so gefügt,
1059 2631 2095 2728 So nützt' ich gerne die Gelegenheit,
1041 2697 2116 2808 In solches Treiben tiefer einzublicken
1051 2773 2200 2897 Als der gewohnten Tage Lauf gewährt.
1059 2837 2425 2982 Auch ging es leidlich aus. Sieh her. So viel
1931 2953 2380 3051 (öffnet den Sekretär)
1038 2974 2367 3125 Gewann ich. Gold genug, um noch ein Jahr
1046 3093 2393 3222 Und länger vornehm durch die Welt zu reisen
1043 3159 2501 3302 Doch wollen wir, ich schwör's dir zu, uns künftig,
1043 3254 2271 3365 Ob uns nun Deichsel oder Speiche bricht,
1049 3328 2158 3447 Vor so bedenklicher Gesellschaft hüten.
1043 3426 2279 3537 So ich wie du. Und jeglicher Versuchung
1046 3492 2256 3589 Mit einer kühnen Wendung zu entgehen;
1038 3571 2301 3692 Die Stätte drohender Wirrnis und Gefahr,
1046 3640 2224 3751 Sie sei von dieser Stunde an gemieden
1033 3727 2190 3869 Und mit der Eilpost fahren wir davon.
1027 3793 1556 3922 Uhrmach dich bereit.
1128 3869 1395 3980 Anina:
1574 3864 2544 4028 Ich bin's. Doch zweifl' ich fast
1033 3946 2071 4112 Ob unsere Wege miteinander gehn.
4614 523 5074 671 Die Schwestern
3798 639 5536 827 Andrea: Was soll's, Anna? Wenn ich deinen Scherz,
3711 766 4836 887 Den allzu bösen, dir so leicht verzieh,
3732 798 5145 967 Was kommt dich an, mir weiter noch zu zürnen,
3732 924 5016 1038 Daß eine Nacht — die erste und die letzte
3729 985 5103 1130 Ich dein vergaß mit Trunk- und Spielgenossen.
3724 1096 5100 1223 Nicht mit Flaminia, die — du sahst es wohl
3732 1160 5013 1276 Vor dir aus der Gesellschaft sich entfernte.
3830 1199 5393 1366 Anina: Willst du so gern mich mißverstehn, Andrea,
3732 1329 5116 1429 Und magst an Groll, an Rache lieber glauben,
3732 1400 5185 1532 Wovon mein Herz nichts weiß, als hinzunehmen,
3724 1476 4958 1609 Womit so oft dein unfroh schwerer Sinn
3724 1579 4900 1675 Umdunkelt unser junges Glück, und was
3724 1643 5153 1754 — O, faß es endlich, was ich selbst nicht fasse
3743 1719 4915 1862 Was Wirklichkeit geworden heute nacht.
3840 1804 4535 1931 Andrea: Sprich's aus.
4556 1841 5076 1999 Noch einmal —?
3838 1891 4097 1994 Anina:
5092 1896 5420 2081 Casanova?
3846 1973 4128 2065 Andrea:
3832 2050 4094 2150 Anina:
3846 2055 5158 2213 Andrea (zuerst starr, dann zieht er den Degen; auf sie zu).
3832 2153 5393 2303 Anina: Stoß zu! Wär' ich auf solches Ende nicht
3740 2277 4997 2417 Gefaßt gewesen, hätt' ich denn gesprochen?
3846 2295 5665 2470 Andrea: Er hat am Leben dich bedroht! Den Mund
3740 2435 5129 2551 Mit einem Knebel dir gestopft! — Er mengte
3761 2509 4910 2639 Bei Tisch ein Elixier dir in den Wein
3740 2583 5100 2699 Du hast es nicht gemerkt. Dergleichen Künste
3756 2686 5597 2773 Sind ihm vertraut. — Kein Zaubrer — doch ein Schurke.
3756 2768 5438 2853 Wer weiß es nicht —? Zu fliehn riet ihm dein Brief —
3766 2821 5454 2919 Er kann nicht weit sein. — O, mein Degen, glaubst du,,
3751 2919 5113 3014 Der in Bologna sich mit edleren kreuzte —?!
3751 2958 5871 3103 Ihn schänd' ich nicht. Er nicht den Degen ein.) Auf die Galeexen soll er.
3766 3061 4799 3199 Als ein Verbrecher — der er ist —
4844 3090 5182 3265 Vielleicht.
3848 3148 4115 3254 Anina:
3761 3199 5095 3362 Doch kommt es mir nicht zu, ihn anzuklagen.
4680 3317 5040 3418 (Große Pause.)
3856 3328 5613 3492 Andrea (rubig): Mitschuldig also — und du bist noch da?
3856 3452 5362 3560 Anina: Ob wir uns trennen müssen, steht bei dir.
3766 3539 5327 3653 Verschweigen will ich nichts. Doch willst du hören?
3864 3624 4892 3751 Andrea (nicke stumm, finkt auf einen Stuhl).
3851 3645 5515 3817 Anina: Ich war allein. Es rückte Stund' um Stunde,
3766 3774 5071 3883 Vergeblich harrt' ich, ohne Schlummer, dein.
3756 3867 5095 3965 Hinaus ins Dunkel lauschte lang mein Herz,
5576 3827 5990 4031 PfE.R.E. d'O.t.
5750 3951 5990 4086 SIEPHAM
3761 3954 5029 4060 Bis angerührt vom Schweigen ringsumber
3766 4033 4997 4152 Es mählich selber stumm und müde ward.
5787 4068 6054 4297 8AVG. 7
