7160 5160
2134 366 2650 542 Arthur Schnitzler
4906 465 5349 610 Die Schwestern
1220 505 2650 650 Als Lügner müßten beide Frau'n ihn schelten.
2715 522 3218 681 G.C.H.F.P.S.
4086 568 6257 709 Tito: Mein Herr hat mich ausdrücklich beauftragt, nur Bargeld ent¬
1226 627 2693 749 Denn wenn man's recht erwägt, besaß er keine.
2849 647 3456 775 dans le dernier a été
1717 678 3263 817 (Lärm draußen. Immer lauter sind Stimmen vernehmlich.)
3992 692 6242 809 gegenzunehmen, da er mit Schmuckgegenständen leider öfters schlechte Er¬
1322 752 3445 905 Gäste (un Dary: Wo bleibt das Essen? — Wein her! — Kellner he! —
4009 769 4705 880 fahrungen gemacht hat.
1226 837 2917 951 Zieht nicht ein Wetter auf? — Es wird nichts werden!
5678 843 5885 956 G.H.F.P.
4089 843 5482 990 Santis: Die Perlenschnur, Flaminia, löse sie
2979 882 3448 1007 G.C.H.F.P.P:P.
5598 925 6211 1047 G.C.H.F.P.S.
1229 934 3396 1078 Baron! Wo bleiben Sie? — He! Wein! — Sind wir
3998 951 5510 1095 Für Stunden nur. Ist auch der Wirt ein Schuft,
1220 1010 2724 1124 Zum Spaß geladen? — Rufen wir den Wirt! —
5581 1002 5916 1118 G.C.H.F.P.
3984 1027 5255 1163 Nicht länger warten lass' ich meine Gäste.
5681 1084 5871 1192 G.C.H.F.P.
1231 1081 2735 1200 Der Wirt ist der Baron! — Dort steht er ja! —
4004 1087 4824 1203 Gib her. Was zögerst du?
1328 1138 3513 1285 Santis zum Feuker xxx: Was gibt's? Ist man noch immer nicht bedient?
4344 1163 6163 1268 (Er versucht selbst die Schließe von Flaminias Poekenschnur zu öffnen.)
1220 1240 2429 1348 Verzeihung, edle Damen, werte Herrn
4841 1254 5607 1342 Vergeblich ist's.
5874 1243 6163 1356 G.C.H.F.P.
4097 1223 4449 1342 Flaminia:
2886 1283 3110 1390 G.C.H.F.P.
3238 1294 3467 1410 G.C.H.F.P.P
5828 1328 6143 1436 G.C.H.F.P.
3992 1308 5630 1410 Verlöten ließ ich sie. Das einz'ge Mittel,
1223 1283 2673 1439 Heda, die Schüsseln auf den Tisch, die Flaschen!
2809 1365 3047 1473 G.C.F.P.
3124 1371 3439 1495 G.C.H.F.P.
5357 1393 5905 1501 vrai a ̃
1226 1405 2659 1518 Wo bleibt der Kellner Troß? Noch keiner da?
3978 1402 5176 1510 Sie zu behalten als mein Eigentum.
6004 1405 6206 1515 G.C.F.P.
3101 1453 3433 1552 G.C.H.F.P.
1220 1458 2769 1632 Verdammte Wirtschaft! He! Schlast ihr? Herbei
3992 1478 6223 1580 (In Casansvas Mienen Andigt sich das endgüttige Verständnis an. Anwillkürlich fahrt er nach seinem
3101 1527 3323 1637 G.C.F.P.
3987 1555 6225 1640 eigenen Hals. Er blickt Anna an, die seinen Blick ohne Lächeln erwidert, dann schaut er zum Fenster,
1226 1561 1563 1683 Ihr Kerle!
3978 1617 6217 1708 dann zu Flaminia, nickt vor sich hin und lächelt, ungefähr als wollte er sagen: Nun ist mir alles klar.)
2037 1603 2647 1728 (Von rechts tritt Tito ein.)
1308 1651 1964 1796 Tito: Herr Baron
4086 1666 5618 1810 Santis: Elendes Weib! Bei Gott, ich hätte Lust,
3964 1722 5601 1873 Dich samt der Schnur dem Wirt als Pfand zu geben.
1308 1765 2483 1881 Santis (beim Fenster sich nach ihm umwendend):
1206 1788 2540 1955 Da wär' ja einer. Troll dich in die Küche.
4075 1810 6200 1958 Tito: Darüber würde sich vielleicht reden lassen, wenn die Frau Baronin —
1220 1915 2698 2037 Man trage auf. Die Flaschen aus dem Keller!
4398 1941 5828 2063 (Geste, als wenn er sie einlübe, mit ihm das Zimmer zu verlassen.)
4066 1964 4883 2100 Casanova (plötzlich vor ihn hin)
1203 1986 2750 2125 Geschwind, was stehst du wie ein Stock und glotzt?
3978 2046 5559 2174 Das Paul gehalten, Bursch, hier nimm und geh!
1297 2040 3462 2230 Tito: Ich habe von meinem Herrn zu bestellen, daß keine Schüssel auf¬
4679 2142 5513 2267 (Er gibt ihm einen Beutel voll Geld.)
1197 2151 3368 2267 getragen und keine Flasche entkorkt wird, ehe die Rechnung bezahlt ist.
3967 2185 5130 2296 Zähl draußen und behalte, was zuviel,
1308 2244 3391 2335 Santis: Was wagst du, Bursche? Ist dein Herr verrückt?
3972 2279 5238 2401 Und sage deinem Herrn, das merk' er sich,
1302 2313 3445 2440 Tito: Entschuldigen der Herr Baron, der Herrsagt, es sei ausdrücklich
3967 2349 5093 2463 Wo Casanova man zu Gaste lud,
1192 2381 3462 2517 so ausgemacht worden. Hier, Herr Baron. (Er weist die Rechnung vor.) Es beläuft
3967 2437 5420 2537 Dort muß der Wirt nicht für die Zeche zittern.
1192 2474 3467 2582 sich alles in allem auf neunundfünfzig Dukaten. Da ist natürlich alles
4060 2514 5542 2653 Santis als wollte er's nicht annehmen: Nie werd' ich —
1183 2542 1793 2664 Frühere auch dabei.
1930 2565 2148 2667 G.C.F.P.
3002 2585 3274 2696 G.C.H.F.P.
4063 2608 5445 2710 Casanova: Still, mein Retter. Es ist nichts.
5746 2565 5953 2715 G.C.F.P.
1297 2636 3019 2752 Santis: Ein Arzt herbei, der Wirt ist krank! Ich zahle,
4469 2687 5732 2806 (De besteht dem Tito durch eine Gefte, sich zu entfernen.)
1192 2718 2525 2815 Wenn ich vom Mahle aufsteh', nicht vorher.
4055 2738 4716 2857 Tito (unter Bücklingen ab).
1195 2798 2446 2903 Nur in Spelunken übt man andre Sitten.
3033 2806 3277 2917 G.C.H.F.P.
4080 2775 5981 2940 Casanova an Andreo): Und mir bleibt immer noch genug, Zugleich
1192 2886 2477 2994 Hinaus mit dir! Bestell es deinem Herrn.
3975 2874 5326 3022 An Sie, Herr Bassi, meine Schuld zu tilgen.
1285 2948 3445 3113 Tito (vleibt nehen): Und meine Bestellung lautet: Keinen Bissen auf die
3961 2988 5093 3101 Da, was ich an Gudar zurückbezahlt,
1180 3022 3167 3209 Teller, kein Tropfen in die Becher, ehe die Rechnung beglichen ist.
3961 3042 5224 3152 Ich auf der Fahrt ihm wieder abgewann.
1995 3116 2625 3223 (Er wendet sich zum Gehen.)
3955 3147 5266 3263 Hier ist, mit wiederholtem Dank, Ihr Gold.
1266 3150 2562 3306 Santis: He, warte. (Sieht die Rechnung durch)
4046 3218 4895 3337 Andrea: Sie hatten Glück.
2432 3226 3439 3402 Neunundfünfzig. Um die Hälfte
4058 3306 6030 3433 Casanova (dem Andrea die Beutel mit Gold gebend, die dieser etwas zögernd nimmt):
1169 3257 2375 3428 Zuviel. Betrug, Erpressung, Gaunerei!
1161 3371 2596 3518 Hier hast du neun. Der Rest für heute abend.
4900 3411 5865 3547 Sie haben's auch, mein Freund.
3947 3422 4591 3595 Die Summe stimmt?
1260 3482 3436 3629 Tito: Neunundfünfzig, Herr Baron! Ich darf nicht weniger in
4043 3541 4339 3658 Andrea:
1172 3553 1731 3692 Empfang nehmen.
4605 3538 4966 3709 Sie stimmt.
1266 3587 2835 3765 Santis: O Frechheit unerhört! Als wär' ich nicht
4052 3632 4395 3737 Casanova:
5000 3615 5559 3751 Dies wär' erledigt.
4151 3689 5970 3853 (In neuem Ton. in den Garten hinausblickend, wo die tafelnden Gäste sichtbar sind.)
1175 3709 2426 3853 Für fünfzig, hundert und für tausend gut.
3950 3748 5522 3868 Und nun, es blinkt der Wein, die Schüsseln dampfen.
1175 3799 2554 3938 Willst du ein Pfand, so nimm die Dose hier,
3941 3842 5408 3947 Ich denk, es wäre Zeit, zu Tisch zu gehn.
1169 3876 2208 4029 Besetzt mit Edelsteinen ohne Fehl.
4046 3938 5465 4089 Santis: Noch nicht. Ihr Spruch zuerst.
