5448 4056
1767 449 2039 575 106
1122 548 2565 717 Ich frage Sie, mein Freund, gibt’s beßre Treue,
1134 664 2538 805 Gibt's, frag' ich klarer noch, gibt's eine andre
1121 734 2513 873 Auf Erden zwischen Mann und Weib, Andrea,
1138 833 2102 963 Als die Teresa eben mir bewies?
1122 906 2513 1031 Sie kehrte mir zurück. Nur das ist Treue,
1121 993 2471 1132 Die einz'ge, die mit fug so heißen darf.
1122 1067 2485 1210 Denn was uns sonst Gewähr der Treue gilt,
1128 1147 2599 1299 Das hält nicht stand vor philosoph’scher Prüfung.
1132 1242 2306 1362 Ist's etwa ein Beweis, wenn hingegeben
1126 1303 2597 1463 Nach schwerem Kampf mit heißen Wollustzähren
1140 1410 2312 1547 Die Tugend selbst in Ihre Arme sinkt?
1153 1488 2544 1604 Wer weiß, von wem sie träumt in Ihrem Arm!
1145 1571 2675 1688 Ein heil'ger Schwur? Mein Freund, die Weiber wissen
1153 1634 2468 1769 Wie wir: daß Gott mit seinen Blitzen spart.
1153 1720 2616 1853 Sie nimmt Gefahr auf sich? Das würzt die Lust.
1153 1821 2329 1925 Sie tötet sich, durch dieses letzte Opfer
1147 1904 2424 2041 Die Zweifel des Geliebten zu besiegen —?
1147 1969 2485 2102 Im Grunde hofft sie nur — als sel'ger Geist
1147 2051 2395 2188 An seinen Reuetränen sich zu weiden! —
1218 2108 2566 2262 ANDREA: Und nirgends Treue —!
1992 2195 2688 2331 Doch! Ich sagt' es ja:
1216 2237 1649 2348 CASAN OVA:
1164 2312 2393 2437 Die Wiederkehr, von wo es immer sei.
1216 2365 2688 2523 ANDREA: Ja, wenn sie Heimkehr wäre, dann
2391 2449 2688 2553 vielleicht.
1218 2534 2700 2700 CASANOVA: Heimkehr? — O Wahn! Als wenn
1981 2606 2700 2745 ein Mensch dem andern
1164 2711 2576 2833 Heimat zu sein sich jemals schmeicheln dürfte.
1174 2810 2481 2924 Ist Wand'rung nicht der Seele ew'ger Ruf!
1176 2875 2502 3000 Was gestern noch als fremd uns angefröstelt,
1176 2960 2580 3086 Umfängt's uns heute nicht vertraut und warm?
1176 3042 2544 3208 Und was uns Heimat hieß, war’s jemals mehr
3854 400 4045 537 107
3175 527 4572 673 Als Rast am Weg, so kurz, so lang sie währte?
3185 630 4513 742 Heimat und Fremde — Worte tauben Klangs
3175 689 4520 820 Für den, der nicht, nach Bürgerart, bedrückt
3192 807 4408 921 Von Vorurteil, verschüchtert vom Gesetz
3198 845 4524 1005 Und feig verstrickt im Wirrsal des Gewissens,
3192 944 4492 1092 Sich Ordnung lügt ins Chaos seiner Brust,
3185 1031 4410 1168 Der aufgetanen Sinns und freier Seele —
3506 1117 4399 1239 (legt die Hand auf Andreas Schulter)
3208 1187 4402 1332 Gleich unsereinem aus dem Stegreif lebt.
3276 1239 4728 1393 ANDREA: Kein Philosoph, doch ein Sophist sind Sie.
3276 1337 4722 1492 CASANOVA: Mag sein. Daher ist’s mir bestimmt,
4454 1402 4728 1526 zu irren
3221 1507 4560 1640 Von Fall zu Falle nur; doch nicht mein Los,
3213 1611 4326 1718 Die Brille unverrückbar auf der Nase,
3227 1670 4391 1796 Nach leid'ger Philosphenart die Welt
3213 1750 4646 1918 Zwar immer gleich, doch immer falsch zu sehen.
3288 1838 4577 1960 TITO (kommt mit einem kleinen Koffer in der Hand):
3219 1929 4303 2074 Hier bin ich, reisefertig nach Befehl.
3293 1923 4676 2140 CASANOVA: Ei schon? Ich bin’s noch nicht.
4134 2051 4751 2199 Nicht meine Schuld.
3286 2104 3632 2213 ANDREA:
3293 2167 4184 2298 RUFE (aus dem Park) Casanova!
3303 2163 4766 2378 CASANOVA: Ich weiß. Nun aber wird es wirklich
4589 2298 4766 2428 Zeit.
3244 2355 3550 2473 Andrea —
3413 2393 4614 2546 (Als wollte er ibn auffordern mit ihm zu kommen).
3305 2502 3801 2624 TITO (erstaunt):
3246 2528 4600 2686 Der gnäd'ge Herr will noch zu Mittag essen?
3322 2565 4787 2816 CASANOVA: Du hast doch nichts dagegen, will
4427 2696 4773 2812 ich hoffen?
3322 2780 4770 2947 TITO: Ich möchte nur untertänigst darauf aufmerk¬
3274 2850 4775 3012 sam machen, daß die Herren in ihren Zimmern etwas
3268 2996 3980 3133 unruhig geworden sind.
