5448 4040
3882 407 4072 567 109 —
1779 472 2006 591 108 —
4275 515 4575 633 och immer wie=
3265 542 4283 701 ANDREA (obne seinem Blick zu folgen,“
4271 612 4575 699 G.C.F.P.S.
1177 536 2668 769 CASANOVA: Die zwei Verstorbnen! Richtig, ich
3772 631 3965 714 G.C.H.F.P.
2415 656 2662 761 vergaß.
3210 666 3435 753 drossen):
3993 664 4649 798 Was gibt's zu sehn?
3270 736 3419 827 G.C.F.P.
1202 745 2641 889 Rumoren oberhalb des Zimmers, das schon früber börbar war.)
4010 740 4738 889 Teresa,
3257 784 3814 914 CASAN OVA:
1191 821 2678 986 TITO: Sie sind nichts weniger als verstorben. Ich
3220 860 4347 982 Flaminia und Anina...
1131 898 2664 1075 fürchte, der Wirt hört sie doch am Ende, schließt
3276 933 4360 1059 ANDREA (blickt binaus, zuckt zusammen):
1131 986 2688 1140 auf, und was dann geschieht.. Es wäre vielleicht
3656 1020 4351 1125 Arm in Arm.
1125 1088 2668 1245 doch gut für uns alle, gnädiger Herr, wenn wir vor¬
3288 1109 4306 1214 CASANOVA: Ja, Arm in Arm.
1142 1160 2300 1295 her — (Er macht die Geste des Verschwindens.)
3861 1175 4484 1295 Und plaudern...
3292 1199 3636 1297 ANDREA:
1212 1204 2686 1419 CASANOVA: Vorsichtig, Bursch, und unverschämt
4244 1235 4599 1352 Lächeln —
3297 1276 3720 1388 CASAN OVA:
4273 1330 4738 1439 Lachen —
2397 1309 2662 1433 zugleich?
3309 1352 3681 1475 ANDREA:
1164 1377 2552 1530 (Stärkeres Rumoren.)
3326 1398 4769 1553 CASANOVA: Und wandeln auf der Wiese,— welch
3259 1491 4757 1642 Den aufgehellten Himmel über sich — [ein Bild —
1154 1473 2492 1605 Schließ du die Zimmer auf, und zwar sofort.
1169 1555 2515 1735 Und beiden Herrn — (sich unterbrechend)
3257 1592 4031 1743 Wie schwesterlich vereint.
1555 1626 2668 1754 Sehn/sie anständig aus?
3967 1636 4546 1777 Ja, welch ein Bild!
3317 1681 3814 1777 ANDREA (bitter):
1214 1690 2693 1851 TITO: Nicht nur anständig, vornehm und sehr hüsch.
3321 1716 4775 1894 CASANOVA: Ein schönes, Freund. — Und könnten
1224 1799 2691 1942 CASANOVA: Fragt ich darum? Ich lade sie zu Tisch.
4343 1803 4802 1929 Männer je
3572 1845 4750 2033 sein wie alle Frauen Schwestern —
1231 1899 2639 2039 TITO: Zu Tisch die beiden aufgeregten Herrn
3255 1948 3416 2097 So B
1243 1956 2707 2126 CASANOVA: Ich bitte sie, die Ehre mir zu schenken
3677 1985 4335 2107 (Auf Andreas Bewegung)
3282 2021 4415 2194 In tiefster Seele alle Schwestern sind -
1171 2060 2523 2200 Auf ein bescheidnes Mahl vor meiner Abfahrt
2374 2132 2540 2213 G.H.F.P.
3276 2101 4560 2275 Fürwahr, das Leben wär' ein leichter Ding.
1177 2161 2256 2293 Mit der berühmten Tänzerin Teresa
3323 2219 4802 2349 ANDREA: Wie, Casanova, noch nicht leicht genug
1179 2209 2604 2403 Nach Wien. Worauf noch wartest du? Soll ich
3274 2300 4657 2447 Für Sie? Ich fürchte, Sie sind unbescheiden.
1171 2333 1766 2461 Dir Beine machen?
3280 2401 4610 2538 GUDAR.(tritt ein):
1249 2426 1586 2527 TITO (ab).
3288 2453 4810 2604 Was gibt’s? Man schickt mich, nachzusehn, ob nicht
1249 2451 2324 2610 ANDREA: Wahrlich, Casanova,
3282 2546 4773 2695 Die Herrn sich doch am Ende totgestochen;
1191 2569 2260 2691 So wohlgelaunt, so gastlich aufgelegt
3530 2631 4562 2755 (Draußen Gelächter.)
1195 2651 2265 2802 Hab’ ich noch keinen Menschen je
3346 2713 4821 2858 ANDREA: Groß scheint die Sorge eben nicht zu sein.
1255 2695 2606 2908 CASANOVA: Wie werd’ ich Ihnen erst bei T
2463 2796 2730 2924 gefallen?
3369 2792 4821 2939 GUDAR: Doch groß die Sehnsucht über alle Maßen.
3359 2895 4562 3013 CASANOVA (binausdeutend).
1710 2883 1927 2964 G.C.F.S
1200 2875 2730 3061 (Er nimmt ihn beim Arm, als wollte er sich einhangen, deutet plötu-
1746 2978 2167 3119 lieb in den Park)
3282 2945 4618 3164 Da sind sie schon; sie sehn nicht übel aus.
2223 3015 2724 3141 G.C.H.F.P.
3964 3063 4264 3158 G.C.H.P.S
2475 3084 2738 3189 Votre ami
1212 3059 1998 3232 Sehn Sie, mein Freund —
