6280 4696
1567 411 2042 548 Arthur Schnitzler
788 500 2358 654 Santis: Mit Anbekannten zwar zu Tisch uns setzen,
676 634 2324 721 Jedoch, nach wohlbegoßnem Schmaus mit Freunden
665 712 1796 821 Mit neugewonnenen ins Grüne fahren,
679 793 1928 897 Wo sich das Weitere finden mag. Gudar
665 849 1869 967 Ist mit von der Partie, auch Casanova,
662 964 1774 1062 Wenn er bis dahin etwa aufgewacht,
662 1025 2023 1134 Denn als ich früh im Löwen nach ihm fragte,
679 1106 2056 1204 Verschlief er noch sein Mißgeschick von gestern.
774 1187 1805 1285 Flaminia: Du sprachst ihn nicht?
771 1263 1045 1355 Santis:
1819 1263 2556 1391 Versperrt war seine Tür.
654 1321 2084 1436 Ich hol' ihn später selbst. Er darf nicht fehlen.
763 1411 2514 1531 Flaminia: Natürlich nicht. Das wär' mir auch ein Fest,
654 1486 1939 1609 Wo er sein Bleidachmärchen nicht erzählte.
754 1581 2347 1687 Santis: Das böse Mäulchen! Nun, das erste nicht,
654 1662 2221 1752 Das er mit Küssen rasch versöhnen könnte. (Gutmütig)
643 1746 2137 1847 Doch scheint's, nach deinem just verlangt ihn nicht
1632 1822 1917 1897 (Zu Anina)
654 1863 1972 1956 Zum drittenmal im Lauf der Jahre streift er
643 1953 1958 2053 An ihr vorbei — und diesmal, so wie sonst,
659 2014 1875 2120 Bleibt der so Leichtentflammte ungerührt.
738 2106 2442 2215 Flaminia: Gib acht, wenn ich ihn einmal rühren wollte.
654 2176 2126 2280 Doch denk' ich nicht daran. Der Narr, der Geck!
738 2260 2352 2361 Santis (zum Fenster hinausdeutend): Hier kommt Herr Bassi.
735 2338 1182 2433 Anina (für sich):
2246 2352 2478 2461 Endlich.
738 2411 1003 2506 Santis:
2403 2428 2875 2565 Guten Morgen!
735 2489 1587 2604 Flaminia: Er grüßte kaum
729 2570 1006 2676 Santis:
1612 2567 2425 2696 Wahrhaftig, er blickt drein,
637 2643 1788 2760 Als hätt' er um den gestrigen Gewinn
643 2741 2126 2830 Sich schwer gemüht — und wär' um ihn betrogen.
1199 2819 2294 2922 Andrea Bassi tritt ein. - Flaminia, Anina, Santis
729 2850 1553 2984 Andrea: O, du empfängst
732 2953 1067 3054 Flaminia:
1646 2947 2266 3082 Sie sah'n uns nicht?
735 3031 1009 3123 Andrea:
2282 3034 2498 3174 Gewiß.
629 3107 2249 3218 Nur hielt ich dies für des Barons Gemach (zu Flaminia)
626 3188 2067 3305 Da ich nur Sie und nicht Anina sah — (belläufig)
623 3269 1869 3372 Der ich den Morgenkuß noch schuldig bin.
1383 3355 2081 3450 (Küßt sie flüchtig auf die Stirn.)
623 3400 1981 3503 Den freundlichen Besuch heiß' ich willkommen.
989 3484 2472 3573 (Er küßt Flaminia die Hand und reicht dann seine Hand dem Baron.)
715 3556 2269 3657 Santis: Was bringen Sie von Ihrem Morgengang
606 3637 1964 3741 Uns mit, Andrea? Ein Sonett? Terzinen?
603 3699 1805 3805 Wie, oder ein System des Weltenbaus?
704 3780 2282 3908 Andrea: Ob ich's verriete, wenn ich’s auch entdeckt
592 3869 1816 3998 Und wie bekam der Morgenritt, Baron?
4364 427 4772 562 Die Schwestern
3531 553 4414 679 Santis: Ei, sahn Sie mich?
4431 617 5275 760 Wie man zuweilen manches
3551 657 3844 754 Andrea:
3445 710 4755 816 Just mit dem Weißen seines Augs gewahrt.
3436 813 4629 908 Doch sann ich keinem Weltenrätsel nach,
3450 891 4867 975 Nicht einmal einem Vers. Des Gartens Duft,
3456 953 5012 1042 Des Himmels Blau, das Wehn der Frühlingswinde
3456 1042 4783 1129 War mir Gedicht genug; und das Geheimnis
3445 1112 4867 1204 Nings um mich her nahm ich in Ehrfurcht hin.
3551 1185 5113 1294 Santis: So trifft sich unser Plan mit Ihrer Laune.
3436 1288 4699 1372 Denn eine heitre Fahrt im Frühlingswind
3450 1349 4713 1444 Durch freie Au'n nach einem Wiesengrund,
3450 1428 4833 1520 Von dunklem Waldlaub wunderbar umschattet;
3445 1506 4844 1601 Und dort ein kleines Fest mit Tanz und Spiel,
3442 1581 4814 1682 So ward bestimmt, soll diesen Tag beschließen.
3531 1690 5322 1760 Andrea: Ein Fest —71 Dies ist noch über meine Laune.
3436 1732 4705 1835 Doch wollen wir's mit allem Überschwang,
3436 1810 5152 1897 Wie's an so heiterm Ort wohl Brauch, begehn. (zu Santis)
3453 1897 4780 1989 Daß hierfür vorgesorgt, verrät Ihr Blinzeln.
3456 1978 4772 2065 Wenn sich die Nacht senkt, werden schleierlos
3456 2037 5076 2151 Von Busch zu Busch des Waldes Nymphen schweben
3436 2129 4735 2238 Und ihre Gunst an Sterbliche verschwenden
3445 2213 4783 2316 Weh dem, der sie am Morgen wieder kennt
3436 2280 4998 2394 Und — rat' ich recht? — anstatt des grünen Tuchs
3436 2377 4699 2470 Wird uns ein leuchtend weißer Frauenleib
3450 2447 4825 2548 Das Los entscheidet welcher — Spieltisch sein,
3436 2528 4761 2643 Darauf das Glück in goldnen Wellen rollt -
3436 2609 4833 2710 Und wer verliert — der sei der Hauptgewinner.
3540 2688 5501 2788 Santis (Belfall nickend zu Flammia): Mein Meister, sagt' ich's nicht?
4878 2755 5610 2886 Baron, Sie schmeicheln.
3551 2774 3822 2897 Andrea:
4369 2833 4744 2925 (In neuem Ton)
3445 2872 4735 3006 Doch daß man ja die Degen nicht vergesse!
3445 2989 4867 3070 Und wohlgeschliffne! Denn man weiß zuweilen,
3456 3056 4962 3151 Wie solch ein Fest beginnt, nie — wie es endet!
3531 3132 5434 3246 Flaminia (zu Santts): Was blickt er denn so wild mit einemmal?
3551 3227 5233 3313 Andrea (leicht): Und dies gilt leider nicht von Festen nur.
3545 3291 5330 3397 Santis (nach einer Paufe): Blieb’ es um Ihre Laune so bestellt,
3436 3366 4526 3473 Sie wären ein verdrießlicher Genosse.
3450 3456 4682 3554 Doch wird, eh’ uns die Tafel neu vereint,
3445 3537 4719 3629 Die man im Schatten draußen uns bereitet,
3445 3596 5685 3718 (Man sieht, wie im Hintergrund auf der Wiese unter den Bäumen von Kellnern die Tafel gedeckt wird.)
3436 3679 4694 3763 Die holde Frau, die Ihnen Gott bescherte,
3450 3741 4599 3830 Der Dichterstirne düstre Falten glätten.
3445 3819 5342 3945 Flaminia, komm! (cetfe zu lhr im Abgehen) Hier folgt ein böser Zank!
4202 3897 4903 4020 (Santis und Flaminia links ab.)
