6824 5192
1817 580 2303 746 Arthur Schnitzler
939 732 2361 859 Auf Erden zwischen Mann und Weib, Andrea,
950 831 1944 950 Als die Teresa eben mir bewies?
950 906 2383 1008 Sie kehrte mir zurück. Nur das ist Treue,
950 1000 2151 1096 Die einz'ge, die mit fug so heißen darf.
950 1085 2289 1179 Denn was uns sonst Gewähr der Treue gilt,
950 1154 2438 1276 Das hält nicht stand vor philosoph'scher Prüfung.
944 1240 2159 1331 Ist's etwa ein Beweis, wenn hingegeben
961 1303 2424 1408 Nach schwerem Kampf mit, heißen Wollustzähren
958 1389 2137 1488 Die Tugend selbst in Ihre Arme sinkt?
975 1461 2438 1560 Wer weiß, von wem sie träumt in Ihrem Arm!
964 1560 2673 1657 Ein heil'ger Schwur? Mein Freund, die Weiber wissen
969 1629 2314 1729 Wie wir: daß Gott mit seinen Blitzen spart.
964 1712 2485 1820 Sie nimmt Gefahr auf sich? Das würzt die Lust.
969 1800 2104 1900 Sie tötet sich, durch dieses letzte Opfer
958 1867 2239 1985 Die Zweifel des Geliebten zu besiegen —?
972 1930 2319 2068 Im Grunde hofft sie nur — als sel'ger Geist
966 2032 2126 2129 An seinen Reuetränen sich zu weiden!
1071 2115 2096 2228 Andrea: Und nirgends Treue —?
2115 2173 2880 2317 Doch! Ich sagt' es ja:
1063 2209 1422 2319 Casanova:
980 2253 2253 2394 Die Wiederkehr, von wo es immer sei.
1071 2342 2775 2452 Andrea: Ja, wenn sie Heimkehr wäre, dann vielleicht.
1066 2419 3239 2532 Casanova: Heimkehr? — O Wahn! Als wenn ein Mensch dem andern
975 2515 2319 2623 Heimat zu sein sich jemals schmeicheln dürfte.
969 2615 2308 2717 Ist Wand'rung nicht der Seele ew'ger Ruf?
980 2678 2350 2803 Was gestern noch als fremd uns angefristelt,
969 2750 2397 2869 Umfängt's uns heute nicht vertraut und warm?
975 2844 2397 2957 Und was uns Heimat hieß, war’s jemals mehr
980 2924 2416 3021 Als Rast am Weg, so kurz, so lang sie währte?
969 3013 2355 3134 Heimat und Fremde — Worte tauben Klangs
969 3082 2308 3203 Für den, der nicht, nach Bürgerart, bedrückt
969 3159 2168 3267 Von Vorurteil, verschüchtert vom Gesetz
975 3228 2353 3369 Und feig verstrickt im Wirrsal des Gewissens,
975 3327 2325 3432 Sich Ordnung ligt ins Chaos seiner Brust,
975 3413 2311 3540 Der aufgetanen Sinus und freier Seele —
1690 3471 2510 3601 (legt die Hand auf Andreas Schulter)
969 3496 2217 3661 Gleich unsereinem aus dem Stegreif lebt.
1066 3587 2678 3744 Andrea: Kein Philosoph, doch ein Sophist sind Sie.
1077 3700 2828 3813 Casanova: Mag sein. Daher ist's mir bestimmt, zu irrem
975 3783 2355 3924 Von Fall zu Falle nur; doch nicht mein Los,
969 3860 2170 3979 Die Brille unverrückbar auf der Nase,
975 3951 2123 4073 Nach leid'ger Philosochenart die Welt
975 3998 2394 4147 Zwar immer gleich, doch immer falsch zu sehen.
1071 4045 3236 4244 Tito (kommt mit einem kleinen Kasser in der Hand): Hier bin ich, reisefertig nach Befehl.
4976 464 5133 594 G.C.F.P.
4970 566 5166 674 G.C.H.F.P.
4697 635 5357 770 G.C.H.F.P.S.
4567 729 5128 853 Votre très bien a été en
4951 804 5183 908 G.C.H.F.P
4346 828 4874 989 Die Schwestern
4970 870 5487 1022 G.C.H.F.P.D'H.
3639 986 4937 1138 Casanova: Ei schon? Ich bin's noch nicht
4865 989 5556 1193 Nicht meine Schuld.
3648 1113 3951 1220 Andrea:
3639 1118 4617 1295 Rufe (aus dem Parl): Casanova!
4766 1121 4943 1240 G.C.F.P
3659 1193 5313 1370 Casanova: Ich weiß. Nun aber wird es wirklich Zeit.
3559 1306 5006 1466 Andrea — (als wollte er ihn auffordern, mit ihm zu kommen.)
3656 1361 5462 1521 Tito (erstaunt): Der gnädige Herr will noch zu Mittag essen?
5553 1375 5738 1527 G.C.H.F.P
3670 1458 5368 1607 Casanova: Du hast doch nichts dagegen, will ich hoffen?
3656 1505 5790 1671 Tito: Ich möchte nur untertänigst darauf aufmerksam machen, daß die
3568 1629 5205 1767 Herren in ihren Zimmern etwas unruhig geworden sind.
3675 1654 5448 1878 Casanova: Die zwei Verstorbnen! Richtig, ich vergaß.
4062 1764 5376 1875 (Numoren oberhalb Zimmers, das schon früher hörbar war.)
3689 1809 5807 1977 Tito: Sie sind nichts weniger als verstorben. Ich fürchte, der Wirt hört
3590 1883 5807 2054 sie doch am Ende, schließt auf, und was dann geschieht... Es wäre vielleicht
3587 1985 5260 2170 doch gut für uns alle, gnädiger Herr, wenn wir vorher -
4280 2068 5139 2151 (Er macht die Gefte des Verschwindens.)
3689 2071 5395 2300 Casanova: Vorsichtig, Bursch, und unverschämt zugleich?
4465 2203 5048 2289 (Stärkeres Numoren.)
3601 2267 4948 2408 Schließ du die Zimmer auf, und zwar sofort.
3601 2358 4683 2535 Und beiden Herrn — (sich unterbrechend)
5462 2350 5796 2485 G.C.H.P.S
4263 2411 5139 2540 Sehn sie anständig aus?
5401 2455 5763 2573 G.C.H.F.P.S.
3700 2485 5280 2637 Tito: Nicht nur anständig, pornehm, und sehr hübsch.
3703 2549 5785 2706 Casanova: Fragt' ich darum? Ich lade sie zu Tisch.
5268 2634 5440 2753 G.C.F.P
3714 2662 5147 2781 Tito: Zu Tisch die beiden aufgeregten Herrn?
3719 2734 5230 2874 Casanova: Ich bitte sie, die Ehre mir zu schenken
3626 2828 4998 2966 Auf ein bescheidnes Mahl vor meiner Abfahrt
3626 2924 4711 3040 Mit der berühmten Tänzerin Teresa
3626 2979 5095 3131 Nach Wien. Worauf noch wartest du? Soll ich
3628 3093 4233 3214 Dir Beine machen?
3725 3181 4023 3275 Tito (ab).
4263 3162 4912 3352 Wahrlich, Casanova,
3739 3264 4026 3371 Andrea:
3631 3302 4766 3432 So wohlgelaunt, so gastlich aufgelegt
3620 3377 4965 3532 Hab' ich noch keinen Menschen je gekannt.
3736 3429 5418 3617 Casanova: Wie werd' ich Ihnen erst bei Tisch gefallen
3844 3482 5652 3642 (Er nimmt ihn beim Arm, als wollte er sich einhängen, deutet plözlich in den Park.)
3631 3606 4393 3753 Sehn Sie, mein Freund
3739 3603 5249 3816 Andrea (ohne seinem Blick zu folgen, noch immer wie verdrossen):
4479 3741 5106 3880 Was gibt's zu sehn?
5117 3805 5354 3929 Teresa,
3739 3838 4100 3979 Casanova:
3653 3932 4399 4089 Flaminia und Anina
3758 4020 4705 4172 Andrea (blickt hinaus, zuckt zusammen):
4432 4048 4874 4194 Arm in Arm.
3769 4161 4678 4343 Casanova: Ja, Arm in Arm.
4680 4200 5183 4343 Und plaudern
3761 4269 4081 4377 Andrea:
5202 4255 5487 4426 Lächeln
5539 4310 5835 4465 Lachen —
3775 4354 4125 4459 Casanova:
3777 4437 4081 4562 Andrea:
