6312 4888
1837 492 2310 638 Arthur Schnitzler
947 606 2245 733 Und ohne Ihr Gepäck? — Ein Liebeszank!
947 709 2313 836 Wir sahn es kommen. Hat er Sie vielleicht
1866 782 2434 885 (Gebärde des Schlagens.)
947 855 2610 987 Nun, das kommt vor. — Wer läuft darum gleich fort?
947 958 2256 1079 Tät' jede Frau wie Sie, nach jedem Zwist
941 1036 2015 1136 Die Reisekoffer stünden dutzendweise
952 1090 2102 1228 In Gasthofzimmern halbgepackt herum.
1047 1190 2215 1320 Anina (will an ihr vorbei): Ich bitte Sie
2299 1228 3005 1401 Und also, fein beschuht,
1066 1282 1415 1388 Flaminia:
952 1315 2186 1474 Gedenken Sie die Straße fortzuwandern?
947 1428 2305 1558 Denn Wagen gibt's heut keine mehr in Spa.
1047 1509 1937 1615 Anina: Das gilt mir gleich.
1956 1545 2721 1693 Zudem naht ein Gewitter.
1047 1604 1401 1710 Flaminia:
939 1645 2453 1756 Schon ballt sich schwarz am Himmel das Gewölk
952 1745 2294 1845 So warnt der Himmel selbst vor Übereilung.
947 1810 2407 1948 Nicht wahr, Herr Bassi? Helfen Sie mir doch,
941 1912 2267 2004 Daß wir zu Tisch uns endlich setzen können.
952 1991 2288 2094 Was soll der Eigensinn? Man hat gezankt
947 2064 2456 2202 Man söhnt sich wieder aus. So ist's der Brauch.
1041 2132 2621 2280 Andrea: Nicht überall. Verstellen Sie nicht länger
947 2224 2288 2348 Den Ausgang ihr. Sie hat es eilig, Ihnen
941 2315 2199 2402 Zum zweitenmal im Tageslicht zu stehlen,
947 2386 2264 2499 Was sie heut nacht zum ersten Ihnen stahl.
2470 2402 3214 2583 Nun heißt es dageblieben.
1036 2456 2356 2572 Flaminia: Wie —  7! Was ——? O nein!
941 2540 2664 2632 Ein Schritt noch — und ich schlage Lärm! — Gestohlen?
947 2627 2648 2737 Und was? Aus meinem Zimmer —? Meinen Schmuck
941 2708 2367 2821 Trag' ich auf mir. So reden Sie, Herr Bassi,
958 2770 2521 2884 Mitschuldig sind Sie sonst! Wie? Wären Sie's?
941 2851 2545 3013 Und beide stumm —! Man wird euch reden machen!
947 2962 1994 3092 He, Leute, he! (Will zur Tür hinausrufen.
2015 2992 2856 3149 Geduld! Nun denn, Anina,
1047 3032 1352 3135 Andrea:
947 3065 2234 3211 Du wolltest, daß es kein Geheimnis bleibe,
947 3186 1964 3303 So sei vor allem diese eingeweiht.
952 3268 2356 3362 Sie geht es an! Drum hören Sie, Flaminia!
947 3341 2329 3468 Der, dessen Sie heut nacht vergeblich harrten,
944 3427 1964 3525 Hat in der Türe leider sich geirrt
947 3503 2210 3611 Und fand Empfang so freundlich nebenan,
947 3600 2188 3690 Wie Sie kaum freundlicher ihn zugedacht.
1036 3657 3211 3765 Flaminia (unscher): Was soll der Scherz —? Wer hätte wen erwartet?
1036 3755 2591 3849 Andrea: Daß er um Sie sich mühte, sah ein jeder
1041 3819 2892 3952 Flaminia: Kein Wort versteh' ich. Oder sollt' ick doch —?
947 3901 2448 4039 Er —? Wer? And in der Tür geirrt — wieso?
1047 3966 2819 4095 Andrea: Mag sein, im Fenster. Doch er fand den Weg.
4263 503 4690 630 Die Schwestern
3449 557 5264 787 Flaminia: Zu wem? Und wer? So reden Sie vernünftig.
3373 730 4225 879 Wer fand den Weg zu ihr?
4233 768 4888 890 Der, den Sie meinen.
3443 822 3757 933 Andrea:
3362 874 4596 985 Doch da sie als Flaminia ihn beglückt,
3373 952 4647 1074 Erachtet sie's als Pflicht, was zufallsweise
3379 1047 4655 1150 Wie ein leichtfert'ger Maskenscherz begann,
3368 1120 4509 1252 Entschlossen als Anina zu vollenden; —
3368 1206 4534 1317 Und eben ist sie auf dem Weg zu ihm.
3462 1236 5283 1396 Flaminia: Ist's möglich? Wie? Ward so was je erhört?
3373 1358 4674 1466 Auf keuschem Lager harr' ich sehnsuchtsvoll,
3379 1426 4761 1547 Und diese hier fängt mir den Liebsten ab —?!
3373 1504 4593 1623 Ins Leere durstig breitet sich mein Arm
3373 1601 4596 1707 Indessen schlingt der ihre sich um ihn?!
3381 1683 4609 1780 Die Nachtluft trink' ich, seine Küsse die
3373 1756 4580 1866 Und während ich mit rotgeweintem Aug'
3392 1850 4704 1964 Der grauen Dämm'rung wach entgegenstarre,
3379 1923 4488 2031 Ist diese da in süßem Morgentraum,
3379 1980 4731 2102 Der mir gebührt, verrätrisch eingeschlummert?
3379 2064 4590 2172 Hat solches Ausmaß von Verworfenheit
3395 2156 5104 2269 In einem Weiberherzen Raum? (zu Andrea gewandt) Und ich,
3397 2226 4636 2334 Gutmüt'ge Närrin, die im eignen Wagen,
3397 2307 4669 2413 Weil ihrer brach, nach Spa sie mitgeführt;
3397 2391 4642 2494 Wie einer Freundin, einer Schwester ihrer
3408 2451 4707 2589 Mich herzlich angenommen; — endlich selbst
3397 2551 4439 2678 Mit Casanova sie bekannt gemacht,
3408 2645 4685 2735 Den sie zum Dank sofort vom Mahle wes
3408 2727 4642 2846 In ihr wollüst’ges Bett zu locken weiß —
4393 2778 4650 2867 (zu Anina)
3392 2813 4964 2970 Ein Fräulein Sie? Aus gutem Bürgerhaus —?
3414 2919 4796 3054 Ja, wer von solchem unschuldsblassen Lärvchen
3408 2997 4655 3122 Sich narren ließe! Wer in diesem zarten,
3403 3078 4669 3189 Hochmüt'gen Antlitz nicht verruchter Laster
3419 3154 4569 3265 Geheime Spuren tief gegraben sähe! —
3414 3230 4950 3343 Wo kommst du her? Aus einer Mädchenkammer?!
3408 3324 4809 3430 Aus einem Freudenhaus! Du eines Jünglings
3419 3397 4704 3514 Ehrsame Braut —? Von einer Kupplerin
3427 3495 4577 3592 Hat er dich losgekauft, und seine Ehre
3425 3560 4577 3660 Gab über den bedungnen Preis er hin.
3419 3614 4818 3757 Pragt Santis, ob ich's ihm nicht gleich gesagt!
3419 3733 4907 3838 Ein Dirnchen, sagt' ich, und der hübsche Jüngling
4406 3795 4720 3871 (zu Andrea)
3414 3860 4864 3979 Sie mein' ich, ja, ein Narr, und wird's bereuen.
4431 3925 4669 4006 (zu Anina)
3414 3944 4839 4136 Und schmeichelst du dir wirklich, daß ein Mann,
