7160 5144
1912 622 2392 815 Arthur Schnitzler
1013 779 2247 1002 Und die von Gott geschaffen, tausendfach
1008 924 2144 1103 Ihm alle seine Sünden heimzuzahlen.
1122 907 3260 1147 Anina (scheinbar ernsthaft): Trägst du mich solcher Absicht dich, dann muß,
1016 1080 2283 1264 Wer Casanova liebt, ihn vor dir warmen.
1142 1097 2931 1312 Flaminia: Nein doch, wieso? Drehst du aus jedem Wort
1038 1209 2490 1398 Mir eine Fangschnur? Hörst du nicht vielmehr
1052 1304 2250 1485 Aus jedem, daß ich toll in ihn verliebt?
1055 1359 2451 1552 Und nun zum drittenmal, als trieb' ein Teufel
1052 1449 2560 1644 Sein Spiel mit mir — schon hatt' ich ihn gewiß
1080 1546 2367 1714 Fliegt mir der seltne Vogel aus der Hand,
1080 1630 2320 1792 In die er selbst so gern sich betten wollte.
1075 1691 2426 1862 O nimmermehr! Was kommt dich Böse an,
1100 1806 2420 1948 Daß du mir nehmen willst, mir vorenthalten,
1103 1884 2406 2026 Was Rechtens mein sol Du Anersättliche!
1094 1951 2359 2110 Daß du, sei's nun durch Zufall oder Lust,
1097 2035 2300 2188 Doch unverdient gewiß, die Seine warst,
1108 2096 2638 2278 Ist das nicht Glück genug? Willst du noch mehr?
1220 2183 2236 2375 Anina: Ich war die Seine nicht.
2239 2211 2828 2387 Wer denn als du?
1217 2320 1563 2426 Flaminia:
1225 2378 1890 2493 Anina: Viel eher du
1929 2378 2794 2543 Für ihn, doch nicht für mich.
1245 2487 2928 2643 Anina: Er weiß nicht, daß ich’s war, so war ich's nicht.
1225 2476 1577 2579 Flaminia:
1245 2554 3123 2738 Flaminia: Ich war's nicht, denn ich weiß, daß ich’s nicht war-
1234 2649 2694 2828 Anina: So hätten beide wir ein Recht an ihn.
2144 2744 2370 2816 (Zögernd)
1144 2777 2417 2956 Und wer das beßre hat, soll er entscheiden.
1245 2861 3076 3037 Flaminia: Nun ward sie völlig toll! Er soll entscheiden!!
1153 2948 2437 3146 Als hätt' er's gestern abend nicht getan, —
1156 3095 1683 3235 Und wählte mich.
1678 3101 2596 3249 Da stand ich nicht zur Wahl.
1264 3179 1532 3277 Anina:
1172 3218 2400 3361 In dieser Nacht ist vieles anders worden.
1195 3291 2861 3433 Für ihn — für dich — sür mich. Nun wähl' er neu —
1186 3344 2761 3528 Nein doch, zum erstenmal! — Komm, laß uns gehn.
1290 3458 2250 3598 Flaminia: Mit dir — zu ihm
2356 3442 3160 3643 Daß wir aus seiner Hand,
1298 3570 1549 3668 Anina:
1186 3584 2423 3746 Wie's immer falle, unser Los empfangen.
1192 3696 2347 3846 Gemeinsam gehn wir, eine kehrt zurück.
1309 3670 3068 3913 Flaminia: Das wär' ein ungleich Spiel, du Höchstgerechte.
1220 3871 2534 3994 Erst wenn auch ich ihm eine Nacht geschenkt,
1203 3894 2716 4064 Ward unser Anspruch gleich, dann darf er wählen.
1211 4025 2585 4159 Doch früher nicht. Ist dies nicht edel g'nug?
1225 4109 2389 4229 Ich will noch edler sein. Anina, höre:
1237 4167 2551 4346 Du sollft ihn nur für eine Nacht mir lassen,
4703 516 5139 645 Die Schwestern
3832 620 5259 807 Für eine Nacht, doch ohne Wahl. Und morgen
3813 731 5021 904 bring' ich auf Eid ihn selber dir zurück.
3818 812 5061 963 Du magst ihn dann für ewig dir behalten.
3821 896 5289 1077 Verlangst du mehr? — Hier meine Perlenschnur
4592 966 5264 1066 (Auf eine Gebärde der Anina:)
3841 1047 5222 1178 Ein Freundschaftszeichen nur, nicht etwa Lohn.
3824 1108 5033 1256 Läßt du allein mich gehn, so ist es dein.
3832 1186 5136 1323 Nenn's Laune, wenn du willst, Besessenheit,
3844 1284 5077 1424 Noch gestern hätt’ ich für den Venezianer
3827 1351 4991 1485 So wenig als für einen andern Mann
3841 1460 4924 1574 Die letzte dieser Perlen hingegeben.
3849 1465 5061 1664 Nur eben heut und weil ich grade will —
3952 1560 5465 1778 Anina: Als wär er mir um tausend Perlen feil.
3944 1664 5008 1851 Flaminia: Zu deinen Füßen denn.
4675 1717 5262 1848 (Sie stürzt vor ihr nieder.)
3952 1798 4787 1937 Anina: Was fällt dir ein?
3961 1789 5610 2026 Flaminia: Ein letztes Mal, laß dich beschwören, Kind.
3863 1951 5421 2091 Du kennst mich nicht. So sanft und gut ich scheine,
3869 2046 5144 2160 Wer störrisch meinen Bitten sich versagt —
5739 2052 5901 2155 G.C.F.P
3989 2121 5055 2244 Anina (sich von ihr losreißend): Ich tu's.
3969 2149 6099 2333 Flaminia (stöglich auf und in höchster Erbitterung): Dann Gnade Gott uns beiden.
3885 2286 5080 2400 Vor allem dir und deinem sanften Aug'.
3894 2345 5105 2484 Und da die finstre Nacht dir hold gesinnt,
3891 2423 5133 2574 Sei ewig sie um dich. Mit dieser Nadel
4050 2426 5920 2629 (Sie hat einen Dfeil aus ihrem Haar gezogen und will Anna damit ins Auge fahren.)
3969 2529 6113 2708 Andrea (tritt jetzt zwischen sie, nimmt zuerst Flaminia, dann Antia bei der Hand, die er vor-
3880 2629 6124 2761 läufig nicht losläßt. Sie stehen also alle drei in einer Reibe, den Blick gegen links gewandt, in dem
4310 2705 5703 2844 Augenblick, wie sich die Tür links öffnet und Santis bereintritt).
4558 2763 5462 2903 Anina — Flaminia — Andrea — Santis.
4000 2769 5984 2998 Santis (etwas betrunken, noch in der Tür): Flaminia! — Dacht' ich's doch!
5005 2889 6001 3040 (Weiter hinein.) Ich darf wohl auch
3922 2975 5181 3151 Fertig gemacht! Gleich sind die Gäste da!
3922 3079 5474 3213 Ist man auch schön genug —? Es mag sich lohnen.
3927 3199 5429 3294 Ein feiner Herr, mein Lord — wird neunzehn eben,
3947 3263 5395 3375 Sieht dem Adonis gleich und sanft wie Bacchus.
3936 3336 5404 3450 Wir sind auf du und du. In Barren schleppt er
3941 3403 5527 3570 Das Gold mit sich. Wer wird den Bissen schnappen
3938 3503 4846 3629 Blond oder braun? (Zu Andrea)
4519 3523 5395 3690 Wenn wir nicht das Geschäft
3941 3634 5387 3763 Auf halbpart machen. — Wie, Herr Philosoph?
3941 3737 5220 3841 Denn so ein Lord erscheint nicht alle Tage.
3941 3824 5203 3944 Auch wirft schon Holland seine Netze aus.
4036 3905 4820 4067 Flaminia: Die Witwe?
4818 3897 5789 4078 Ja. Trotz ihrer Neununddreißig.
4053 3994 4335 4098 Santis:
3947 4017 5356 4206 Nicht Männer mein' ich, Jahre neununddreißig.
