6392 4840
1569 466 2064 637 Arthur Schnitzler
777 594 2571 746 Santis: Da naht ein Jüngling, und in Lieb' entbrennt sie,
683 707 2015 840 Trotzdem die Mutter sie mit Macht behütet
686 780 2028 929 Und mit der Schwester das Gemach sie teilt.
789 869 1562 1009 Casanova: Die Mutter?
1593 908 2213 1081 Nein, die Schwester.
789 970 1081 1079 Santis:
2233 965 2761 1096 Dacht' ich's doch.
799 1057 1144 1154 Casanova:
804 1069 2508 1214 Santis: Schon freut sie sich, der Anschuld holde Blume
698 1178 1861 1294 Auf dem Altar der Liebe hinzuopfern,
698 1253 2112 1383 Wie manche tat vor ihr und manche tun wird.
799 1359 1707 1492 Casanova: Das walte Gott.
1704 1388 2477 1523 Doch anders kam es hier.
799 1451 1091 1564 Santis:
710 1472 2008 1622 Schon war der Tag der Hochzeit festgesetzt.
816 1550 2491 1699 Casanova: An einem Tag für beide Schwestern wohl?
809 1641 2310 1805 Santis: Nein, für die eine nur. Versammelt ist
705 1757 2235 1856 Der Hochzeitsgäste Schar, die Braut geschmückt —
714 1839 1938 1943 Doch einer fehlt, o Jammer ohne Maß:
734 1909 1938 2028 Es wird der Bräutigam, ein Edelmann,
727 2006 1875 2098 Durch dringende Geschäfte abgehalten.
739 2071 2274 2177 Es schluchzt die Braut, der Mutter Tränen fließen,
727 2141 2040 2274 Die Gäste flüstern: Welch ein Bräutigam!
724 2230 1839 2361 Und schütteln ihre Köpfe ohne Zahl.
823 2322 1369 2450 Andrea: Genug.
1390 2365 2298 2481 Wieso? Soeben fang’ ich an.
840 2414 1113 2515 Santis:
840 2419 2399 2583 Andrea: Und sind so tief in Ansinn schon verstrickt,
739 2549 1839 2674 Daß nirgendwo ein Ende abzusehen.
852 2597 2595 2742 Santis: Ein jeder, wie er kann. Man lernt's allmählich.
743 2703 2093 2827 Hätt' ich geshnt, wie hübsch das Dichten ist,
739 2773 1991 2921 Ich hätt's in meiner Jugend schon geübt.
852 2819 2498 2971 Andrea (parla): Ein andermal den Inhalt der Novelle,
758 2947 2122 3049 Wenn Casanova wünscht. In wenig Worte,
763 3027 1938 3148 Gleichwie ein mathematisches Problem,
763 3090 2064 3215 Dräng' ich die Frage, die der Lösung harrt.
751 3181 2112 3304 Durch Zufallsspiel umarmt ein junger Mann
758 3266 2057 3377 Anstatt der Dame, die ihm Huld versprach,
765 3341 2008 3478 Nachts eine andre, die ihn nicht erwartet.
874 3425 1622 3568 Santis: Die Schwester.
1612 3440 2667 3592 Das gilt gleich, da's ein Problem.
883 3519 1178 3628 Andrea:
768 3553 2247 3700 In Schreck und Lust verstummend, glaubt sie fest,
780 3659 2015 3775 Daß jener weiß, mit wem er glücklich ist.
772 3708 2105 3872 Am nächsten Morgen reist der Jüngling ab.
772 3833 1902 3949 Die beiden Damen aber im Gespräch
787 3915 1955 4007 Vertrau'n, verraten absichtslos einander
792 3968 1909 4156 Die Abenteuer der verfloßnen Nacht.
763 4123 929 4284 52
4388 449 4811 599 Die Schwestern
3469 628 4649 734 Und wie sie nun erkennen, was geschah,
3476 714 4596 809 Sieht jede sich als die Betrogne an;
3481 806 4603 903 Die eine, die nach ihm geseufzt, indes
3476 898 4685 1002 Entzückt er sich in ihren Armen wähnte;
3476 968 4649 1077 Die andre, die in Wahrheit er umfing;
3478 1033 4685 1147 Doch da sie nun erfährt, daß seine Glut
3481 1130 4820 1233 Nicht ihr gegolten, wandelt sich der Wohnen
3488 1192 4729 1301 Besänftigt Nachgefühl in Sehnsuchtspein.
3469 1282 4567 1398 Und jede so, von Eifersucht verwirrt,
3476 1352 4668 1446 Entschlossen, ihrem Jüngling nachzueilen,
3481 1427 4745 1547 Von ihrem Anspruch jede als dem bessern,
3481 1530 4709 1617 Dem einzig gült’gen überzeugt, ihr Recht
3481 1588 4794 1687 Mit Macht behauptend, sucht die andre erst
3481 1687 4847 1777 In Worten gütlich zum Verzicht zu stimmen;
3476 1714 4955 1854 Bald aber reicht das Wort nicht aus; kein Fluch
3464 1832 4815 1941 Und keine Drohung wirkt; die Augen sprühn
3488 1917 4837 2035 In Haß, die Stimme bricht, mit Nadeln spitz
3473 1979 4661 2129 Stürzt eine auf die andre; endlich blitzt
3476 2071 3821 2187 Ein Dolch
3584 2102 4806 2262 Santis: Oho! Die Phantasie gezügelt!
3476 2221 4936 2349 Trifft so ein Ding ins Herz, ist's mit der Dame
3469 2310 4738 2426 Und auch mit dem Problem ist es vorbei.
3570 2380 5296 2513 Casanova: Doch nehm' ich an, die Dolche waren stumpf,
3476 2484 4823 2597 And da's dem Wort, so wohlgezielt es sei —
3476 2588 5120 2674 An Kraft gebricht, zu töten, nehm' ich an — (mit Ironie)
3476 2645 4970 2766 Zu des Problems und zu des Jünglings Glück —
3476 2728 4668 2841 Die schönen Damen sind lebendig beide.
3476 2785 5037 2923 Mir aber — rat' ich recht? — bleibt zu entscheiden,
3493 2892 4709 2991 Wer die zumeist Betrogne sei von ihnen.
3473 2969 4815 3068 Denn beide sind's, kein Zweifel, und zugleich
3488 3044 4755 3164 Betrügerinnen — schuldlos zwar — jedoch
3476 3133 4830 3249 Sie sind's. Die eine, die versprochene Gunst
3560 3203 5030 3309 Wie's immer kam — dem Jüngling vorenthielt,
3476 3288 4719 3389 Die andre, die ihm höchste Huld gewährt,
3481 3341 5079 3498 Doch — wie sich's auch gefügt — nicht als sie selbst.
3481 3464 4637 3568 Und so erscheint in diesem Zufallsspiel
3481 3526 4774 3621 Die eine nicht und nicht die andre, sondern
3481 3613 4700 3746 Der gute Jüngling als zumeist betrogen.
3589 3666 5530 3819 Andrea: Der Jüngling71 — Wie — betrogen!? Der vielmehr
3476 3773 4188 3922 Zwiefach beglückt war?
4188 3821 4960 3995 Nein, zwiefach getäuscht.
3584 3869 3956 3995 Casanova:
3469 3956 4666 4096 Und rühmt er etwa seines Sieges sich,
