7016 5048
1766 598 2254 748 Arthur Schnitzler
886 686 2206 892 Er schamlos schwätzt von seinen Abenteuern,
883 835 2150 990 Wird nicht der Runde lüsternes Gelächter
883 925 2122 1052 Den kostbar frechen Scherz belohnen, wie
894 1013 2102 1140 Herr Casanova durch ein Fenster sprang,
892 1050 2319 1202 Aus dem, wie sonst verschämter Lampe Schein,
900 1162 2285 1284 Ein weißer Frau'nleib ihm den Weg gewiesen
883 1241 2175 1371 Und wie er mit dem Bräutchen sich ergötzt,
886 1326 2167 1473 Indes der Bräutigam am Spieltisch saß?!
1470 1374 2584 1484 (In ausbrechender Wut, beim Sekretär, öffnet ihn.)
897 1450 2339 1580 Hier ist das Teufelsgold, du wirst es brauchen -
920 1546 2099 1662 Fürs erste jedenfalls, bis von Flaminia
906 1617 2251 1749 Das Weitre du gelernt. Mir ist nicht hang.
917 1704 2147 1828 Denn wahrlich unverwandelt stehst du da,
908 1760 2375 1893 Wie du dich rühmst. Nur kenn’ ich dich zu spät,
923 1839 2155 1997 Die so geschaffen, daß sie erst die Mutter
925 1964 1143 2057 Betrog
1035 2003 1583 2139 Anina: Für dich.
1602 2045 2308 2198 Da ich zur Stelle war.
1035 2122 1318 2220 Andrea:
934 2161 2206 2299 Ein anderer kam, und nun bin ich betrogen
939 2268 2336 2361 Da, nimm, dies alles! Send' ihm Boten nach,
923 2350 2223 2471 Und laß ihn wissen, daß du reich geworden.
956 2401 2263 2517 Er fliegt zurück. Wie? Oder plantest du,
945 2511 2116 2604 Heute nacht schon einen neuen Seladon
956 2550 2325 2675 Mit deiner Nacktheit fahlem Schein zu locken?
956 2652 2209 2751 Mir ist es gleich. Zerrissen ist das Band
962 2742 2161 2844 Für ewig zwischen uns, und seine Febzen
962 2807 2215 2909 Zertret' ich unter meinem Fuß. Fahr hin!
962 2878 2288 2999 Nur kurze Frist, und dieser Ort der Schmach
962 2982 2181 3070 Liegt wie ein trüber Nebel hinter mir, —
951 3058 2158 3177 Und hinter mir Verblendung ohne Maß.
1865 3103 2260 3199 (Er eilt zur Tür.)
1064 3129 2827 3290 Anina: Verlaß mich, wie's dein Recht, und wie’s vielmehr
956 3225 2438 3405 Nach solcher Zwiesprach' deine Pflicht geworden,
973 3329 2296 3436 Und meine, dich von meinem Weg zu weisen.
973 3422 2164 3521 Denn daß aus dieser finstern Stunde nie
968 3493 2192 3597 Gemeinsam uns ein Weg ins Helle führt,
973 3586 2302 3685 Das, glaub' mir, fühl' ich tiefer noch als du.
973 3642 2206 3755 Doch darfst du darum die gewes'nen nicht,
973 3721 2328 3845 Die ew'gen Stunden unseres Glückes schmähn.
973 3823 2249 3919 Sie sind auch mein, ich wahre meinen Teil,
973 3882 2291 3992 Und war' es auch vor dir, so wie dein Bild.
971 3972 2260 4096 Du aber geh, und nimm dein Gold mit dir.
1095 4012 2827 4184 Andrea: Ich rühr's nicht an, dein ist es und nicht anders,
973 4088 2150 4243 Als hätt' er deine Gunst damit bezahlt.
1814 4178 2367 4317 /Er will geben, es klopft.)
4649 420 5118 581 Die Schwestern
3851 525 4506 711 Andrea: Wer ist's?
3868 666 4596 790 Tito (öffnet, steht in der Tür).
3857 739 5262 858 Andrea: Du Bursche — (schließt den Sekretär rasch
5301 790 5933 911 Herr Andrea Bassi?
3859 841 4074 951 Tito:
3871 841 5595 1027 Andrea: Du weißt, ich heiße so. An mich ein Auftrag?
3862 976 5465 1097 Iito: Herr Casanova wünscht den Herrn zu sprechen.
3871 1066 4782 1199 Andrea: Mich — Casanova?
4836 1109 5541 1230 Ja. Er wartet draußen
3874 1157 4074 1253 Tito:
3865 1210 5857 1357 Andrea: Mich? Du verstandest gut — Herrn Bassi — Bursche?
3888 1309 4932 1447 Tito: Herrn Bassi, doch — allein.
4948 1346 5487 1495 Er möge kommen.
3874 1391 4175 1492 Andrea:
3879 1464 4175 1566 Tito (ab).
3885 1504 4830 1631 Andrea (sperrt die Tür hinter ihm ab):
3879 1622 4263 1735 Was soll's?
3888 1650 5346 1828 Anina: Ich weiß es nicht. Jedoch, was immer
3797 1777 4982 1882 Bedenke wohl, daß zwischen mir und dir
3783 1814 5279 1961 Das Band zerrissen ist. Weh, wenn du's wagtest,
3797 1924 5250 2031 Dich zu gebärden, als bestünd' es noch." (Es klopft.)
3783 1995 5095 2091 Entschuld'gen wird Flaminia, wenn ich ihren
3789 2079 4940 2186 Besuch, indes sie nicht daheim, erwidre.
3792 2139 5073 2282 Es kommt ein Augenblick, vielleicht, in dem
3803 2243 5061 2347 Ihr meine Gegenwart nicht missen könntet.
3797 2299 5118 2423 Getrost, ich lausche nicht, doch bleib' ich nah¬
3797 2398 5121 2505 Und was sein Kommen auch bedeute, merke:
3792 2474 5121 2590 Kein Bräutigam, nicht meiner Ehre Anwalt
3783 2536 5208 2680 Du bist ein fremder Mann für mich — wie er.
3803 2627 4934 2731 Vergäßest du's ich täte, was dich reut.
3783 2655 6054 2807 (Ab ins Zimmer links. Es klopft nochmals. Andrea steht eine Weile undeweglich, dann öffnet er rasch.)
4675 2988 5160 3151 Andrea — Casanova.
3905 3064 4754 3230 Casanova (tritt ein, verneigt sich).
3910 3205 4449 3301 Andrea (dankt kübl).
3910 3211 5609 3374 Casanova: Vorerst, Herr Bassi, Dank für den Empfang-
3910 3352 5532 3462 Andrea: Kein Anlaß. Ihr Begehr, Herr Casanova?
3905 3366 5998 3577 Casanova: Ich hätte kaum gewagt — (unterbricht na) Doch Sie gestatten -
3809 3504 4294 3620 Das Fenster —
3922 3569 5154 3733 Andrea (das Wort auffangend): Wie beliebt?
5174 3569 5916 3761 Darf ich Sie bitten —?
3922 3676 4271 3786 Casanova:
3958 3747 5930 3865 (Er hält sich an der Tür, deutet durch eine Gebärde an, Andrea möge das Fenster schließen.)
3814 3812 5462 3955 Ich möchte nicht gern selbst — Man glaubt mich fort.
3922 3916 4926 4040 Andrea: Man glaubt Sie fort?
5516 3933 5789 4111 Monsieur
5817 4410 6108 4613 R.G S.-A
