7016 5048
1934 554 2404 705 Arthur Schntzler
1021 657 2586 824 So dämmr' ich hin; — als aus des Gartens Stille
1032 795 2494 902 Verfänglich Rauschen an mein Ohr sich drängt;
1032 870 2471 975 An Busch und Zweigen streift ein Mantel hin
1021 946 2309 1053 Und unter Flügelschritten knirscht der Kies.
1038 1034 2536 1124 Da schreck' ich auf. Wer kann es sein als du —?
1038 1114 2507 1240 Zum Fenster hin. Ein Leuchten fällt ins Dunkel
1021 1227 2441 1361 Von meinem Leib. — Und fahl im Lichte steht
1045 1342 2416 1439 Ein Mann in meinem Blick, der du nicht bist.
1045 1422 2507 1525 Ich — und mir ist, als löscht' ich so mich aus —
1032 1504 2303 1638 Enteile rückwärts in der Wände Schatten,
1032 1586 1355 1693 Er aber
1133 1621 1766 1770 Andrea: Casanova?
1152 1747 1424 1829 Anina:
1785 1699 2089 1831 Casanova.
1145 1795 2607 1946 Andrea: Den du in deines Leibes fahlem Glanz
1051 1888 1321 1988 Erkannt?
1139 1955 2448 2083 Anina: Er war's. Und eh' die Lippen mir
1038 2049 2255 2144 Zu einem Schrei sich auftun, hat er über
1049 2139 2507 2265 Die Brüstung ins Gemach sich frech geschwungen,
1045 2209 2160 2320 Ist mir so nah, daß über meine Lider
1045 2259 2316 2400 Sein Atem weht, daß seiner Pulse Beben
1032 2351 2435 2460 Den meinen sich gesellt; — in seinem Hauch —
1051 2435 2500 2538 Der kühl und heiß zugleich — kein Kuß, viel eher
1032 2523 2448 2609 Ein Flüstern ohne Wort, ein Flehn, eiin Bann
1051 2597 2387 2710 Doch endlich, ach, von meinem Mund ersehnt,
1051 2676 2454 2775 Zum Kusse wird — löst all mein Sein sich auf,
1030 2750 2316 2857 Und auf den Traumeswellen dieser Stunde,
1051 2836 2293 2932 Vergangner nicht, zukünft'ger nicht bewußt,
1051 2924 2309 3054 Treibt es, wie von sich selbst befreit, dahin
2047 2997 2244 3090 (Pause.)
1030 3031 2261 3182 Als ich erwachte in des Morgens Grau'n
1051 3146 2261 3239 War ich allein und lag mit offnen Augen
1045 3224 2418 3316 And wußte wohl: was diese Nacht geschah; —
1036 3299 2389 3425 Nicht andern nur, mir selbst, Andrea, wär' es
1032 3381 2441 3497 Vor wenig Stunden noch wie schwerste Schuld
1032 3473 2410 3551 Und nicht nur wider dich als Schuld erschienen
1030 3538 2393 3650 Und doch — war meine Seele leicht und froh.
1038 3627 2509 3738 Dies aber ließ mich staunen mehr als schauern. —
1032 3702 2228 3824 So ganz in dir beschlossen gestern abend,
1038 3778 2232 3876 Daß der Gedanke nur, ein andrer Mann
1038 3855 2209 3975 Berührte meine Hand unlautern Sinns
1036 3922 2362 4044 Mit Ekel mich erfüllt, — und morgens drauf
1036 4015 2244 4164 Aus eines Fremden wildester Amarmung
4684 543 5122 707 Die Schwestern
3788 661 5047 816 So reulos wie aus Kinderschlaf erwachtön!
3782 791 5080 906 Unfaßbar gestern noch — und heut erlebt?!
3788 866 4977 992 Und fühle mich die gleiche, die ich war,
3794 948 4860 1061 So unverwandelt und so unverwirrt
3794 1028 4971 1147 Und deiner Zärtlichkeit so wert, Andrea,
3799 1101 5210 1198 Als müßte, was ich grausam dir an Schmerzen,
3788 1185 5059 1300 Was du an Zorn mir vielfach wiedergibst,
3794 1267 4988 1357 Vor dem geheimnislosen Wort verwehn,
3792 1353 5233 1447 Das dir bekennt, was man verschweigen konnte.
3891 1426 4570 1527 Andrea (Geste des Hobns).
3891 1483 5479 1600 Anina: Wie leicht ist Lüge, da sie doch willkommen.
3794 1558 4984 1686 Vergib, daß ich zu bieten sie verschmäht.
3885 1665 5567 1766 Andrea: Nun hört' ich dich. Und wieder frag' ick nur,
3794 1730 4583 1867 Warum verweilst du noch?
4600 1810 5225 1926 Weil nichts geschah.
3891 1814 4130 1926 Anina:
3878 1881 4831 2022 Andrea: Hohn zum Beschluß
3895 1982 4136 2081 Anina:
4852 1936 5556 2083 Nur dir gehör' ich an.
3891 2037 4780 2181 Andrea: Doch warst du sein.
3889 2125 4136 2240 Anina:
4797 2123 5707 2251 Die Stunde kehrt nicht wieder.
3903 2211 5560 2314 Andrea: Das ist der Stunden Art. Jedoch von jeder,
3794 2288 5223 2402 Gleich wie von jeder Herberg', drin du wohntest,
3792 2379 4988 2469 Und ging in Flammen hinter dir sie auf,
3786 2441 5065 2555 Trägst den Geruch du ewig in den Haaren.
3776 2534 4476 2641 Und jene Stunde war.
3891 2599 5049 2704 Anina: (no ihm nähernd): Doch diese ist.
3870 2683 5479 2783 Andrea: Und andere werden kommen. Und in keiner
3861 2756 5007 2859 Und wären tausende mir zugemessen —
3801 2842 4862 2941 Vergäß' ich je, daß ich in einer dich
3794 2911 5137 3014 Und war sie auch halb Rausch, halb Überfall,
3776 3002 5168 3092 Und schwände sie durch Zauber deinen Sinnen
3794 3075 4810 3169 Daß ich in dieser einen dich verlor
3801 3140 5053 3255 Was hilft's, daß du ihn eilig fortgeschickt?
3786 3243 5156 3356 Nimmt er nicht die Erinn'rung dieser Stunde,
3801 3301 5156 3413 Den Duft von deinem Leib, von deinen Küssen
3788 3398 5139 3511 Den Nachgeschmack, der Seufzer Wonnehauch
3801 3482 4917 3591 Auf seine Reise mit — und führte sie
3801 3532 5179 3654 Ihn übers Meer und in die fernsten Lande —?
3794 3637 5156 3761 Bist du seit heute nacht von all den Weibern,
3786 3704 5162 3822 Die er zur Lust sich nahm, nicht eine mehr —
3782 3773 5084 3903 Und wenn der holde Zug besiegter Schönen
3792 3868 4946 3971 Vor seinen Augen nackt vorüberschwebt
3788 3950 4904 4067 Ist unter ihnen nicht Andreas Braut;
3788 4015 5170 4168 Und wenn zur Kurzweil trunkner Tischgenossen
