3256 4696
2301 478 2558 688 Männer
1790 658 1888 747 owe
1351 597 1722 770 Frauen
1512 726 1911 814 (Auf Andreas Be
1746 784 1839 889 sind
1267 777 1701 903 Ue Schwestern
737 859 1790 1011 Fürwahr, das Leben wär' ein leichter
1928 875 2275 1039 leicht genug.
1106 934 1855 1064 Wie, Casanova, noch nie
796 980 1111 1078 Andrea:
1043 1022 2044 1158 Ich fürchte, Sie sind unbescheiden
716 1053 1013 1176 Für Sie?
2287 1027 2630 1221 nachzusehn,
805 1097 2264 1223 Gudar (tritt ein): Was gibt’s? Man schickt mich
712 1183 1979 1326 Die Herrn sich doch am Ende totgestochen.
1624 1237 2070 1335 (Draußen Gelächter.)
1629 1272 2385 1400 Sorge eben nicht zu sein.
824 1314 1438 1433 Andrea: Groß schef
828 1358 2392 1533 Gudar: Doch groß die Sehnsucht über alle Maßen.
819 1389 2651 1582 Casanova (vinausdeutend): Da sind sie schon; sie sehn nicht übel
833 1561 1736 1680 Gudar: Wie? Neue Gäste?
1741 1582 2345 1739 Und Teresa, kostbar
835 1666 1190 1764 Casanova:
737 1704 1788 1876 Als hätte sie die beiden nie gesehn.
1673 1722 2054 1900 (Er ruft hinaus.)
742 1813 1678 2000 Musik! Sie schweigt zu lange.
828 1902 1865 2040 Teresa (ruft von draußen): Casanova!
849 1928 2383 2140 Casanova (binausrufend): Willkommen, meine Herren!
2399 2012 2632 2159 Rhamp
854 2105 1116 2201 Gudar:
761 2114 1970 2292 Und Alexander? Hübsche Jungen beide.
796 2215 2254 2352 Schon werden von Flaminia sie umflattert. (Musse)
868 2285 2537 2446 Casanova: Andrea, Freund, nicht lange wart' ich mehr.
868 2357 2450 2537 Gudar: Auch Santis wittert was. Ich fürchte sehr,
798 2471 1914 2611 Die reisen ärmer ab als sie gekommen.
870 2490 2747 2660 Casanova (zu Gudar): Vielleicht ist noch ein Stündchen Zeit nach
784 2611 2226 2754 Zu einem kleinen Spiel. Gudar, was denkst du?
882 2665 2406 2836 Gudar: Die laß nur mir und reise du nach Wien.
889 2770 2229 2908 Stimmen (von draußen): Casanova! Casanova!
922 2866 2030 2985 Aninas Stimme (von draußen): Andrea
931 2866 2723 3095 Casanova: Man ruft auch Sie. Dies war Aninas Stimme.
943 3015 2114 3146 zögern Sie auch jetzt noch, so verdienen
943 3092 2173 3258 Bess'res nichts, als daß man Sie verriete
1671 3174 2166 3279 (Auf seine Bewegung.)
959 3216 1337 3349 ersten Mal.
952 3279 2194 3431 Stimmen (von draußen): Casanova! Andrea!
945 3333 2329 3510 Anina (von draußen): Andrea, kommst du endlich?
959 3449 1851 3589 Andrea (macht sich zum Gehen bereit).
1008 3491 2702 3657 sanova (enttaan: Mit mir, Andrea, Bruder meiner Wahl
1095 3568 2754 3720 n mit ihm hinaus. Man hört den Jubel, mit dem sie beide empfangen werden
1767 3652 2124 3734 erklingt stärker.)
1095 3694 2154 3837 (steht am Fenster, blickt hinaus in den Park)
1008 3792 1482 3937 einmal jung sein
1330 3802 2569 3965 kustt schrifft in besonders hellen Tönen auf und verklingt habe.
1664 3888 2441 3979 Doch, man war's einmal!
1543 3937 2478 4082 tritt vom Fenster weg, um sich gleichfalls in
1806 4023 2026 4133 Vorhang
