6376 4856
1568 499 2050 680 Arthur Schnitzler
671 643 2059 798 Als Lügner müßten beide Frau'n ihn schelten.
671 773 2090 866 Denn wenn man's recht erwägt, besaß er keine.
1153 821 2442 936 (Lärm draußen. Immer lauter sind Stimmen vernehmlich.)
781 843 2882 1021 Gäste (im Pari): Wo bleibt das Essen? — Wein her! Kellner he!
632 967 2363 1131 Zieht nicht ein Wetter auf? — Es wird nichts werden!
623 1038 2403 1196 Baron! Wo bleiben Sie? — He! Wein! — Sind wir
682 1139 2149 1258 Zum Spaß geladen? — Rufen wir den Wirt!
685 1204 2205 1337 Der Wirt ist der Baron! — Dort steht er ja! —
781 1230 2967 1424 Santis (zum Tenster bin): Was gibt’s? Ist man noch immer nicht bedient?
694 1376 1892 1523 Verzeihung, edle Damen, werte Herrn -
705 1435 2160 1579 Heda, die Schüsseln auf den Tisch, die Flaschen!
716 1531 2143 1664 Wo bleibt der Kellner Troß? Noch keiner da?
725 1627 2273 1762 Verdammte Wirtschaft! He! Schlaft ihr? Herbei
716 1734 1055 1844 Ihr Kerle!
1534 1737 2146 1870 (Von rechts tritt Tito ein.)
804 1810 1449 1951 Tito: Herr Baron
821 1904 1980 2022 Santis (beim Fenster sich nach ihm umwendend):
711 1994 2047 2118 Da wär' ja einer. Troll dich in die Küche.
728 2013 2171 2186 Man trage auf. Die Flaschen aus dem Keller!
722 2129 2250 2290 Geschwind, was stehst du wie ein Stock und glotzt?
821 2166 2989 2341 Tito: Ich habe von meinem Herrn zu bestellen, daß keine Schüssel auf¬
725 2264 2831 2439 getragen und keine Flasche entkorkt wird, ehe die Rechnung bezahlt ist.
832 2355 2645 2496 Santis: Was wagst du, Bursche? Ist dein Herr verrückt?
832 2411 3000 2575 Tito: Entschuldigen der Herr Baron, der Herrsagt, es sei ausdrücklich
753 2507 3015 2662 so ausgemacht worden. Hier, Herr Baron. (Er weist die Rechnung vor.) Es beläuft
747 2586 3009 2781 sich alles in allem auf neunundfünfzig Dukaten. Da ist natürlich alles
756 2716 1334 2843 Frühere auch dabei.
860 2727 2594 2890 Santis: Ein Arzt herbei, der Wirt ist krank! Ich zahle,
764 2871 2090 2978 Wenn ich vom Mahle aufsteh', nicht vorher.
764 2941 2008 3054 Nur in Spelunken übt man andre Sitten.
764 3012 2050 3161 Hinaus mit dir! Bestell es deinem Herrn.
857 3051 3032 3206 Tito (bleibt(tehen): Und meine Bestellung lautet: Kein Bissen auf die
778 3150 2755 3302 Teller, kein Tropfen in die Becher, ehe die Rechnung beglichen ist.
1582 3249 2214 3353 (Er wendet sich zum Gehen.)
871 3311 2115 3435 Santis: He, warte. (Siebt die Rechnung durch
2030 3336 3046 3531 Neunundfünfzig. Um die Hälfte
776 3460 1963 3584 Zuviel. Betrug, Erpressung, Gaunerei!
778 3550 2197 3689 Hier hast du neun. Der Rest für heute abend.
880 3601 3057 3765 Tito: Neunundfünfzig, Herr Baron! Ich darf nicht weniger in
790 3734 1325 3855 Empfang nehmen.
897 3759 2459 3920 Santis: O Frechheit unerhört! Als wär' ich nicht
801 3872 2047 4013 Für fünfzig, hundert und für tausend gut.
807 3934 2163 4081 Willst du ein Pfand, so nimm die Dose hier,
804 4024 1836 4162 Besetzt mit Edelsteinen ohne Fehl.
4385 437 4836 578 Die Schwestern
3587 491 5758 702 Tito: Mein Herr hat mich ausdrücklich beauftragt, nur Bargeld ent¬
3491 666 5750 829 gegenzunehmen, da er mit Schmuckgegenständen leider öfters schlechte Er¬
3491 753 4193 883 fahrungen gemacht hat.
3587 815 5003 948 Santis: Die Perlenschnur, Flaminia, löse sie!
3511 922 4997 1043 Für Stunden nur. Ist auch der Wirt ein Schuft,
3511 1007 4752 1111 Nicht langer warten lass' ich meine Gäste.
3511 1100 4337 1207 Gib her. Was zögerst du?
3844 1122 5397 1277 (Er versucht selbst die Schließe von Flaminias Verlenschnur zu öffnen.)
4337 1218 4822 1334 Vergeblich ist's.
3593 1221 3940 1331 Flaminia:
3502 1308 4780 1416 Verlöten ließ ich sie. Das einz'ge Mittel,
3511 1382 4585 1483 Sie zu behalten als mein Eigentum.
3511 1461 5750 1554 In Casanovas Mienen kündigt sich das endgültige Verständnis an. Anwillkürlich faßt er nach seinem
3497 1517 5744 1610 eigenen Hals. Er blickt Anina an, die seinen Blick ohne Lächeln erwidert, dann schaut er zum Fenster
3494 1568 5764 1684 dann zu Flaminia, nickt vor sich hin und lächelt, ungefähr als wollte er sagen: Nun ist mir alles klar.)
3598 1633 5152 1757 Santis: Elendes Weib! Bei Gott, ich hätte Lust,
3514 1717 5135 1858 Dich samt der Schnur dem Wirt als Pfand zu geben.
3607 1799 5688 1918 Tito: Darüber würde sich vielleicht reden lassen, wenn die Frau Baronin
3914 1895 5350 2019 (Geste, als wenn er sie einlüde, mit ihm das Zimmer zu verlassen.)
3598 1971 4430 2064 Casanova (plötzlich vor ihn hin):
3514 2039 4994 2154 Das Paul gehalten, Bursch, hier nimm und geh!
4219 2115 5051 2236 (Er gibt ihm einen Beutel voll Geld.)
3511 2140 4653 2287 Zähl draußen und behalte, was zuviel,
3502 2231 4777 2380 Und sage deinem Herrn, das merk' er sich,
3522 2335 4520 2431 Wo Casanova man zu Gaste lud,
3522 2422 4932 2541 Dort muß der Wirt nicht für die Zeche zittern.
3618 2510 5056 2611 Santis (als wollte er's nicht annehmen): Nie werd' ich
3612 2594 5000 2687 Casanova: Still, mein Retter. Es ist nichts.
4027 2625 5259 2752 (Er befiehlt dem Tito durch eine Geste, sich zu entfernen.)
3624 2685 4264 2845 Tito (unter Bücklingen ab)
3624 2781 5541 2916 Casanova (zu Andrea): And mir bleibt immer noch genug, zugleich
3528 2893 4881 3000 An Sie, Herr Bassi, meine Schuld zu tilgen.
3522 2953 4628 3071 Da, was ich an Gudar zurückbezahlt,
3522 3060 4763 3158 Ich auf der Fahrt ihm wieder abgewann.
3528 3147 4836 3254 Hier ist, mit wiederholtem Dank, Ihr Gold.
3629 3212 4461 3339 Andrea: Sie hatten Glück.
3629 3280 5603 3390 Casanova (dem Andrea die Beutel mit Gold gebend, die dieser etwas zögernd nimmt:
4470 3364 5454 3488 Sie haben's auch, mein Freund.
3533 3418 4151 3584 Die Summe stimmt
4196 3525 4537 3660 Sie stimmt
3635 3559 3914 3663 Andrea:
4571 3590 5141 3722 Dies wär' erledigt
3635 3638 3979 3756 Casanova:
3736 3646 5567 3801 (In neuem Ton, in den Garten hinausblickend, wo die tafelnden Gäste sichtbar sind.)
3528 3759 5121 3909 Und nun, es blinkt der Wein, die Schüsseln dampfen.
3531 3849 4814 3956 Ich denk, es wäre Zeit, zu Tisch zu gehn.
3635 3920 4887 4035 Santis: Noch nicht. Ihr Spruch zuerst.
