7160 5032
2004 477 2483 636 Arthur Schnitzler
1201 591 2847 737 Anina: Du denkst, daß seine Täuschung dauern wird?
1204 659 3228 866 Andrea: Sie könnte wohl. Sie wird. — Er geht nach Holland...
1105 775 2001 924 Nach fernerm Land vielleicht.
1191 838 3064 1035 Anina (blickt auf den Sekretär, mit bitterem Spott): Du hast das Deine
1118 972 1512 1090 Dazu getan.
1204 999 2413 1168 Andrea: Nicht viel. Erspieltes Gold!
1113 1115 2602 1252 Hätt' ich's verweigern sollen —? Nicht viel eher,
1121 1201 2461 1363 Daß mir so leicht gemacht war zu gewähren,
1113 1295 1845 1416 Als Fügung nehmen —
1852 1363 2234 1507 Fügung? —
1221 1388 1481 1502 Anina:
2241 1408 2776 1590 Fühlst denn nicht
1221 1444 1799 1582 Andrea (dringender):
1121 1502 2382 1643 Auch du, daß diese wunderbare Wendung,
1143 1628 2390 1734 Schicksal-gesandt, ein Zeichen uns bedeutet,
1123 1721 2387 1804 Das zu mißkennen — zu verwerfen gar —
1123 1736 2524 1898 Verblendung, Trotz — beinahe Läst'rung wäre?
1224 1850 3175 1976 Anina: Du schwärmst. Was wandte sich —? Ist, was geschehn,
1133 1948 2615 2052 Mit einmal nicht geschehn? Und was erlebt ward,
1143 2032 2458 2148 Nun plötzlich nicht erlebt? Ist meine Schuld
1126 2102 2428 2249 Geringre? Oder keine gar? Dein Schmerz
1143 2181 2269 2299 Gemildert — oder aufgelöst in nichts?
1133 2271 2322 2362 Die Stunde, da dem andern ich gehörte,
1143 2332 2367 2456 Aus ihrer Schwester Reihen ausgelöscht?
1141 2400 2524 2524 Und schlepp' ich ihren trüben Dunst nicht mehr,
1156 2501 2519 2602 Wie übler Herberg Rauch, drin ich genächtigt,
1133 2584 2372 2693 In meinen Haaren unverwelklich mit —?
1227 2620 3087 2781 Andrea: Währt auch die Qual und bleibt die Schuld bestehen,
1138 2753 2562 2880 Noch einmal, dünkt mich, gibt das Schicksal uns
1148 2822 2297 2955 Frei zu erwägen, ob wir beide nicht —
1148 2930 2758 3051 Du schlimmes Wort — ich schlimmres Tun verzeihn —
1234 3003 1989 3119 Anina: Verzeihn —!
1244 3021 2655 3200 Andrea: Verstehn denn und vergessen wollen.
1227 3160 2817 3266 Anina: Vergessen —? Wie? Ist ungesprochen jetzt
1148 3251 2514 3369 Der Worte Schmähschwall, der mich übergoß?
1143 3329 2380 3420 Sind sie nun ungedacht, die Haßgedanken,
1143 3410 2446 3523 Drin wie in dumpf geballter Nebel Treiben
1156 3485 2324 3606 Mein Wesen deinem Blicke sich verlor?
1227 3538 2943 3670 Andrea: Doch wenn ich's wiederfände — wie du mein's
1239 3652 3031 3760 Anina: Wie kann ich's jemals und wie könntest du's?
1143 3740 2483 3829 Nimmt er nicht die Erinn'rung jener Stunde,
1138 3818 2602 3927 Den Duft von meinem Leib, von meinen Küssen
1138 3892 2506 4018 Den Nachgeschmack, der Seufzer Wonnehauch
1156 3970 1595 4101 Für ewig mit
4750 444 5227 586 Die Schwestern
3962 548 5487 717 Andrea: Doch nicht dein Bild, Anina...
3864 676 5156 792 So bleibt Geheimnis zwischen dir und mir,
3876 780 5181 861 Was heute nacht geschah; und schwören wir
3889 813 5325 964 Von dieser Stund' ab Schweigen und Vergessen
3884 916 5032 1047 Einander zu — so ist es nie geschehn.
3980 999 5449 1115 Anina: Genest, weil Eitelkeit des Stachels ledig,
3889 1083 5373 1194 Ein Herz so rasch, das todverwundet schien?
3892 1163 5073 1285 Nun erst verlor ich dich! — Fahr hin!
4540 1171 5456 1348 (Sie nimmt ihren Mantel um, will gehen.)
5068 1290 5287 1411 Anina!
3970 1262 4268 1403 Andrea:
3876 1322 5138 1481 Dies deine Antwort? Meiner Liebe die17
3980 1416 5368 1590 Anina: Ich habe keine andre. Laß mich fort.
3980 1527 4841 1671 Andrea: Wo willst du hin
4871 1552 5948 1741 Dorthin, wo du nicht bist.
3982 1615 4237 1711 Anina:
5767 1633 6019 1729 G.C.H.F.P.P
3990 1663 4560 1807 Andrea: Doch er!
4593 1716 5759 1900 Was geht's dich an? Laß mich vorbei!
3990 1772 4263 1878 Anina:
3985 1827 5073 1976 Andrea: So weiß ich, daß du logst.
5111 1888 5388 2047 Niemals.
3990 1933 4253 2027 Anina:
5401 1943 5830 2107 Du liebst ihn.
3985 2009 4273 2115 Andrea:
3990 2032 5731 2221 Anina: Jetzt lieb' ich ihn... und nun erst wird es Glück.
3998 2160 4896 2292 Andrea: Wär's nicht enteilt!
4904 2191 5608 2337 Ich hol' es mir zurück.
3998 2246 4255 2352 Anina:
3998 2276 5681 2463 Andrea: Wenn ich nicht schneller wäre, dem Entflohnen
3889 2395 4979 2516 Als Bote deiner Liebe, doch zugleich
3894 2458 5224 2602 Ein Künder ernstrer Botschaft zu erscheinen.
3995 2504 5454 2688 Anina: Empfing er sie, wo wäre dein Gewinn?
3899 2612 5237 2726 Wenn du ihn auch erschlügst, vor aller Welt
3924 2708 5252 2822 Bekennt' ich mich als seiner Lust Gefährtin:
3894 2784 5368 2933 Und schlüg' er dich — die blut'ge Hand, Andrea,
3914 2857 5171 2978 Die mich von dir erlöste, wollt' ich küssen!
4008 2915 5641 3051 Andrea: Renn’ in dein Anheil denn, der Weg ist freil
4242 2983 5797 3145 (Er öffnet selbst die Tür rechts, in diesem Augenblick tritt Flaminia ein.)
4677 3084 5365 3180 Andrea — Anina — Flaminia.
4015 3129 5759 3251 Flaminia: Ei, schönen Dank! Das ist mir ein Empfang!
3902 3225 5514 3336 grad wie bei Hof, wenn's auch nicht so gemeint war.
3919 3309 5471 3407 Zum Ausgehn schon bereit —? Das trifft sich gut.
3914 3392 5042 3488 Die andern lassen allzu lange warten.
3924 3480 5199 3576 Drum wollt' ich fragen, ob wir nicht indes
3924 3556 5259 3664 Selbdritt uns an die Tafel setzen wollen —?
4010 3629 5338 3743 Anina: Verzeihen Sie —! (wil an ihr vordet).
4008 3702 4947 3811 Flaminia (barmlos): Was —?
4959 3707 5507 3904 Sie sehn —
4015 3801 4470 3902 Auina:
5227 3839 5898 3967 Im Reisemantel?
3950 3866 4376 3977 Flaminia:
3902 3917 5532 4073 Jetzt merk' ich's erst! Sie wollten —? Ohne ihn? —
