6696 4936
1681 540 2141 651 Arthur Schnitzler
909 506 2730 790 Anina: Ich glaube, nein. Vielmehr — er ging schon aus —.
1588 757 2216 852 (da Gudar befremdet scheint)
816 821 2125 937 Nun ja, wie Sie, Herr von Gudar, der doch
829 912 2012 1041 Bewiß gleich ihm den Tag herangewacht.
917 984 2771 1098 Gudar: Uns Greisen frommt kein Schlaf. Zu töricht wär' es,
816 1051 2291 1167 Dem Wuchrer Tod, der bald des Daseins Schuld
808 1136 2143 1242 Im ganzen holt, allnächtlich Vorschuß zahlen.
932 1196 2810 1327 Anina ###y: Sie hatten wohl heut' nacht kein Glück im Spiel?
917 1281 2469 1402 Gudar: Dergleichen stört mir längst die Laune nicht.
821 1387 2231 1498 Mich kümmert kein Verlust, kaum noch Gewinn.
922 1449 1932 1609 Anina: Was also kümmert Sie?
1919 1513 2440 1619 Der Karten Fall.
930 1555 1183 1655 Gudar:
930 1599 2564 1712 Anina: Wenn’s Ihnen gleich gilt, wie sie Jhnen fielen
935 1666 2632 1800 Gudar: So sagt' ich nicht. Aufs neue lockt's mich stets,
842 1756 2311 1875 Den Schicksalsmächten mich zum Kampf zu stellen.
945 1857 2384 1945 Anina: Ein großes Wort für so geringes Ding.
940 1932 2469 2014 Gudar: Warum gering? Ob ich die Karten frage,
832 2001 2255 2120 Ob wer mich ansprengt im Gewühl der Schlacht
850 2079 2143 2180 Ob, wie's wohl in vergangner Zeit sich traf,
863 2162 2056 2262 Mich einer Maske Funkelaug' vom Tanz
850 2242 2027 2340 In eines Gartens Rätseldämmer rief, —
844 2324 2298 2404 Nicht Angst noch Jubel hat mich je durchschauert,
850 2417 2236 2497 Nicht Haß noch Zärtlichkeit mein Blut gejagt
857 2484 2409 2580 Nur immer dies: Was willst du, Feind im Dunkel?
863 2541 2376 2665 Schicksal, was willst du mir? — So auch im Spiel.
844 2626 2174 2740 Dies blieb mir nun allein. So ist's mir viel.
953 2699 2464 2792 Anina: Und also — wer blieb Sieger heute nacht?
953 2781 1795 2903 Gudar: Sie wissen's nicht?
1787 2848 2231 2962 Wie sollt' ich
953 2877 1196 2972 Anina:
2275 2918 2867 3022 Hat Ihr Gatte —?
963 2954 1219 3053 Gudar:
958 2993 2908 3120 Anina (easch): Ich schlief schon, als er heimkam. Hört' ihn kaum
868 3091 2208 3202 Und morgens weckte mich sein Fortgehn nicht.
875 3176 2425 3295 Doch freilich ist mir -- und noch klingt's mir nach —
881 3246 2376 3355 Als wär's wie Gold durch meinen Schlaf geronnen
873 3339 2094 3445 Und Stück' um Stücke rollten dort hinein
1423 3419 2533 3515 (Zum Sekretär, öffnet ihn, Goldstücke liegen zutage.)
976 3476 2466 3590 Gudar: So leiser Schlaf und ein so lauter Gatte.
963 3561 2598 3667 Anina (auf das Gold weisend): Ihr Gold, Herr von Gudar?
2487 3628 3068 3729 Noch gestern abend.
971 3657 1224 3760 Gudar:
881 3711 1712 3858 Heut' Herrn Andreas Gold.
1697 3781 2428 3912 O, wenn Sie etwa — —
994 3796 1247 3936 Anina:
1524 3897 2440 3990 (Sie macht sich mit dem Geld zu schaffen.)
881 3928 2960 4114 Ich zweifle nicht — Andrea wird — (In einiger Verlegenheit) — —?
2533 4142 2737 4256 dʼavoir
4398 455 4881 615 Die Schwestern
3626 558 5568 726 Gudar (ne unterbrechend): Ich habe nichts verloren, gnäd'ge Frau.
3520 728 4362 834 Her Bassi nur gewann.
4300 710 4878 888 Wer denn verlor?
3644 790 3902 894 Anina:
3644 798 5168 992 Gudar: Herr Casanova. Doch da seine Warschaft
3543 935 4948 1067 Sehr bald in nichts zerfloß, hat sich’s gefügt
3546 994 5002 1134 Im Hin und Her des Spiels, daß all mein Gold
3543 1095 4690 1234 Vor Herrn Andrea Bassi sich gehäuft.
3639 1172 4517 1304 Anina: And Casanova —?
4504 1193 5069 1371 Schuldet alles mir,
3644 1271 3933 1374 Gudar:
3559 1281 4863 1457 Was er verlor. Ein andermal — vielleicht
3543 1379 4930 1537 Heut' abend schon — vielleicht erst übers Jahr
3561 1490 4651 1611 In Homburg oder wo es immer sei,
3564 1503 4860 1699 Begleicht er, was ich gern ihm vorgestreckt.
3646 1645 4907 1785 Anina (wie fragend): Er ist ein Ehrenmann.
4899 1658 5467 1841 Auf Sicht, wie ich
3662 1738 3933 1862 Gudar:
3554 1743 5028 1929 Von einem Tag zum andern wird man's wieder;
3559 1901 4853 1991 Und regt zur Zwischenzeit ein Zweifel sich —
3572 1960 4736 2063 Ein Degenstoß beschwichtigt ihn sofort.
3657 1976 5211 2141 Anina: Sie kennen ihn nicht erst seit gestern abend?
3662 2107 5214 2239 Gudar (lacht): Herrn Casanova? In Venedig schon,
3566 2198 4837 2306 Lang eh' er unter dem berühmten Bleidach
3572 2286 4806 2399 Freigeisterei und leicht're Sünden büßte, —
3582 2324 5031 2459 Er noch ein Fant, doch schön und frech wie heut',
3585 2456 4902 2580 Ich von der Jugend letztem Glanz umsonnt,
3579 2508 4785 2621 Schon damals maßen unsere Kräfte wir,
3585 2536 5051 2688 Und nicht am Spieltisch nur. Zehn Jahre sind's!
3585 2681 5013 2792 Noch steigt sein Stern, da meiner längst erblich.
3685 2748 4716 2882 Anina: Sie lieben ihn nicht sehr?
4708 2763 5431 2952 Und doch nicht wen'ger,
3680 2843 3938 2947 Gudar:
3585 2874 4853 3011 Als meiner Jugend Bild ich lieben müßte,
3590 2975 4881 3127 Begegnet's plötzlich mir im Licht des Tags.
3595 3065 4403 3200 Sie kannten ihn noch nicht?
4401 3096 5033 3246 Nur seinen Namen.
3685 3156 3943 3262 Anina:
3677 3202 5227 3378 Gudar: Sprach ihn Herr Bassi je vor Ihnen aus?
3603 3282 4775 3404 Die Gatten lieben seinen Namen nicht.
3685 3331 5013 3497 Anina: Andrea Bassi ist mein Gatte nicht.
3680 3417 5607 3566 Gudar: Noch nicht. Mag sein. Doch kenn' ich Menschen so,
3595 3528 5088 3657 Wie's mir nach sechzig Jahren Weltfahrt ansteht,
3595 3616 4930 3729 So denk' ich, daß Herrn Bassis Bürgersinn
3595 3711 5180 3812 Der lieben Vettern Gunst so schwer entbehrt,
3608 3794 5080 3894 Als Ihre Frommheit, holde Frau Anina,
3613 3858 4876 3956 Der Kirche heil'gen Spruch und Ehesegen.
3595 3936 4976 4080 Und ist bei rauhem Wind in fremden Landen
