5304 4056
1782 425 1958 566 96 —
1080 528 2526 703 Bin ich dein Gatte nicht, dein Herr nicht mehr,
1067 657 2294 775 Daß du dir deine Schlafgenossen wählst?
2396 667 2603 829 G.H.F.P.
1078 758 2224 872 Du sollst es büßen. Aber noch vor dir
1080 835 2234 962 Dein Casanova! (Zu ibm, den Degen ziebend)
1519 912 2267 1034 Rechenschaft von Ihnen
1086 986 2317 1117 Verlang' ich, der die Gattin mir verführt.
1073 1094 1629 1196 Und zwar sofort.
1123 1140 2613 1262 CASANQVA (böflich): Es geht nur nach der Reihe.
1074 1248 2263 1380 Beiseit' getreten, wenn ich bitten darf,
1074 1318 2315 1436 Und nun, Andrea, Freund, ich bin bereit.
1140 1397 2613 1544 ANINA: Ich leid' es nicht. Den Degen fort, Andrea.
1074 1490 2476 1616 Vergaßest du? Du hast das Recht nicht mehr,
1086 1583 2532 1706 Für mich zu töten; hast das Recht noch minder,
1074 1672 1722 1774 Für mich zu sterben.
1735 1710 2466 1859 Törin du, für dich —?!
1138 1755 1482 1867 ANDREA:
1092 1822 2363 1936 Wähnst du, es ginge wirklich nur um dich,
1092 1907 2118 2039 Wo Casanova und Andrea fechten?
1086 1971 2566 2103 Ein größrer Kampf ist’s, der sich hier entscheidet.
1129 2079 2632 2203 CASANOVA: Sie überschätzen, fürcht' ich fast,
2315 2153 2624 2290 uns beide.
1096 2228 2501 2375 Jedoch Ihr Wort ist hübsch, und einer soll’s —
1092 2336 2448 2448 Ich hoffe, Sie — der Nachwelt aufbewahren.
1556 2418 2174 2524 (Sie beginnen xu fechten.)
1092 2477 2632 2590 (Draußen sind die Gäste von der Tafel aufgestanden, näbern sich
1409 2568 2435 2655 dem Fenster, einige schauen berein.)
1158 2624 2632 2775 DIE GÄSTE: Wie? — Seht doch! — Was? — Oh! —
1809 2711 2640 2821 Ein Duell?! — Zum Spaß!
1111 2804 2628 2906 Famos! — Nein, es ist Ernst! — Sie fechten gut! —
1098 2881 2483 2978 Natürlich — Casanova! — Und der andre?
1098 2972 2634 3067 Wer ist's? — Ein hübscher Mensch! — So jung! —
2259 3022 2642 3156 [Nur weiter!
1090 3048 1867 3189 Still die Musik! Warum?
3805 437 4302 599 Goon! Go on!
3073 535 4271 688 1 bad on Casanova hundert ducats!
3048 663 4601 759 Plötzlich öffnet sieb die Türe rechts, Gudar tritt ein, überschaut die
3598 727 4064 835 Situation.)
3133 740 4507 928 GUDAR: Was gibt's? — Zur rechten Zeit! —
3179 872 4458 1015 (Tritt zwischen sie, schlägt ihre Degen auseinander.)
3757 935 4584 1090 Herein, Teresa!
4362 1044 4574 1123 G.C.F.P
3059 1034 3911 1154 Hier ist er, den Sie suchen!
3131 1111 4607 1246 TERESA (nur eine kurze Sekunde an der Türe stebenbleibend,
4004 1204 4404 1295 G.C.H.F.P.
3065 1217 3683 1345 dann auf Casanova zu):
3937 1268 4244 1360 Casanova!
3078 1314 4321 1496 Hab' ich dich wieder, mein Geliebter du!
3527 1426 4155 1561 (Sie stürxt in seine Arme.)
3138 1503 3873 1637 DIE GÄSTE (am Fenster):
3084 1552 4400 1743 Ein Spaß! — Hab’ ich’s gesagt! — O damned!
3088 1708 4607 1882 Wer ist das kleine Ding? — Man kann sich’s denken!
3090 1830 4613 1956 Wird nichts daraus? — Wie schade! — Fortgeschmaust!
3181 1907 4375 2079 (Sie entfernen sich allmäblich vom Fenster.)
3156 2012 3998 2128 TERESA (aus Casanovas Armen):
3107 2081 4308 2209 Ich hoffe, die Gesellschaft wird verzeihn.
3102 2118 4481 2313 Bekannte auch? — Flaminia! Teure Freundin!
3536 2226 4215 2392 (Sie umarmt sie. Zu Santis):
3115 2340 3330 2454 Baron!
3150 2365 3701 2557 SANTIS: Teresa!
3741 2447 4400 2626 Ja, so trifft man sich.
3181 2518 3486 2624 TERESA:
3299 2580 4439 2704 (Mit leichter Verbeugung vor Andrea und Anina)
3102 2651 4223 2800 Teessa heiß' ich, Tänzrin aus Neapel.
3179 2760 3765 2885 GUDAR (stellt vor):
3121 2829 4178 2966 Hier Herr Andrea Bassi aus Ferrara
3127 2930 4255 3049 Und Frau Anina, seine schöne Gattin.
3204 3007 3647 3160 Die Schwestern
4866 3129 5156 3274 BUCHDRU
4737 3254 5191 3421 5. SEP. 1918
3662 3295 4464 3440 Schnitzler, Die Schweinlände,
3165 3318 3324 3442 1. Flä
3583 3409 4439 3552 che Buchdruckerei in Leipzig.
