6312 4856
1809 495 2290 662 Arthur Schnitzler
1676 633 2273 769 Er ruh' in Frieden.
1002 626 1288 778 Santis:
1019 745 2542 852 Andrea: So mangelt's an Gelegenheit den beiden
1019 800 2711 947 Santis: Gelegenheit? — Man macht sie, wenn sie fehlt
1019 900 2071 1023 Andrea: Bei Tag ist sie bewacht
2159 964 2873 1076 Doch in der Nacht —?
1016 995 1283 1097 Santis:
1026 1050 2642 1176 Andrea: Teilt mit der Jüngern sie das Schlafgemach
1031 1145 1973 1257 Santis: Mit der verlobten —
2021 1197 2827 1335 Jüngern. Ja, ich sagt' es.
1019 1230 1290 1333 Andrea
1019 1292 2047 1435 Santis: Wer ist der Bräutigam
2092 1354 2547 1497 Ein Edelmann.
1031 1392 1302 1497 Andrea:
1014 1452 2028 1585 Santis: Wann ist die Hochzeit?
2056 1523 2804 1656 Beide Schwestern warten
1028 1549 1319 1647 Andrea:
914 1604 2213 1728 Des feierlichen Tags mit gleichem Sehnen.
923 1721 2440 1795 Sehnsücht'ger noch der Nacht; denn wenn die eine,
916 1787 2240 1897 Die Jüngre, neuvermählt dem Gatten folgt,
935 1861 2147 1978 So wird im schwesterlichen Schlafgemach
916 1944 2285 2035 Die andre — endlich — ungehemmt und frei
923 2025 2237 2113 Aus durst'ge Herz den Heißgeliebten pressen.
923 2080 2678 2206 Doch — noch erwähnt' ich's nicht — von schlechten Sitten,
928 2168 2218 2278 Gefürchtet und verhaßt war jener Jüngling
914 2254 2313 2351 Den Weibern freilich nicht — und also kam’s,
923 2344 2154 2451 Daß er zur Hochzeit nicht gebeten ward;
914 2416 2190 2525 Ja daß, um jeglichen Verdacht zu wehren,
923 2485 2301 2589 Schon Tage früh'r dem Ort er fern sich hielt.
1026 2582 1749 2697 Santis: Dem Ort —?
1806 2628 2768 2768 Wo sich begibt, was ich berichte.
1031 2668 1314 2763 Andrea:
926 2723 2092 2849 Erst mitternachts, wie's abgeredet war,
916 2813 2230 2911 Auf leisen Sohlen naht er sich und schleicht
940 2894 2266 2987 Durch dunklen Park den wohlbekannten Weg
935 2975 2411 3068 Zum Fenster, jenseits dem das Glück, er weiß es,
928 3056 2213 3156 Das längstersehnte, das versprochne wartet.
916 3123 2440 3227 Und also kühnen Schwungs in Duft und Dämmer
933 3208 2266 3311 Des bräutlichen Gemachs taucht er den Fuß.
933 3301 2375 3399 Doch was er nicht weiß und nicht wissen kann
935 3382 2301 3480 Kein Bote traf den allzu gut Verborgnen —,
935 3451 2285 3560 War dies, daß die Vermählung aufgeschoben,
935 3534 2071 3644 Weil ein Ereignis von besondrer Art
928 3591 2278 3710 Von dem ein ander Mal — den Bräutigam
935 3696 2092 3794 In letzter Stunde abhielt zu erscheinen.
1035 3744 2642 3891 Santis (sterla): Und unser Jüngling findet für die eine
923 3846 2304 3963 Die Schwestern beid' im dämmrigen Gemach?
1028 3922 2618 4041 Andrea: Nein. Statt der einen findet er die andre
923 4006 2413 4146 Die Braut, die von des Wartens Pein ermattet,
4274 412 4715 574 Die Schwestern
3372 569 4770 704 In schweren Schlummer sank. Indes die eine,
3370 657 4767 781 Mißmutig und enttäuscht — (sie ahnt ja nicht,
3375 747 4674 850 Daß keine Botschaft aufgeschobner Hochzeit
3384 823 5000 945 Den Liebsten traf) — von Trost und Schlaf gemieden,
3382 900 4672 1014 Die Lagerstätt' verläßt und in des Gartens
3375 988 4577 1095 Entlegenster Allee dem fernen Jüngling,
3375 1078 4546 1176 Der ach so nah, nutzlose Seufzer weiht
3394 1147 4679 1250 Bis endlich tränenmüd sie sich zur Rückkehr
3375 1221 4589 1349 Ins schwesterliche Schlafgemach bequemt.
3375 1292 4808 1426 Doch wie sie, um die Schwester nicht zu wecken,
3394 1376 4517 1504 Ganz leise nur die Klinke niederdrückt,
3375 1449 4846 1566 Ist ihr, als schlürf' und schwebe drin ein Schritt,
3375 1547 4641 1668 Und ahnungsvoll bewegt die Türe öffnend
3394 1614 4750 1728 Gewahrt sie eben noch, wie durch das Fenster
3394 1699 4900 1797 Hinaus ins Dunkel rasch ein Mensch verschwindet.
3403 1778 4643 1904 Zwar sieht sie nur den Umriß der Gestalt,
3406 1852 4708 1964 Doch kann sie nimmer zweifeln, wer es war.
3406 1911 4919 2042 Und starr, in Scham, in schmerz, in Zorn steht sie
3399 2016 4746 2135 Im stummen Raum, aus dessen Schattentiefe
3399 2078 4796 2206 Treulos zerwühlt — ein gleißendes Geständnis
3411 2180 4660 2280 Der Kissen Linnenweiß sie höhnisch grüßt.
3399 2249 4648 2370 Und drin begraben (— wäre sie doch tot
3415 2316 4822 2437 Denkt die Betrogne —) ruht unschuldig-schuldig
3406 2423 4741 2509 Die Schwester, die ihr den Geliebten stahl;
3418 2466 4810 2587 Des Zufalls Opfer, doch zugleich ihm dankbar,
3418 2568 4658 2687 Jungfräulich-bräutlich, eh' die Sonne sank,
3415 2658 4786 2775 Und eh' sie aufging — eines Fremden Dirne.
4127 2725 4953 2837 (Draußen im Park Bewegung, Lärm.)
3527 2792 4417 2946 Flaminia: Die Gäste schon?
4448 2846 5146 2965 Die Musikanten sind's!
3525 2913 3765 3006 Anina:
3515 2927 5434 3058 Andrea: Es drängt die Zeit. So schweig' ich denn von allem,
3434 3049 4750 3154 Was sich in Wort und in Gebärde zwischen
3422 3125 4874 3237 Den Schwestern weiter zutrug bis zum Morgen.
3430 3213 4672 3318 Nur dies bericht' ich: Beide liebentzündet
3430 3249 4762 3394 Erheben gleichen Anspruch auf den Jüngling
3422 3382 4624 3491 Die eine, die sein eigen war, doch ohne,
3434 3458 4674 3553 Daß ihm bewußt, wen er umfangen hielt
3434 3522 4677 3637 So daß sie der erschlichnen Lust nicht froh=
3430 3584 4846 3729 In neuem Durst nach freigebotner schmachtet —
3427 3699 4577 3791 Die andre, die er zu umarmen wähnte
3430 3756 4622 3856 Und die in ungestillter Sehnsucht seufzt.
3434 3848 4665 3939 Und jede hält ihr Recht allein begründet,
3441 3937 4715 4072 Wie sie der andern Recht für nichtig hält.
