7032 5080
1886 478 2376 669 Arthur Schnitzler
1096 618 2288 801 Andrea: In Rätseln sprechen Sie.
1096 718 2857 843 Casanova: Flaminia warf ein Aug' auf Sie — ich weiß.
1006 841 2648 952 Doch Santis hält's — drum aufgepaßt, mein Freund
1017 913 2469 1038 Mit seinem Gattenrecht nach Laun' und Vorteil.
1024 980 2374 1117 Nachsichtig bald, als wär' er taub und blind,
1022 1068 2234 1184 Bald lauernd eifersüchtig wie ein Türke,
1020 1136 2204 1266 Verliebter Gatte gestern, Kuppler heut
1024 1205 2348 1338 Im Einverständnis bald mit seiner Schönen
1024 1305 2325 1426 Und bald auf eigne Faust ein Wüterich —
1029 1380 2450 1505 Und hielt, daß man den Liebsten ihr nicht störe,
1024 1463 2220 1593 Er gestern Wache vor Flaminiens Tür,
1050 1535 2381 1677 So mag ein anderer, der ihm nicht genehm —
1038 1623 2455 1774 Sich feigsten Anschlags heut von ihm versehn —
1967 1695 2350 1798 (mit Bedeutung)
1052 1763 2355 1928 Wofern nicht zeit'ge Warnung ihn bewahrt.
1879 1828 2473 1963 (Sehr rasch das Folgende.)
1942 1932 2246 2048 gewarnt?
1152 1900 1860 2079 Andrea: Sie aber sind
2248 1983 2580 2137 Ich bin es
1145 2037 1500 2141 Casanova:
2601 2065 2850 2190 Sind's
1152 2118 1440 2216 Andrea:
1047 2188 1428 2299 Durch wen?
1161 2262 1814 2385 Casanova: Durch sie.
1825 2274 2413 2471 Flaminia selbst —?
1157 2348 1459 2455 Andrea:
2422 2367 2806 2508 Wen sonst?
1154 2427 1498 2536 Casanova:
1154 2455 2132 2617 Andrea: Sie — und Flaminia
2213 2506 2912 2669 Was verwundert Sie?
1157 2587 1505 2685 Casanova:
1157 2636 2689 2768 Andrea: So ist's ein alter Haß, der Sie bedroht?
1157 2724 1949 2873 Casanova: Wohl möglich
1972 2743 3047 2910 Nach — verjährtem Liebesglück —?
1157 2824 1475 2936 Andrea:
1157 2898 2722 3001 Casanova: Zum dritten Male kreuz' ich ihren Weg.
1073 2961 2448 3105 Doch heute nacht erst war das Glück mir hold.
1168 3003 2975 3163 Andrea: Heut nacht — Und wer hat's dem Baron entdeckt?
1168 3142 2901 3238 Casanova gögernd): Wie ich vermute, sah er, wohlverborgen
1068 3221 2450 3358 Im finstern Schatten der Allee — (unterbricht sich).
2541 3251 3003 3384 Sah — was?
1159 3291 1463 3407 Andrea:
1175 3326 2894 3484 Casanova: Wie ich durchs Fenster in den Garten sprang.
1175 3447 2736 3549 Andrea: And warum hätt' er sich versteckt gehalten?
1175 3530 2757 3646 Casanova: Weil ein Verdacht an seiner Seele nagte
1080 3598 2466 3707 Seit unserm heitern Abendschmaus von gestern.
1175 3628 2903 3788 Andrea: Bei dem nach rechts und links mit gleicher Huld
1068 3762 2292 3893 Sie Ihres Geistes frohe Gaben schenkten.
1168 3834 2838 3981 Casanova: Doch ungleich kam die Huld an mich zurück,
1073 3890 2464 4020 Wie Santis' Mißtrau'n ahnungsvoll gewahrte.
1073 4002 2406 4150 Und war's auch nur ein hingehauchtes Wort,
4733 534 5154 727 Die Schwestern
3837 683 5123 848 Das mir Flaminia zugeraunt — es scheint,
3837 780 5186 955 Daß der Baron sich's wohl zu deuten wußte.
3941 871 4877 1034 Andrea: And dieses Wort —
4912 899 5841 1082 Schon manchem ist's erklungen,
3937 987 4290 1094 Casanova:
3844 1006 4717 1198 Und matteher hört's nach mir.
4736 1061 5423 1217 Jedoch das Wort — 7
3944 1143 4243 1236 Andrea;
3951 1152 5816 1345 Casauova: „Komm heut um Mitternacht, die Tür steht offen.“
3962 1282 4903 1435 Andrea : Lind stand auch offen?
4912 1310 5655 1479 Daran zweifl' ich kaum.
3953 1380 4292 1489 Casanova:
3862 1410 5316 1542 Doch braucht' es nicht der Tür. Sie harrte mein
3853 1512 5226 1626 Am offnen Fenster — und so nahm ich lieber,
3853 1593 5144 1723 Der lockend sich mir bot, den kürzern Weg;
3855 1681 4996 1779 Zurück den gleichen, und nur allzubald,
3862 1753 5293 1874 Sie wissen's, fand ich mich am Spieltisch wieder.
3962 1807 5495 1921 Andrea: Und in den Wohnen dieser Nächt ertönte
3860 1893 5374 2053 Zugleich die Warnung, die zur Flucht Sie zwingt?
3967 1946 5620 2120 Casanova: Es hüten sich mit fug, mein junger Freund,
3872 2062 4961 2199 Erfahrene Frau'n, der Liebe Melodie
3874 2132 5214 2274 Durch unerwünschten Mißklang jäh zu enden.
3867 2216 5214 2336 Auch war mir wohl bewußt, wie ihr, daß nur
3865 2276 5388 2443 Sehr dünne Wand den Raum, in dem wir weitten,
4689 2371 5253 2508 (mit leichter Verneigung)
3872 2443 5103 2569 Von einer keuschern Dame Zimmer schied,
3862 2557 5047 2664 Die, wie man keinen Augenblick vergaß,
3867 2620 5116 2722 In wacher Sehnsucht ihres Liebsten harrte.
3886 2680 5186 2820 So rann die Stunde süß, doch stumm dahin.
3981 2734 5730 2931 Andrea: Wie also? — Was? — Ist’s das Gewissen nur,
3860 2868 5267 2991 Ist's böse Ahnung, die zur Flucht Sie drängt?
3981 2952 4996 3084 Casanova: Nicht doch, ein Brief.
5014 2961 5381 3135 Ein Brief
3981 3049 4257 3147 Andrea:
5384 3026 5881 3200 Hier, lesen Sie.
3990 3119 4629 3231 Casanova (wie zögernd):
3981 3152 5690 3303 Andrea (ien): „Bist Du, wie ich nicht zweifle, Casanova,
3899 3275 5103 3389 Ein Edelmann, so wirst Du einer Frau,
3890 3356 5339 3470 Die Du errätst, den einz'gen Dank nicht weigern,
3902 3423 5116 3533 An dem ihr Leben und das Deine hängt.
3890 3472 5509 3635 Ich darf Dich nicht mehr sehn. Flieh aus der Stadt.“
4726 3581 5274 3704 (Läßt das Billett finden.)
3897 3630 4452 3774 Und weiter nichts
4557 3688 5265 3841 Ich denk, es ist genug,
4004 3732 4359 3846 Casanova:
4002 3800 5244 3955 Andrea: Die „Warnung“ find’ ich nicht.
5247 3834 5936 4009 „Flieh aus der Stadt
4011 3902 4345 4004 Easanova:
3902 3932 5474 4069 Ich darf Dich nicht mehr sehn!“ Kein andrer Anlaß
3909 4055 5267 4197 Als Angst um mich entringt ihr diesen Schrei.
5493 4039 6034 4271 Ost t. HOFBURDato
5486 4178 5911 4352 STEFRANGEIBEL
5481 4292 5936 4485 18 AUG. 1919
5562 4462 5973 4643 ENBURG &
