6216 4728
1625 433 2101 551 Arthur Schnitzler
1652 559 2052 655 Andrea — Anina.
831 631 2288 743 Andrea (ruhig, bestimmt): Du schriebst ihm. Was?
842 690 1085 791 Anina:
2199 716 2852 853 Willst du mich hören
836 770 1112 869 Andrea:
2758 820 2953 925 Wollt
722 831 2362 973 Ich's nicht, so fragt' ich nicht. Was schriebst du ihm?
839 925 2371 1064 Anina: Sprich mit so böser Stimme nicht, Andrea
732 1000 2090 1130 Du weißt, daß ich nicht lügen will, noch kann.
831 1109 2314 1219 Andrea: Du sandtest einen Brief an Casanova?
815 1181 2421 1302 Anina (befremdet) Du hast es — nicht gewußt, Andrea
812 1245 1109 1342 Andrea:
2566 1277 2774 1398 Doch!
706 1331 2183 1454 Ich hab's gewußt. Der Bursche, Tito heißt er,
724 1406 1879 1521 So jung er ist, von allen Lastern bleich,
716 1497 2058 1604 Ich sah, wie er ins Tor des Gasthofs schlich,
711 1582 2280 1705 Drin Casanova wohnt. Und gleich durchzuckt's mich:
730 1636 1956 1753 (Dies Herz hat keine Ahnung je getrogen
714 1716 2461 1873 Ein Brief von dir —! And auch den Vorwand kenn' ich
708 1796 2210 1919 Die Spitzen sind’s! Ob jener Freund aus Brüssel
695 1884 2250 2002 Von dem er sprach — (mit halbem Ohre hört' ich's
708 1967 1916 2060 Sie wirklich zu so billigem Preise liefre?
706 2047 2130 2159 Beim Händler hier zahlt man sie dreimal teurer
692 2114 2114 2232 Gleich merkt' ich, wie nach ihnen dich verlangte;
673 2207 1855 2301 Herr Casanova, schönen Frau'n gefällig
700 2264 2028 2408 Wie immer, trug sich dir als Mittler an —
1539 2362 2077 2461 (Hält wie fragend inne.)
788 2371 1457 2501 Anina: Das tat er.
778 2443 1066 2550 Andrea:
1411 2469 1857 2595 Ja, ich hört's.
778 2536 1360 2656 Anina (trüb lächelnd):
1868 2555 2421 2702 Mit halbem Ohr.
780 2616 2360 2753 Andrea: Nun mahnst du wegen solchen Tandes ihn,
668 2681 1932 2817 Als eilt's dir gar so sehr, in einem Brief,
673 2766 1940 2897 Der dem Verwöhnten nur als Zeichen gilt,
673 2870 2004 2977 Daß es dich lockt, ihm schriftlich nah zu sein,
663 2924 1831 3055 Eh' du persönlich wieder ihm begegnest.
668 2993 1887 3127 Ein Brief an Casanova! Töricht Kind!
660 3095 1865 3218 Und gar durch Tito! Zum Gesindespott
663 3180 1860 3285 Erniedrigst du dich so — und mich dazu
754 3244 1892 3375 Anina (wie oben): Was schlimmer noch
754 3311 1240 3437 Andrea (lauernd)
1922 3346 2854 3501 Was gab er dir zur Antwort?
762 3413 2314 3538 Anina: Du weißt wohl, daß mir Tito keine brachte.
1328 3498 2199 3592 (Auf eine ungeduldige Gebärde Andreas)
639 3530 2071 3669 Und wird auch nicht. Denn deine Ahnung trog
644 3603 2133 3760 Der Brüss'ler Spitzen dacht' ich längst nicht mehr,
641 3691 1836 3814 Und keine Frage stand in meinem Brief
746 3771 1831 3891 Andrea (langsam): Was denn, Anina
732 3846 989 3971 Anina:
1868 3886 2354 4027 Eine Bitte nur.
4337 452 4776 583 Die Schwestern
3514 580 4207 703 Andrea: Und welche?
4217 631 5145 780 Daß er noch in dieser Stunde
3522 660 3784 767 Anina:
3423 748 4003 853 Die Stadt verlasse.
4014 826 4482 957 Casanova —?!
3530 820 3822 925 Andrea:
4490 893 4853 1002 Er. (Pause.)
3528 911 3776 1008 Anina:
3525 981 5289 1096 Andrea: So groß war die Gefahr? — So unabwendbar?
3418 1058 4773 1165 Daß du, wenn du ihm einmal noch begegnet
4447 1147 4666 1243 (stockend)
3434 1192 4821 1318 Sein Anblick — ein gleichgültiges Gespräch —
3434 1291 4976 1376 Denn mir entging kein Wort — und ihm verfallen
3418 1376 4231 1491 Und ich bin nichts, Anina
3533 1454 3795 1558 Anina:
4255 1424 4589 1566 Hör mich!
3528 1534 3814 1636 Andrea:
4722 1521 4963 1636 Nichts!
3429 1574 4637 1713 Warum dann einen Boten ihm gesandt
3429 1692 4896 1791 Warum nicht selbst — und flogst in seine Arme?
3434 1772 4848 1865 Warum noch hier, wie meines Danks gewärtig,
3423 1844 4589 1946 Als wärst du nicht unrettbar, ewig mir
3429 1924 4642 2020 Verloren schon, selbst wenn du Casanova
3423 2004 4770 2085 Nie wiedersähst! Als wäre Sehnsucht nicht
3429 2082 4722 2183 Um Tausendfaches schlimmer als Erfüllung,
3434 2173 4728 2245 Weil sie fortwühlend in der Seele Gründen
3434 2237 4680 2330 Den reinen Lauf ihr bis zur Quelle trübt
3423 2325 4749 2424 Doch reist er ja nicht ab, denn deinen Brief
3418 2392 4626 2480 Hat er als Geck nach seiner Art gelesen
3418 2467 4872 2576 Und bleibt in Spa. And er hat recht. Du hast
3434 2544 4530 2646 Die Wahl. Andrea oder Casanova.
3442 2627 4877 2747 Nein, keine Wahl. Denn der, der geht, bin ich
4305 2718 4800 2819 (Wendet sich zu gehen.)
3530 2761 4268 2892 Anina: Er ging vor di
3522 2857 3824 2956 Andrea:
4305 2809 5014 2969 Und ließ dich's wissen?
3525 2942 3776 3041 Anina:
5096 2926 5300 3044 Nein.
3530 2991 4966 3121 Andrea: Flaminia hat die Kunde dir gebracht?
3530 3100 5051 3199 Anina: Daß er sofort sich aus der Stadt entferne
3418 3180 4786 3285 Ich hab' es mir als Dank von ihm gefordert,
3431 3255 4239 3359 Den er nicht weigern kann.
3514 3333 3816 3426 Andrea:
4247 3311 4960 3426 Als Dank —? Wofür
3530 3397 4944 3522 Anina: Daß ich ihm angehört in dieser Nacht.
3530 3493 5679 3597 Andrea (starr, dann auf sie zu, bleibt vor ihr stehen, sie unbeweglich. Pause. Er lacht auf):
3418 3565 4618 3664 Ein übler Scherz, und steht dir übel an
3418 3645 4661 3744 Flaminia lehrt’ ihn dich. Ihr klagtest du
3520 3723 4936 3835 Ich weiß —, daß ich mit Eifersucht dich plage,
3418 3800 4613 3921 So riet sie dir ein Spiel der Rache an,
3418 3894 4476 4017 Darin nach läppischer Komödienart
