5288 4008
3017 361 4236 537 Nur in Spelunken übt man andre Sitten.
3040 479 4283 636 Hinaus mit dir! Bestell’ es deinem Herrn.
1037 479 1547 640 GÄSTE (im Park):
3100 564 4552 696 TITO (bleibt steben): Und meine Bestellung lautet:
967 545 2454 702 Wo bleibt das Essen? — Wein her! — Kellner, he! —
3030 661 4560 783 Kein Bissen auf die Teller, kein Tropfen in die Becher,
956 673 2513 785 Zieht nicht ein Wetter auf? — Es wird nichts werden!
3042 746 4560 861 ehe die Rechnung beglichen ist. (Er wendet sich zum Geben.)
973 748 2513 900 Baron! Wo bleiben Sie? — He! Wein! — Sind wir
3088 820 4391 954 SANTIS: He, warte. (Siebt die Rechnung durch.)
965 826 2404 958 Zum Spaß geladen? — Rufen wir den Wirt! —
3556 876 4554 1018 Neunundfünfzig. Um die Hälfte
971 903 2346 1053 Der Wirt ist der Baron! — Dort ist er ja! —
3030 987 4186 1109 Zuviel. Betrug, Erpressung, Gaunerei!
1029 1016 1762 1142 SANTIS (zum Fenster bin):
3030 1062 4428 1181 Hier hast du neun. Der Rest für heute abend.
977 1031 2425 1190 Was gibt's? Ist man noch immer nicht bedient?
3108 1111 4564 1278 TITO: Neunundfünfzig, Herr Baron! Ich darf nicht
983 1155 2315 1287 Verzeihung, edle Damen, werte Herrn
979 1231 2445 1365 Heda, die Schüsseln auf den Tisch, die Flaschen!
3054 1233 3920 1355 weniger in Empfang nehmen.
3102 1272 4574 1417 SANTIS: O Frechheit unerhört! Als wär' ich nicht
995 1316 2412 1448 Wo bleibt der Kellner Troß? Noch keiner da?
3048 1398 4290 1504 Für fünfzig, hundert und für tausend gut.
991 1404 2538 1557 Verdammte Wirtschaft! He! Schlaft Ihr? Herbei
3061 1460 4362 1615 Willst du ein Pfand, so nimm die Dose hier,
991 1516 1322 1623 Ihr Kerle!
3040 1549 4093 1675 Besetzt mit Edelsteinen ohne Fehl.
1444 1539 2069 1698 (Von rechts tritt Tito ein.)
3127 1629 4577 1735 T17O: Mein Herr hat mich ausdrücklich beauftragt,
1060 1650 1722 1784 TITO: Herr Baron —
3054 1708 4546 1836 nur Bargeld entgegenzunehmen, da er mit Schmuck
1062 1683 2264 1846 SANTIS (beim Fenster sich nach ihm umwendend):
3048 1778 4554 1935 gegenständen leider öfters schlechte Erfahrungen ge
1014 1809 2307 1939 Da wär' ja einer. Troll' dich in die Küche.
1020 1898 2371 2045 Man trage auf. Die Flaschen aus dem Keller!
3042 1900 3403 2010 macht hat.
3118 1937 4494 2086 SANTIS: Die Perlenschnur, Flaminia, löse sie!
1020 1943 2532 2107 Geschwind, was stehst du wie ein Stock und slotzt?
3065 2024 4484 2181 Für Stunden nur. Ist auch der Wirt ein Schuft,
1074 2043 2544 2183 T17O: Ich habe von meinem Herrn zu bestellen,
3073 2105 4321 2259 Nicht länger warten lass' ich meine Gäste.
1018 2150 2538 2268 daß keine Schüssel aufgetragen und keine Flasche ent¬
3065 2214 3848 2330 Gib her. Was zögerst du?
1020 2228 2228 2358 korkt wird, ehe die Rechnung bezahlt ist.
3067 2255 4583 2400 (Er versucht selbst die Schließe von Flaminias Perlenschnur zu öffnen.)
1080 2259 2546 2418 SANTIS: Was wagst du, Bursche? Ist dein Herr
3870 2346 4374 2453 Vergeblich ist's.
2259 2369 2540 2474 verrückt?
3127 2371 3554 2487 FLAMINIA:
3077 2431 4285 2553 Verlöten ließ ich sie. Das einz'ge Mittel,
1078 2445 2555 2617 TITO: Entschuldigen der Herr Baron, der Her
3083 2518 4118 2662 Sie zu behalten als mein Eigentum.
1026 2534 2555 2691 sagt, es sei ausdrücklich so ausgemacht worden. Hier,
3085 2569 4601 2726 (In Casanovas Mienen kündigt sich das beginnende Verständnis
1024 2633 2555 2767 Herr Baron. (Er weist die Rechnung vor) Es beläuft sich alles
3073 2670 4595 2796 an. Unwillkürlich faßt er nach seinem eigenen Hals. Er blickt Anina
1024 2710 2555 2846 in allem auf neunundfünfzig Dukaten. Da ist natür¬
3073 2722 4595 2842 an, die seinen Blick obne Lächeln erwidert, dann schaut er zum Fenster,
3071 2807 4610 2970 dann zu Flaminia, nickt vor sich bin und lächelt, ungefähr als wollte
1026 2827 1919 2937 lich alles Frühere auch dabei.
1086 2858 2567 2990 SANTIS: Ein Arzt herbei, der Wirt ist krank! Ich
3470 2879 4273 3015 er sagen: Nun ist mir alles klar.)
1060 2955 2573 3137 Wenn ich vom Mahle aufsteh', nicht vorher. [zahle,
