<?xml version="1.0" encoding="UTF-8" standalone="yes"?>
<PcGts xmlns="http://schema.primaresearch.org/PAGE/gts/pagecontent/2013-07-15" xmlns:xsi="http://www.w3.org/2001/XMLSchema-instance" xsi:schemaLocation="http://schema.primaresearch.org/PAGE/gts/pagecontent/2013-07-15 http://schema.primaresearch.org/PAGE/gts/pagecontent/2013-07-15/pagecontent.xsd">
    <Metadata>
        <Creator>prov=READ-COOP:name=TrHtr:version=2.1.0:model_id=51170:date=29_07_2023_23:52</Creator>
        <Created>2023-05-10T13:13:46.398+02:00</Created>
        <LastChange>2023-07-29T23:52:29.742+02:00</LastChange>
        <TranskribusMetadata docId="1428569" pageId="55409910" pageNr="74" tsid="131470379" status="IN_PROGRESS" userId="64420" imgUrl="https://files.transkribus.eu/Get?id=VWHJMMAQYBINCRIAHJJCLFFQ&amp;fileType=view" xmlUrl="https://files.transkribus.eu/Get?id=GBMHVSDRZRTIRGDRVVFXTVHJ" imageId="44684053"/>
    </Metadata>
    <Page imageFilename="1428569_0074.jpg" imageWidth="6712" imageHeight="4952">
        <ReadingOrder>
            <OrderedGroup id="ro_1711793607456" caption="Regions reading order">
                <RegionRefIndexed index="0" regionRef="tr_4"/>
                <RegionRefIndexed index="1" regionRef="tr_2"/>
                <RegionRefIndexed index="2" regionRef="tr_3"/>
                <RegionRefIndexed index="3" regionRef="tr_1"/>
            </OrderedGroup>
        </ReadingOrder>
        <TextRegion id="tr_4" custom="readingOrder {index:0;}">
            <Coords points="829,552 2720,552 2720,2235 829,2235"/>
            <TextLine id="tr_4_tl_1" custom="readingOrder {index:0;}">
                <Coords points="1703,620 1767,646 1844,626 1902,652 1927,632 1942,643 1991,626 2019,652 2054,635 2094,658 2152,655 2154,537 2120,520 2088,537 2034,511 1996,546 1939,534 1919,554 1893,537 1844,546 1798,508 1706,529"/>
                <Baseline points="1718,620 1801,608 1891,608 1980,608 2070,602 2159,602"/>
                <TextEquiv>
                    <Unicode>Arthur Schnitzler</Unicode>
                </TextEquiv>
            </TextLine>
            <TextLine id="tr_4_tl_2" custom="readingOrder {index:1;}">
                <Coords points="919,793 2456,758 2490,655 2269,615 2094,661 1815,626 1732,681 1295,664 1209,603 922,643"/>
                <Baseline points="936,763 978,763 1067,757 1157,757 1246,751 1336,745 1425,745 1515,739 1604,739 1694,733 1783,733 1873,733 1962,733 2052,727 2141,727 2231,727 2320,727 2410,721 2499,715"/>
                <TextEquiv>
                    <Unicode>Santis: Mit Anbekannten zwar zu Tisch uns setzen,</Unicode>
                </TextEquiv>
            </TextLine>
            <TextLine id="tr_4_tl_3" custom="readingOrder {index:2;}">
                <Coords points="824,870 2401,847 2519,827 2522,753 827,776"/>
                <Baseline points="841,835 912,847 1002,847 1091,841 1181,835 1270,829 1360,829 1449,823 1539,817 1628,817 1718,811 1807,811 1897,811 1986,811 2076,805 2165,805 2255,805 2344,805 2434,799 2523,793"/>
                <TextEquiv>
                    <Unicode>Jedoch, nach wohlbegoßnem Schmaus mit Freunden —</Unicode>
                </TextEquiv>
            </TextLine>
            <TextLine id="tr_4_tl_4" custom="readingOrder {index:3;}">
                <Coords points="813,939 1514,911 1833,942 1973,893 1976,819 813,876"/>
                <Baseline points="829,912 906,924 996,918 1085,918 1175,912 1264,906 1354,900 1443,900 1533,894 1622,894 1712,894 1801,894 1891,888 1980,888"/>
                <TextEquiv>
                    <Unicode>Mit neugewonnenen ins Grüne fahren,</Unicode>
                </TextEquiv>
            </TextLine>
            <TextLine id="tr_4_tl_5" custom="readingOrder {index:4;}">
                <Coords points="830,1003 2106,1005 2108,899 1890,899 1833,942 833,934"/>
                <Baseline points="847,996 859,990 948,996 1038,996 1127,990 1217,990 1306,978 1396,984 1485,978 1575,978 1664,972 1754,972 1843,972 1933,966 2022,966 2112,972"/>
                <TextEquiv>
                    <Unicode>Wo sich das Weitere finden mag. Gudar</Unicode>
                </TextEquiv>
            </TextLine>
            <TextLine id="tr_4_tl_6" custom="readingOrder {index:5;}">
                <Coords points="822,1103 1034,1117 1206,1066 1996,1083 2016,980 1353,997 1307,1031 1241,994 962,1040 824,1005"/>
                <Baseline points="841,1073 859,1073 948,1073 1038,1073 1127,1067 1217,1067 1306,1056 1396,1061 1485,1061 1575,1056 1664,1050 1754,1056 1843,1050 1933,1050 2022,1056"/>
                <TextEquiv>
                    <Unicode>Ist mit von der Partie, auch Casanova,</Unicode>
                </TextEquiv>
            </TextLine>
            <TextLine id="tr_4_tl_7" custom="readingOrder {index:6;}">
                <Coords points="824,1178 1017,1206 1189,1155 1853,1160 1927,1146 1930,1069 824,1103"/>
                <Baseline points="841,1145 859,1145 948,1151 1038,1151 1127,1145 1217,1145 1306,1145 1396,1139 1485,1139 1575,1139 1664,1139 1754,1133 1843,1127 1933,1133"/>
                <TextEquiv>
                    <Unicode>Wenn er bis dahin etwa aufgewacht,</Unicode>
                </TextEquiv>
            </TextLine>
            <TextLine id="tr_4_tl_8" custom="readingOrder {index:7;}">
                <Coords points="836,1250 1861,1215 1913,1255 2200,1224 2203,1158 1939,1120 1698,1186 1577,1143 1014,1209 836,1181"/>
                <Baseline points="853,1229 865,1223 954,1229 1044,1229 1133,1229 1223,1223 1312,1223 1402,1217 1491,1217 1581,1217 1670,1211 1760,1211 1849,1211 1939,1211 2028,1211 2118,1205 2207,1205"/>
                <TextEquiv>
                    <Unicode>Denn als ich früh im Löwen nach ihm fragte,</Unicode>
                </TextEquiv>
            </TextLine>
            <TextLine id="tr_4_tl_9" custom="readingOrder {index:8;}">
                <Coords points="830,1336 1419,1344 1502,1301 1787,1341 1873,1293 2189,1387 2226,1221 830,1258"/>
                <Baseline points="847,1306 888,1306 978,1306 1067,1306 1157,1306 1246,1306 1336,1300 1425,1294 1515,1294 1604,1294 1694,1294 1783,1288 1873,1288 1962,1288 2052,1288 2141,1288 2231,1288"/>
                <TextEquiv>
                    <Unicode>Verschlief er noch sein Mißgeschick von gestern.</Unicode>
                </TextEquiv>
            </TextLine>
            <TextLine id="tr_4_tl_10" custom="readingOrder {index:9;}">
                <Coords points="945,1422 1201,1425 1298,1387 1359,1425 1554,1385 1643,1413 1781,1376 1950,1419 1973,1298 1784,1341 1511,1301 1419,1341 948,1324"/>
                <Baseline points="960,1396 996,1390 1085,1390 1175,1384 1264,1384 1354,1384 1443,1378 1533,1372 1622,1372 1712,1372 1801,1372 1891,1372 1980,1366"/>
                <TextEquiv>
                    <Unicode>Flaminia: Du sprachst ihn nicht?</Unicode>
                </TextEquiv>
            </TextLine>
            <TextLine id="tr_4_tl_11" custom="readingOrder {index:10;}">
                <Coords points="1988,1476 2223,1462 2341,1494 2450,1453 2545,1482 2620,1456 2712,1465 2712,1370 2531,1393 2424,1362 2393,1390 2309,1393 2129,1359 2071,1393 1988,1382"/>
                <Baseline points="2004,1443 2094,1443 2183,1443 2273,1443 2362,1437 2452,1437 2541,1437 2631,1437 2720,1437"/>
                <TextEquiv>
                    <Unicode>Versperrt war seine Tür,</Unicode>
                </TextEquiv>
            </TextLine>
            <TextLine id="tr_4_tl_12" custom="readingOrder {index:11;}">
                <Coords points="939,1476 959,1474 994,1497 1023,1482 1037,1494 1086,1476 1109,1491 1140,1476 1186,1499 1201,1485 1224,1494 1224,1436 1155,1410 1086,1399 1046,1422 1011,1405 942,1422"/>
                <Baseline points="954,1467 960,1467 1050,1467 1139,1461 1229,1461"/>
                <TextEquiv>
                    <Unicode>Santis:</Unicode>
                </TextEquiv>
            </TextLine>
            <TextLine id="tr_4_tl_13" custom="readingOrder {index:12;}">
                <Coords points="850,1588 2249,1548 2249,1468 2031,1479 1856,1393 1588,1479 1290,1497 994,1497 853,1442"/>
                <Baseline points="865,1551 912,1551 1002,1545 1091,1545 1181,1539 1270,1545 1360,1533 1449,1533 1539,1533 1628,1533 1718,1527 1807,1527 1897,1527 1986,1521 2076,1521 2165,1521 2255,1515"/>
                <TextEquiv>
                    <Unicode>Ich hol' ihn später selbst. Er darf nicht fehlen.</Unicode>
                </TextEquiv>
            </TextLine>
            <TextLine id="tr_4_tl_14" custom="readingOrder {index:13;}">
                <Coords points="945,1657 1968,1609 2646,1649 2671,1517 948,1574"/>
                <Baseline points="960,1634 978,1628 1067,1622 1157,1622 1246,1616 1336,1616 1425,1610 1515,1610 1604,1610 1694,1604 1783,1604 1873,1604 1962,1604 2052,1598 2141,1604 2231,1598 2320,1598 2410,1598 2499,1598 2589,1598 2678,1592"/>
                <TextEquiv>
                    <Unicode>Flaminia: Natürlich nicht. Das wär' mir auch ein Fest,</Unicode>
                </TextEquiv>
            </TextLine>
            <TextLine id="tr_4_tl_15" custom="readingOrder {index:14;}">
                <Coords points="830,1732 2068,1715 2111,1695 2114,1603 830,1657"/>
                <Baseline points="847,1700 865,1700 954,1700 1044,1700 1133,1700 1223,1694 1312,1694 1402,1694 1491,1688 1581,1688 1670,1688 1760,1688 1849,1682 1939,1682 2028,1676 2118,1676"/>
                <TextEquiv>
                    <Unicode>Wo er sein Bleidachmärchen nicht erzählte.</Unicode>
                </TextEquiv>
            </TextLine>
            <TextLine id="tr_4_tl_16" custom="readingOrder {index:15;}">
                <Coords points="948,1815 2447,1787 2519,1778 2522,1689 951,1732"/>
                <Baseline points="966,1766 1008,1777 1097,1777 1187,1771 1276,1771 1366,1771 1455,1771 1545,1766 1634,1766 1724,1766 1813,1766 1903,1760 1992,1760 2082,1760 2171,1760 2261,1760 2350,1754 2440,1754 2529,1760"/>
                <TextEquiv>
                    <Unicode>Santis: Das böse Mäulchen! Nun, das erste nicht,</Unicode>
                </TextEquiv>
            </TextLine>
            <TextLine id="tr_4_tl_17" custom="readingOrder {index:16;}">
                <Coords points="850,1884 2169,1879 2399,1853 2401,1790 850,1795"/>
                <Baseline points="865,1855 883,1855 972,1861 1061,1855 1151,1855 1240,1855 1330,1855 1419,1849 1509,1849 1598,1843 1688,1843 1777,1843 1867,1837 1956,1843 2046,1837 2135,1837 2225,1837 2314,1837 2404,1837"/>
                <TextEquiv>
                    <Unicode>Das er mit Küssen rasch versöhnen könnte. (Gutmütig)</Unicode>
                </TextEquiv>
            </TextLine>
            <TextLine id="tr_4_tl_18" custom="readingOrder {index:17;}">
                <Coords points="845,1973 1201,2002 2039,1925 2229,1988 2324,1950 2327,1850 845,1887"/>
                <Baseline points="859,1939 900,1939 990,1939 1079,1939 1169,1939 1258,1933 1348,1933 1437,1927 1527,1927 1616,1927 1706,1927 1795,1927 1885,1921 1974,1921 2064,1921 2153,1921 2243,1921 2332,1915"/>
                <TextEquiv>
                    <Unicode>Doch scheint's, nach deinem just verlangt ihn nicht.</Unicode>
                </TextEquiv>
            </TextLine>
            <TextLine id="tr_4_tl_19" custom="readingOrder {index:18;}">
                <Coords points="1821,1996 1841,1991 1864,2005 1927,1985 1965,2002 1979,1991 1999,1999 2048,1991 2088,2019 2106,2019 2106,1950 2060,1942 2039,1925 2002,1945 1950,1939 1930,1956 1899,1936 1821,1945"/>
                <Baseline points="1837,1980 1927,1980 2016,1980 2106,1980 2112,1980"/>
                <TextEquiv>
                    <Unicode>(Zu Anina)</Unicode>
                </TextEquiv>
            </TextLine>
            <TextLine id="tr_4_tl_20" custom="readingOrder {index:19;}">
                <Coords points="862,2100 1347,2108 1591,2062 2057,2091 2166,2060 2166,1996 862,2011"/>
                <Baseline points="877,2070 918,2070 1008,2070 1097,2070 1187,2064 1276,2064 1366,2064 1455,2064 1545,2058 1634,2058 1724,2058 1813,2052 1903,2052 1992,2052 2082,2052 2171,2046"/>
                <TextEquiv>
                    <Unicode>Zum drittenmal im Lauf der Jahre streift er</Unicode>
                </TextEquiv>
            </TextLine>
            <TextLine id="tr_4_tl_21" custom="readingOrder {index:20;}">
                <Coords points="853,2166 2160,2160 2160,2085 2022,2065 856,2097"/>
                <Baseline points="871,2141 912,2147 1002,2147 1091,2141 1181,2141 1270,2141 1360,2135 1449,2135 1539,2135 1628,2135 1718,2135 1807,2135 1897,2129 1986,2129 2076,2129 2165,2129"/>
                <TextEquiv>
                    <Unicode>An ihr vorbei — und diesmal, so wie sonst,</Unicode>
                </TextEquiv>
            </TextLine>
            <TextLine id="tr_4_tl_22" custom="readingOrder {index:21;}">
                <Coords points="856,2275 1278,2226 2002,2255 2060,2223 2060,2149 856,2169"/>
                <Baseline points="871,2219 900,2219 990,2219 1079,2225 1169,2219 1258,2219 1348,2219 1437,2219 1527,2219 1616,2213 1706,2213 1795,2213 1885,2213 1974,2207 2064,2207"/>
                <TextEquiv>
                    <Unicode>Bleibt der so Leichtentflammte ungerührt.</Unicode>
                </TextEquiv>
            </TextLine>
        </TextRegion>
        <TextRegion id="tr_2" custom="readingOrder {index:1;}">
            <Coords points="871,2235 3084,2235 3084,4078 871,4078"/>
            <TextLine id="tr_2_tl_1" custom="readingOrder {index:0;}">
                <Coords points="968,2318 2289,2295 2493,2353 2637,2298 2637,2189 2266,2166 2002,2255 968,2243"/>
                <Baseline points="984,2308 1032,2302 1121,2302 1211,2297 1300,2297 1390,2291 1479,2291 1569,2291 1658,2291 1748,2291 1837,2291 1927,2291 2016,2291 2106,2291 2195,2285 2285,2285 2374,2285 2464,2285 2553,2285 2643,2285"/>
                <TextEquiv>
                    <Unicode>Flaminia: Gib acht, wenn ich ihn einmal rühren wollte.</Unicode>
                </TextEquiv>
            </TextLine>
            <TextLine id="tr_2_tl_2" custom="readingOrder {index:1;}">
                <Coords points="856,2433 2266,2390 2312,2381 2312,2295 2022,2335 1899,2295 1833,2341 856,2321"/>
                <Baseline points="871,2380 888,2380 978,2380 1067,2380 1157,2374 1246,2380 1336,2374 1425,2374 1515,2374 1604,2368 1694,2368 1783,2368 1873,2368 1962,2368 2052,2368 2141,2368 2231,2362 2320,2362"/>
                <TextEquiv>
                    <Unicode>Doch denk' ich nicht daran. Der Narr, der Geck!</Unicode>
                </TextEquiv>
            </TextLine>
            <TextLine id="tr_2_tl_3" custom="readingOrder {index:2;}">
                <Coords points="968,2476 1701,2525 2373,2456 2430,2493 2534,2453 2536,2370 968,2399"/>
                <Baseline points="984,2452 1020,2458 1109,2458 1199,2458 1288,2452 1378,2458 1467,2458 1557,2452 1646,2458 1736,2452 1825,2452 1915,2452 2004,2452 2094,2452 2183,2446 2273,2446 2362,2440 2452,2440 2541,2440"/>
                <TextEquiv>
                    <Unicode>Santis (zum Fenster hinausdeutend); Hier kommt Herr Bassi</Unicode>
                </TextEquiv>
            </TextLine>
            <TextLine id="tr_2_tl_4" custom="readingOrder {index:3;}">
                <Coords points="2439,2582 2473,2582 2485,2571 2502,2582 2536,2582 2588,2542 2600,2551 2614,2539 2683,2536 2680,2459 2643,2462 2620,2453 2608,2465 2577,2447 2559,2465 2548,2456 2534,2465 2513,2456 2470,2462 2436,2450"/>
                <Baseline points="2452,2511 2541,2517 2631,2511 2690,2523"/>
                <TextEquiv>
                    <Unicode>Endlich</Unicode>
                </TextEquiv>
            </TextLine>
            <TextLine id="tr_2_tl_5" custom="readingOrder {index:4;}">
                <Coords points="968,2574 1023,2551 1046,2565 1143,2548 1224,2568 1267,2602 1301,2577 1321,2597 1344,2582 1410,2588 1410,2485 1284,2511 1252,2490 1209,2499 1178,2473 1117,2490 968,2470"/>
                <Baseline points="984,2535 1073,2535 1163,2535 1252,2535 1342,2535 1414,2541"/>
                <TextEquiv>
                    <Unicode>Anina (für sich):</Unicode>
                </TextEquiv>
            </TextLine>
            <TextLine id="tr_2_tl_6" custom="readingOrder {index:5;}">
                <Coords points="2591,2634 2620,2643 2657,2620 2726,2646 2852,2605 2924,2611 2987,2651 3076,2628 3074,2516 3013,2542 2962,2519 2901,2545 2824,2511 2775,2554 2706,2528 2591,2534"/>
                <Baseline points="2607,2589 2696,2595 2786,2595 2875,2589 2965,2595 3054,2595 3084,2595"/>
                <TextEquiv>
                    <Unicode>Guten Morgen!</Unicode>
                </TextEquiv>
            </TextLine>
            <TextLine id="tr_2_tl_7" custom="readingOrder {index:6;}">
                <Coords points="985,2637 1028,2634 1043,2643 1080,2631 1094,2643 1115,2631 1149,2637 1163,2628 1192,2651 1232,2651 1229,2562 1201,2568 1181,2554 1163,2565 1143,2548 1120,2571 1080,2577 1025,2551 982,2559"/>
                <Baseline points="1002,2607 1091,2613 1181,2613 1240,2607"/>
                <TextEquiv>
                    <Unicode>Santis:</Unicode>
                </TextEquiv>
            </TextLine>
            <TextLine id="tr_2_tl_8" custom="readingOrder {index:7;}">
                <Coords points="985,2723 1169,2709 1258,2746 1330,2694 1479,2763 1632,2769 1732,2709 1801,2723 1801,2617 1698,2628 1623,2565 1431,2637 985,2637"/>
                <Baseline points="1002,2702 1091,2696 1181,2696 1270,2696 1360,2690 1449,2690 1539,2690 1628,2690 1718,2690 1807,2684"/>
                <TextEquiv>
                    <Unicode>Flaminia: Er grüßt kaum.</Unicode>
                </TextEquiv>
            </TextLine>
            <TextLine id="tr_2_tl_9" custom="readingOrder {index:8;}">
                <Coords points="1792,2786 2235,2809 2295,2775 2594,2815 2597,2669 2338,2660 2146,2740 2016,2648 1913,2674 1795,2654"/>
                <Baseline points="1807,2762 1897,2762 1986,2768 2076,2768 2165,2768 2255,2762 2344,2762 2434,2756 2523,2762 2601,2762"/>
                <TextEquiv>
                    <Unicode>Wahrhaftig, er blickt drein,</Unicode>
                </TextEquiv>
            </TextLine>
            <TextLine id="tr_2_tl_10" custom="readingOrder {index:9;}">
                <Coords points="974,2804 1020,2804 1034,2792 1054,2798 1080,2786 1109,2801 1123,2786 1143,2795 1172,2783 1244,2804 1244,2726 1224,2732 1192,2715 1175,2726 1163,2715 1117,2709 1089,2723 1046,2715 974,2726"/>
                <Baseline points="990,2768 1079,2768 1169,2768 1252,2774"/>
                <TextEquiv>
                    <Unicode>Santis:</Unicode>
                </TextEquiv>
            </TextLine>
            <TextLine id="tr_2_tl_11" custom="readingOrder {index:10;}">
                <Coords points="873,2867 1996,2881 1996,2786 1726,2758 1505,2809 873,2789"/>
                <Baseline points="888,2845 930,2851 1020,2851 1109,2851 1199,2851 1288,2851 1378,2851 1467,2851 1557,2851 1646,2845 1736,2845 1825,2845 1915,2839 2004,2839"/>
                <TextEquiv>
                    <Unicode>Als hätt' er um den gestrigen Gewinn</Unicode>
                </TextEquiv>
            </TextLine>
            <TextLine id="tr_2_tl_12" custom="readingOrder {index:11;}">
                <Coords points="885,2950 1031,2987 2212,2953 2350,2933 2353,2838 1497,2895 1379,2852 885,2870"/>
                <Baseline points="900,2935 924,2929 1014,2935 1103,2935 1193,2929 1282,2929 1372,2929 1461,2923 1551,2923 1640,2923 1730,2923 1819,2923 1909,2923 1998,2923 2088,2917 2177,2911 2267,2917 2356,2917"/>
                <TextEquiv>
                    <Unicode>Sich schwer gemüht — und wär' um ihn betrogen.</Unicode>
                </TextEquiv>
            </TextLine>
            <TextLine id="tr_2_tl_13" custom="readingOrder {index:12;}">
                <Coords points="1428,3028 1749,3008 2080,3062 2180,3016 2444,3062 2534,3025 2534,2953 2419,2933 2195,2970 2097,2930 1962,2964 1428,2944"/>
                <Baseline points="1443,2995 1467,2995 1557,3001 1646,2995 1736,3001 1825,3001 1915,2995 2004,2995 2094,2995 2183,2995 2273,2995 2362,2995 2452,2995 2541,2989"/>
                <TextEquiv>
                    <Unicode>Andrea Basß tritt ein. — Flaminia, Anina, Santis.</Unicode>
                </TextEquiv>
            </TextLine>
            <TextLine id="tr_2_tl_14" custom="readingOrder {index:13;}">
                <Coords points="974,3097 1235,3082 1316,3120 1382,3088 1551,3085 1626,3131 1836,3097 1836,3025 1772,3008 1471,3036 1264,2990 1166,3022 974,2990"/>
                <Baseline points="990,3072 1038,3072 1127,3072 1217,3072 1306,3078 1396,3078 1485,3078 1575,3078 1664,3072 1754,3072 1843,3054"/>
                <TextEquiv>
                    <Unicode>Andrea: O, du empfängst —</Unicode>
                </TextEquiv>
            </TextLine>
            <TextLine id="tr_2_tl_15" custom="readingOrder {index:14;}">
                <Coords points="1870,3168 2154,3197 2246,3165 2338,3203 2413,3174 2490,3188 2490,3051 2330,3051 2295,3079 2186,3094 2039,3030 1919,3019 1870,3045"/>
                <Baseline points="1885,3144 1962,3144 2052,3144 2141,3144 2231,3144 2320,3144 2410,3144 2499,3138"/>
                <TextEquiv>
                    <Unicode>Sie sahen uns nicht?</Unicode>
                </TextEquiv>
            </TextLine>
            <TextLine id="tr_2_tl_16" custom="readingOrder {index:15;}">
                <Coords points="974,3165 1071,3183 1086,3168 1117,3183 1135,3171 1178,3183 1252,3168 1287,3197 1316,3197 1316,3111 1281,3117 1238,3088 1183,3102 1166,3088 1138,3111 1123,3099 1109,3111 1083,3091 974,3097"/>
                <Baseline points="990,3156 1079,3156 1169,3156 1258,3156 1324,3156"/>
                <TextEquiv>
                    <Unicode>Flaminia;</Unicode>
                </TextEquiv>
            </TextLine>
            <TextLine id="tr_2_tl_17" custom="readingOrder {index:16;}">
                <Coords points="2502,3229 2605,3272 2648,3243 2660,3252 2680,3237 2689,3243 2732,3226 2729,3137 2651,3137 2614,3125 2602,3134 2585,3128 2574,3140 2499,3134"/>
                <Baseline points="2517,3209 2607,3215 2696,3215 2738,3215"/>
                <TextEquiv>
                    <Unicode>Gewiß.</Unicode>
                </TextEquiv>
            </TextLine>
            <TextLine id="tr_2_tl_18" custom="readingOrder {index:17;}">
                <Coords points="974,3252 1046,3257 1057,3246 1089,3246 1120,3266 1152,3249 1178,3260 1244,3246 1278,3252 1281,3180 1218,3168 1181,3183 1138,3171 1120,3186 1103,3168 1071,3180 977,3168"/>
                <Baseline points="990,3233 1020,3233 1109,3233 1199,3233 1288,3227"/>
                <TextEquiv>
                    <Unicode>Andrea:</Unicode>
                </TextEquiv>
            </TextLine>
            <TextLine id="tr_2_tl_19" custom="readingOrder {index:18;}">
                <Coords points="890,3323 2364,3352 2482,3318 2482,3246 2019,3260 1758,3191 1606,3255 1456,3197 890,3263"/>
                <Baseline points="906,3311 966,3311 1056,3311 1145,3311 1235,3311 1324,3311 1414,3311 1503,3311 1592,3305 1682,3305 1771,3305 1861,3305 1950,3305 2040,3305 2129,3305 2219,3305 2308,3305 2398,3305 2487,3305"/>
                <TextEquiv>
                    <Unicode>Nur hielt ich dies für des Barons Gemach (zu Flaminia)</Unicode>
                </TextEquiv>
            </TextLine>
            <TextLine id="tr_2_tl_20" custom="readingOrder {index:19;}">
                <Coords points="879,3418 2071,3378 2220,3421 2298,3407 2298,3321 1551,3312 1367,3361 879,3326"/>
                <Baseline points="894,3388 960,3388 1050,3388 1139,3388 1229,3388 1318,3388 1408,3388 1497,3388 1587,3388 1676,3388 1766,3382 1855,3388 1945,3382 2034,3376 2123,3382 2213,3388 2302,3382"/>
                <TextEquiv>
                    <Unicode>Da ich nur Sie und nicht Anina sah — (bettäuße)</Unicode>
                </TextEquiv>
            </TextLine>
            <TextLine id="tr_2_tl_21" custom="readingOrder {index:20;}">
                <Coords points="885,3507 2062,3490 2111,3473 2111,3401 885,3413"/>
                <Baseline points="900,3472 954,3472 1044,3472 1133,3472 1223,3472 1312,3472 1402,3472 1491,3472 1581,3472 1670,3460 1760,3460 1849,3460 1939,3460 2028,3460 2118,3460"/>
                <TextEquiv>
                    <Unicode>Der ich den Morgenkuß noch schuldig bin.</Unicode>
                </TextEquiv>
            </TextLine>
            <TextLine id="tr_2_tl_22" custom="readingOrder {index:21;}">
                <Coords points="1649,3553 1841,3530 2309,3553 2338,3539 2338,3430 2258,3398 2060,3493 2037,3470 2005,3496 1919,3476 1649,3490"/>
                <Baseline points="1664,3526 1718,3520 1807,3520 1897,3526 1986,3526 2076,3526 2165,3520 2255,3520 2344,3514"/>
                <TextEquiv>
                    <Unicode>(Küßt sie flüchtig auf die Stirn.)</Unicode>
                </TextEquiv>
            </TextLine>
            <TextLine id="tr_2_tl_23" custom="readingOrder {index:22;}">
                <Coords points="885,3625 2275,3608 2275,3559 2129,3530 1218,3548 1060,3487 885,3522"/>
                <Baseline points="900,3597 936,3597 1026,3603 1115,3603 1205,3603 1294,3591 1384,3597 1473,3597 1563,3597 1652,3597 1742,3591 1831,3591 1921,3597 2010,3591 2100,3591 2189,3585 2279,3585"/>
                <TextEquiv>
                    <Unicode>Den freundlichen Besuch heiß' ich willkommen.</Unicode>
                </TextEquiv>
            </TextLine>
            <TextLine id="tr_2_tl_24" custom="readingOrder {index:23;}">
                <Coords points="1250,3688 2703,3683 2732,3599 2473,3565 2284,3616 1250,3616"/>
                <Baseline points="1264,3657 1306,3657 1396,3663 1485,3663 1575,3663 1664,3657 1754,3657 1843,3657 1933,3657 2022,3651 2112,3657 2201,3657 2291,3657 2380,3651 2470,3651 2559,3651 2649,3651 2738,3651"/>
                <TextEquiv>
                    <Unicode>(Er küßt Flaminia die Hand und reicht dann seine Hand dem Baron.)</Unicode>
                </TextEquiv>
            </TextLine>
            <TextLine id="tr_2_tl_25" custom="readingOrder {index:24;}">
                <Coords points="985,3766 2304,3786 2528,3763 2528,3671 985,3683"/>
                <Baseline points="1002,3740 1091,3740 1181,3740 1270,3740 1360,3740 1449,3740 1539,3740 1628,3746 1718,3746 1807,3740 1897,3740 1986,3740 2076,3740 2165,3740 2255,3740 2344,3740 2434,3740 2523,3746 2535,3740"/>
                <TextEquiv>
                    <Unicode>Santis: Was bringen Sie von Ihrem Morgengang</Unicode>
                </TextEquiv>
            </TextLine>
            <TextLine id="tr_2_tl_26" custom="readingOrder {index:25;}">
                <Coords points="890,3838 2330,3846 2330,3789 2209,3749 1178,3789 890,3743"/>
                <Baseline points="906,3818 996,3824 1085,3824 1175,3824 1264,3824 1354,3824 1443,3824 1533,3824 1622,3824 1712,3818 1801,3818 1891,3818 1980,3818 2070,3818 2159,3818 2249,3812 2338,3806"/>
                <TextEquiv>
                    <Unicode>Ans mit, Andrea? Ein Sonett? Terzinen? —</Unicode>
                </TextEquiv>
            </TextLine>
            <TextLine id="tr_2_tl_27" custom="readingOrder {index:26;}">
                <Coords points="885,3909 2068,3924 2068,3846 1936,3823 1873,3858 885,3838"/>
                <Baseline points="900,3895 990,3901 1079,3901 1169,3901 1258,3907 1348,3907 1437,3901 1527,3901 1616,3901 1706,3901 1795,3901 1885,3901 1974,3895 2064,3895 2076,3895"/>
                <TextEquiv>
                    <Unicode>Wie, oder ein System des Weltenbaus?</Unicode>
                </TextEquiv>
            </TextLine>
            <TextLine id="tr_2_tl_28" custom="readingOrder {index:27;}">
                <Coords points="985,3999 2625,4024 2671,3901 985,3924"/>
                <Baseline points="1002,3979 1067,3979 1157,3985 1246,3985 1336,3979 1425,3979 1515,3979 1604,3979 1694,3979 1783,3985 1873,3985 1962,3979 2052,3979 2141,3979 2231,3985 2320,3979 2410,3979 2499,3979 2589,3973 2678,3967"/>
                <TextEquiv>
                    <Unicode>Andrea: Ob ich's verriete, wenn ich's auch entdeckt — 17</Unicode>
                </TextEquiv>
            </TextLine>
            <TextLine id="tr_2_tl_29" custom="readingOrder {index:28;}">
                <Coords points="876,4102 1367,4079 1433,4119 1603,4082 1646,4122 1913,4134 2071,4099 2074,3999 879,4007"/>
                <Baseline points="894,4068 918,4068 1008,4063 1097,4068 1187,4068 1276,4068 1366,4068 1455,4068 1545,4063 1634,4063 1724,4063 1813,4057 1903,4057 1992,4057 2082,4063"/>
                <TextEquiv>
                    <Unicode>Und wie bekam der Morgenritt, Baron?</Unicode>
                </TextEquiv>
            </TextLine>
        </TextRegion>
        <TextRegion id="tr_3" custom="readingOrder {index:2;}">
            <Coords points="3609,528 5482,528 5482,2539 3609,2539"/>
            <TextLine id="tr_3_tl_1" custom="readingOrder {index:0;}">
                <Coords points="4521,629 4559,623 4602,643 4628,620 4662,641 4705,626 4829,641 4900,626 4952,641 4949,462 4852,485 4803,483 4771,460 4694,460 4633,488 4582,465 4518,468"/>
                <Baseline points="4534,578 4623,578 4713,584 4802,584 4892,584 4957,578"/>
                <TextEquiv>
                    <Unicode>Die Schwestern</Unicode>
                </TextEquiv>
            </TextLine>
            <TextLine id="tr_3_tl_2" custom="readingOrder {index:1;}">
                <Coords points="3706,732 4194,761 4424,712 4533,753 4926,750 4926,658 4763,620 4642,661 4406,615 4134,652 3777,583 3706,606"/>
                <Baseline points="3722,715 3812,715 3901,715 3991,715 4080,721 4170,715 4259,715 4349,709 4438,709 4528,709 4617,709 4659,704 4749,709 4838,709 4928,715 4934,715"/>
                <TextEquiv>
                    <Unicode>Santis: Ei, sahn Sie mich?</Unicode>
                </TextEquiv>
            </TextLine>
            <TextLine id="tr_3_tl_3" custom="readingOrder {index:2;}">
                <Coords points="4613,804 4900,801 4949,845 5018,827 5107,867 5193,833 5429,847 5429,715 5403,707 5237,744 5056,712 4932,753 4849,721 4763,764 4613,724"/>
                <Baseline points="4629,787 4719,787 4808,793 4898,799 4987,793 5077,793 5166,799 5256,799 5345,799 5435,805"/>
                <TextEquiv>
                    <Unicode>Wie man zuweilen manches</Unicode>
                </TextEquiv>
            </TextLine>
            <TextLine id="tr_3_tl_4" custom="readingOrder {index:3;}">
                <Coords points="3711,807 3754,822 3846,813 3898,830 3941,804 4044,804 4047,750 4013,758 3990,738 3947,753 3930,735 3909,744 3889,730 3849,732 3829,747 3795,730 3763,741 3714,730"/>
                <Baseline points="3728,799 3782,799 3872,793 3961,793 4051,793"/>
                <TextEquiv>
                    <Unicode>Andrea:</Unicode>
                </TextEquiv>
            </TextLine>
            <TextLine id="tr_3_tl_5" custom="readingOrder {index:4;}">
                <Coords points="3611,896 4653,882 4915,919 4915,827 4834,804 4119,796 3967,839 3611,776"/>
                <Baseline points="3627,877 3669,877 3758,877 3848,877 3937,871 4027,871 4116,871 4206,871 4295,871 4385,871 4474,871 4564,871 4653,877 4743,877 4832,877 4922,871"/>
                <TextEquiv>
                    <Unicode>Just mit dem Weißen seines Augs gewahrt.</Unicode>
                </TextEquiv>
            </TextLine>
            <TextLine id="tr_3_tl_6" custom="readingOrder {index:5;}">
                <Coords points="3628,982 4826,957 4826,908 4740,885 3628,890"/>
                <Baseline points="3645,954 3734,954 3824,954 3913,948 4003,948 4092,948 4182,948 4271,948 4361,954 4450,948 4540,948 4629,948 4719,954 4808,954 4832,954"/>
                <TextEquiv>
                    <Unicode>Doch sann ich keinem Weltenrätsel nach,</Unicode>
                </TextEquiv>
            </TextLine>
            <TextLine id="tr_3_tl_7" custom="readingOrder {index:6;}">
                <Coords points="3637,1043 5021,1060 5021,948 3637,974"/>
                <Baseline points="3651,1032 3740,1032 3830,1026 3919,1032 4009,1026 4098,1026 4188,1026 4277,1026 4367,1026 4456,1026 4546,1026 4635,1026 4725,1032 4814,1032 4904,1032 4993,1032 5029,1032"/>
                <TextEquiv>
                    <Unicode>Nicht einmal einem Vers. Des Gartens Duft,</Unicode>
                </TextEquiv>
            </TextLine>
            <TextLine id="tr_3_tl_8" custom="readingOrder {index:7;}">
                <Coords points="3616,1112 3789,1152 4062,1109 4162,1152 5179,1132 5179,1054 5102,1037 3616,1060"/>
                <Baseline points="3633,1103 3722,1109 3812,1109 3901,1109 3991,1109 4080,1103 4170,1109 4259,1109 4349,1109 4438,1109 4528,1109 4617,1109 4707,1109 4796,1109 4886,1109 4975,1115 5065,1115 5154,1115 5184,1109"/>
                <TextEquiv>
                    <Unicode>Des Himmels Blau, das Wehn der Frühlingswinde</Unicode>
                </TextEquiv>
            </TextLine>
            <TextLine id="tr_3_tl_9" custom="readingOrder {index:8;}">
                <Coords points="3622,1201 5058,1198 5018,1123 3622,1120"/>
                <Baseline points="3639,1181 3728,1187 3818,1187 3907,1187 3997,1187 4086,1187 4176,1187 4265,1187 4355,1193 4444,1187 4534,1187 4623,1181 4713,1187 4802,1187 4892,1187 4981,1187 5065,1187"/>
                <TextEquiv>
                    <Unicode>War mir Gedicht genug; und das Geheimnis</Unicode>
                </TextEquiv>
            </TextLine>
            <TextLine id="tr_3_tl_10" custom="readingOrder {index:9;}">
                <Coords points="3628,1324 3835,1267 4111,1313 5208,1284 5162,1198 3628,1201"/>
                <Baseline points="3645,1270 3693,1264 3782,1264 3872,1264 3961,1264 4051,1264 4140,1264 4230,1264 4319,1270 4409,1264 4498,1264 4588,1264 4677,1264 4767,1264 4856,1264 4946,1270 5035,1264 5125,1258 5214,1264"/>
                <TextEquiv>
                    <Unicode>Nings um mich her nahm ich in Ehrfurcht hin.</Unicode>
                </TextEquiv>
            </TextLine>
            <TextLine id="tr_3_tl_11" custom="readingOrder {index:10;}">
                <Coords points="3711,1370 5188,1390 5280,1376 5280,1273 3711,1298"/>
                <Baseline points="3728,1348 3818,1342 3907,1342 3997,1342 4086,1342 4176,1342 4265,1348 4355,1342 4444,1348 4534,1342 4623,1342 4713,1348 4802,1348 4892,1354 4981,1354 5071,1348 5160,1354 5250,1354 5286,1354"/>
                <TextEquiv>
                    <Unicode>Santis: So trifft sich unser Plan mit Ihrer Laune.</Unicode>
                </TextEquiv>
            </TextLine>
            <TextLine id="tr_3_tl_12" custom="readingOrder {index:11;}">
                <Coords points="3611,1439 4892,1439 4849,1364 4179,1359 4116,1393 3611,1341"/>
                <Baseline points="3627,1414 3716,1419 3806,1425 3895,1419 3985,1425 4074,1425 4164,1425 4253,1425 4343,1425 4432,1425 4522,1425 4611,1425 4701,1425 4790,1425 4880,1419 4898,1425"/>
                <TextEquiv>
                    <Unicode>Denn eine heitre Fahrt im Frühlingswind</Unicode>
                </TextEquiv>
            </TextLine>
            <TextLine id="tr_3_tl_13" custom="readingOrder {index:12;}">
                <Coords points="3616,1502 3711,1540 4495,1505 4892,1534 4892,1445 4843,1436 3616,1439"/>
                <Baseline points="3633,1497 3722,1497 3812,1503 3901,1503 3991,1503 4080,1503 4170,1503 4259,1503 4349,1503 4438,1497 4528,1503 4617,1503 4707,1503 4796,1503 4886,1503 4898,1503"/>
                <TextEquiv>
                    <Unicode>Durch freie Au'n nach einem Wiesengrund,</Unicode>
                </TextEquiv>
            </TextLine>
            <TextLine id="tr_3_tl_14" custom="readingOrder {index:13;}">
                <Coords points="3616,1597 5214,1606 5196,1508 3616,1502"/>
                <Baseline points="3633,1569 3699,1575 3788,1575 3878,1581 3967,1581 4057,1581 4146,1581 4236,1581 4325,1581 4415,1581 4504,1581 4594,1581 4683,1581 4773,1587 4862,1581 4952,1587 5041,1575 5130,1569 5220,1551"/>
                <TextEquiv>
                    <Unicode>Von dunklem Waldlaub wunderbar umschattet; —</Unicode>
                </TextEquiv>
            </TextLine>
            <TextLine id="tr_3_tl_15" custom="readingOrder {index:14;}">
                <Coords points="3611,1680 5102,1689 5102,1591 3611,1597"/>
                <Baseline points="3627,1658 3716,1658 3806,1658 3895,1658 3985,1658 4074,1658 4164,1658 4253,1664 4343,1658 4432,1658 4522,1658 4611,1664 4701,1664 4790,1664 4880,1664 4969,1664 5059,1658 5107,1658"/>
                <TextEquiv>
                    <Unicode>Und dort ein kleines Fest mit Tanz und Spiel,</Unicode>
                </TextEquiv>
            </TextLine>
            <TextLine id="tr_3_tl_16" custom="readingOrder {index:15;}">
                <Coords points="3628,1781 3797,1744 3967,1781 5010,1755 5010,1683 4872,1669 3628,1672"/>
                <Baseline points="3645,1736 3675,1736 3764,1736 3854,1736 3943,1736 4033,1736 4122,1736 4212,1742 4301,1742 4391,1736 4480,1736 4570,1736 4659,1742 4749,1742 4838,1742 4928,1742 5017,1730"/>
                <TextEquiv>
                    <Unicode>So ward bestimmt, soll diesen Tag beschließen.</Unicode>
                </TextEquiv>
            </TextLine>
            <TextLine id="tr_3_tl_17" custom="readingOrder {index:16;}">
                <Coords points="3717,1824 5475,1864 5441,1741 3717,1749"/>
                <Baseline points="3734,1813 3824,1813 3913,1813 4003,1813 4092,1819 4182,1819 4271,1813 4361,1807 4450,1813 4540,1813 4629,1819 4719,1819 4808,1819 4898,1825 4987,1825 5077,1825 5166,1825 5256,1825 5345,1825 5435,1831 5482,1831"/>
                <TextEquiv>
                    <Unicode>Andrea: Ein Fest —?! Dies ist noch über meine Laune.</Unicode>
                </TextEquiv>
            </TextLine>
            <TextLine id="tr_3_tl_18" custom="readingOrder {index:17;}">
                <Coords points="3616,1907 4878,1925 4878,1847 4806,1827 3990,1861 3616,1801"/>
                <Baseline points="3633,1885 3722,1891 3812,1891 3901,1897 3991,1897 4080,1897 4170,1897 4259,1897 4349,1897 4438,1897 4528,1897 4617,1897 4707,1897 4796,1897 4886,1891"/>
                <TextEquiv>
                    <Unicode>Doch wollen wir's mit allem Überschwang,</Unicode>
                </TextEquiv>
            </TextLine>
            <TextLine id="tr_3_tl_19" custom="readingOrder {index:18;}">
                <Coords points="3628,1976 5297,2014 5297,1933 5150,1893 3628,1910"/>
                <Baseline points="3645,1968 3734,1974 3824,1974 3913,1974 4003,1974 4092,1974 4182,1974 4271,1974 4361,1974 4450,1974 4540,1974 4629,1974 4719,1974 4808,1980 4898,1986 4987,1980 5077,1980 5166,1986 5256,1986 5304,1980"/>
                <TextEquiv>
                    <Unicode>Wie's an so heiterm Ort wohl Brauch, begehn. (zu Santte)</Unicode>
                </TextEquiv>
            </TextLine>
            <TextLine id="tr_3_tl_20" custom="readingOrder {index:19;}">
                <Coords points="3616,2057 3809,2091 4944,2068 4944,2016 4857,1996 3978,2016 3616,1976"/>
                <Baseline points="3633,2052 3722,2052 3812,2052 3901,2052 3991,2052 4080,2052 4170,2052 4259,2058 4349,2052 4438,2052 4528,2058 4617,2052 4707,2052 4796,2052 4886,2058 4952,2058"/>
                <TextEquiv>
                    <Unicode>Daß hierfür vorgesorgt, verrät Ihr Blinzeln.</Unicode>
                </TextEquiv>
            </TextLine>
            <TextLine id="tr_3_tl_21" custom="readingOrder {index:20;}">
                <Coords points="3616,2129 3763,2174 4044,2131 4938,2166 4938,2068 3616,2057"/>
                <Baseline points="3633,2123 3722,2129 3812,2129 3901,2129 3991,2129 4080,2135 4170,2129 4259,2135 4349,2135 4438,2129 4528,2129 4617,2135 4707,2135 4796,2135 4886,2135 4946,2129"/>
                <TextEquiv>
                    <Unicode>Wenn sich die Nacht senkt, werden schleierlos</Unicode>
                </TextEquiv>
            </TextLine>
            <TextLine id="tr_3_tl_22" custom="readingOrder {index:21;}">
                <Coords points="3593,2200 5222,2249 5173,2146 3593,2154"/>
                <Baseline points="3609,2195 3699,2207 3788,2207 3878,2207 3967,2213 4057,2213 4146,2213 4236,2213 4325,2213 4415,2213 4504,2213 4594,2213 4683,2213 4773,2219 4862,2219 4952,2219 5041,2219 5130,2219 5220,2219 5226,2219"/>
                <TextEquiv>
                    <Unicode>Von Busch zu Busch des Waldes Nymphen schweben</Unicode>
                </TextEquiv>
            </TextLine>
            <TextLine id="tr_3_tl_23" custom="readingOrder {index:22;}">
                <Coords points="3599,2304 4573,2332 4932,2298 4811,2232 4188,2258 3818,2220 3743,2255 3599,2203"/>
                <Baseline points="3615,2285 3705,2285 3794,2285 3884,2285 3973,2291 4063,2291 4152,2291 4242,2291 4331,2291 4421,2291 4510,2291 4599,2291 4689,2291 4778,2291 4868,2291 4940,2291"/>
                <TextEquiv>
                    <Unicode>Und ihre Gunst an Sterbliche verschwenden —</Unicode>
                </TextEquiv>
            </TextLine>
            <TextLine id="tr_3_tl_24" custom="readingOrder {index:23;}">
                <Coords points="3616,2381 4587,2410 4949,2373 4949,2309 4895,2301 3616,2304"/>
                <Baseline points="3633,2356 3722,2362 3812,2368 3901,2368 3991,2368 4080,2368 4170,2368 4259,2368 4349,2368 4438,2368 4528,2368 4617,2368 4707,2368 4796,2368 4886,2368 4957,2362"/>
                <TextEquiv>
                    <Unicode>Weh dem, der sie am Morgen wieder kennt</Unicode>
                </TextEquiv>
            </TextLine>
            <TextLine id="tr_3_tl_25" custom="readingOrder {index:24;}">
                <Coords points="3605,2462 5125,2488 5125,2390 5038,2370 4375,2422 3605,2373"/>
                <Baseline points="3621,2440 3711,2440 3800,2440 3890,2440 3979,2440 4068,2446 4158,2446 4247,2446 4337,2446 4426,2446 4516,2446 4605,2446 4695,2452 4784,2452 4874,2452 4963,2452 5053,2458 5130,2452"/>
                <TextEquiv>
                    <Unicode>Und — rat' ich recht? — anstatt des grünen Tuchs</Unicode>
                </TextEquiv>
            </TextLine>
            <TextLine id="tr_3_tl_26" custom="readingOrder {index:25;}">
                <Coords points="3605,2534 4510,2574 4832,2551 4926,2499 3602,2465"/>
                <Baseline points="3621,2517 3711,2523 3800,2523 3890,2523 3979,2523 4068,2523 4158,2523 4247,2523 4337,2523 4426,2529 4516,2529 4605,2529 4695,2529 4784,2529 4874,2517 4934,2523"/>
                <TextEquiv>
                    <Unicode>Wird uns ein leuchtend weißer Frauenleib —</Unicode>
                </TextEquiv>
            </TextLine>
        </TextRegion>
        <TextRegion id="tr_1" custom="readingOrder {index:3;}">
            <Coords points="3615,2545 6043,2545 6043,4341 3615,4341"/>
            <TextLine id="tr_1_tl_1" custom="readingOrder {index:0;}">
                <Coords points="3614,2614 4975,2631 4972,2568 4857,2534 4507,2571 3611,2545"/>
                <Baseline points="3627,2595 3716,2601 3806,2601 3895,2601 3985,2601 4074,2601 4164,2601 4253,2601 4343,2607 4432,2607 4522,2601 4611,2607 4701,2607 4790,2613 4880,2613 4969,2619 4981,2613"/>
                <TextEquiv>
                    <Unicode>Das Los entscheidet welcher — Spieltisch sein,</Unicode>
                </TextEquiv>
            </TextLine>
            <TextLine id="tr_1_tl_2" custom="readingOrder {index:1;}">
                <Coords points="3616,2692 4783,2726 4906,2694 4826,2611 4768,2646 3616,2620"/>
                <Baseline points="3633,2672 3722,2678 3812,2678 3901,2678 3991,2678 4080,2678 4170,2678 4259,2684 4349,2684 4438,2684 4528,2684 4617,2684 4707,2690 4796,2690 4886,2678 4910,2678"/>
                <TextEquiv>
                    <Unicode>Darauf das Glück in geldnen Wellen rollt —</Unicode>
                </TextEquiv>
            </TextLine>
            <TextLine id="tr_1_tl_3" custom="readingOrder {index:2;}">
                <Coords points="3605,2818 3743,2760 4961,2798 4995,2663 4771,2732 4722,2694 3605,2706"/>
                <Baseline points="3621,2756 3711,2756 3800,2756 3890,2756 3979,2756 4068,2756 4158,2756 4247,2762 4337,2762 4426,2762 4516,2762 4605,2762 4695,2768 4784,2768 4874,2768 4963,2768 4999,2768"/>
                <TextEquiv>
                    <Unicode>Und wer verliert — der sei der Hauptgewinner</Unicode>
                </TextEquiv>
            </TextLine>
            <TextLine id="tr_1_tl_4" custom="readingOrder {index:3;}">
                <Coords points="3700,2838 4717,2918 5650,2872 5650,2763 5441,2806 5343,2737 4823,2812 3700,2772"/>
                <Baseline points="3716,2833 3806,2839 3895,2839 3985,2839 4074,2839 4164,2845 4253,2845 4343,2845 4432,2845 4522,2845 4611,2845 4701,2845 4790,2845 4880,2845 4969,2851 5059,2851 5148,2857 5238,2851 5327,2851 5417,2851 5506,2851 5596,2851 5656,2845"/>
                <TextEquiv>
                    <Unicode>Santis (Beifall nickend zu Flamtnia): Mein Meister, sagt' ich's nicht?</Unicode>
                </TextEquiv>
            </TextLine>
            <TextLine id="tr_1_tl_5" custom="readingOrder {index:4;}">
                <Coords points="3697,2959 3751,2927 3869,2944 3901,2927 4010,2939 4007,2855 3961,2855 3921,2878 3892,2867 3884,2875 3838,2850 3803,2870 3777,2847 3726,2861 3694,2852"/>
                <Baseline points="3711,2911 3800,2917 3890,2917 3979,2917 4015,2917"/>
                <TextEquiv>
                    <Unicode>Andrea:</Unicode>
                </TextEquiv>
            </TextLine>
            <TextLine id="tr_1_tl_6" custom="readingOrder {index:5;}">
                <Coords points="5024,2967 5170,2993 5308,2941 5578,2996 5725,2979 5725,2838 5621,2884 5495,2893 5443,2861 5306,2861 5265,2893 5024,2864"/>
                <Baseline points="5041,2929 5107,2929 5196,2935 5286,2929 5375,2935 5465,2935 5554,2935 5644,2929 5733,2923"/>
                <TextEquiv>
                    <Unicode>Baron, Sie schmeicheln.</Unicode>
                </TextEquiv>
            </TextLine>
            <TextLine id="tr_1_tl_7" custom="readingOrder {index:6;}">
                <Coords points="4536,3005 4642,2999 4694,3013 4708,2999 4731,3010 4797,2990 4837,3016 4863,2999 4906,3008 4906,2898 4866,2910 4843,2895 4814,2921 4777,2898 4717,2918 4536,2898"/>
                <Baseline points="4552,2989 4641,2989 4731,2989 4820,2989 4910,2989"/>
                <TextEquiv>
                    <Unicode>(In nettem Ton)</Unicode>
                </TextEquiv>
            </TextLine>
            <TextLine id="tr_1_tl_8" custom="readingOrder {index:7;}">
                <Coords points="3605,3059 4814,3094 4872,3071 4872,3002 4628,3013 4366,2959 4019,3010 3909,2962 3777,3005 3602,2944"/>
                <Baseline points="3621,3036 3711,3042 3800,3042 3890,3048 3979,3048 4068,3054 4158,3048 4247,3048 4337,3054 4426,3054 4516,3054 4605,3054 4695,3060 4784,3066 4874,3060 4880,3060"/>
                <TextEquiv>
                    <Unicode>Doch daß man ja die Degen nicht pergesse</Unicode>
                </TextEquiv>
            </TextLine>
            <TextLine id="tr_1_tl_9" custom="readingOrder {index:8;}">
                <Coords points="3599,3145 5021,3165 5001,3053 4573,3099 3599,3056"/>
                <Baseline points="3615,3120 3705,3120 3794,3126 3884,3126 3973,3132 4063,3132 4152,3132 4242,3132 4331,3132 4421,3138 4510,3138 4599,3138 4689,3138 4778,3144 4868,3138 4957,3138 5029,3144"/>
                <TextEquiv>
                    <Unicode>Und wohlgeschliffne! Denn man weiß zuweilen,</Unicode>
                </TextEquiv>
            </TextLine>
            <TextLine id="tr_1_tl_10" custom="readingOrder {index:9;}">
                <Coords points="3619,3243 3924,3203 4082,3255 5125,3240 5122,3137 5073,3128 4946,3186 3616,3137"/>
                <Baseline points="3633,3203 3722,3203 3812,3203 3901,3203 3991,3203 4080,3209 4170,3209 4259,3215 4349,3215 4438,3215 4528,3215 4617,3215 4707,3215 4796,3215 4886,3221 4975,3221 5065,3221 5125,3215"/>
                <TextEquiv>
                    <Unicode>Wie solch ein Fest beginnt, nie — wie es endet!</Unicode>
                </TextEquiv>
            </TextLine>
            <TextLine id="tr_1_tl_11" custom="readingOrder {index:10;}">
                <Coords points="3694,3289 5587,3315 5553,3206 3691,3229"/>
                <Baseline points="3711,3287 3800,3287 3890,3281 3979,3287 4068,3287 4158,3287 4247,3287 4337,3287 4426,3293 4516,3293 4605,3293 4695,3293 4784,3299 4874,3299 4963,3299 5053,3299 5142,3299 5232,3299 5321,3299 5411,3299 5500,3299 5590,3299"/>
                <TextEquiv>
                    <Unicode>Flaminia (zu Sancto): Was blickt er denn so wild mit einemmal?</Unicode>
                </TextEquiv>
            </TextLine>
            <TextLine id="tr_1_tl_12" custom="readingOrder {index:11;}">
                <Coords points="3694,3375 5156,3418 5380,3401 5380,3335 3691,3289"/>
                <Baseline points="3711,3353 3800,3359 3890,3364 3979,3364 4068,3364 4158,3364 4247,3370 4337,3370 4426,3370 4516,3370 4605,3376 4695,3376 4784,3376 4874,3376 4963,3382 5053,3382 5142,3382 5232,3376 5321,3376 5387,3382"/>
                <TextEquiv>
                    <Unicode>Andrea ###: Und dies gilt leider nicht von Festen nur.</Unicode>
                </TextEquiv>
            </TextLine>
            <TextLine id="tr_1_tl_13" custom="readingOrder {index:12;}">
                <Coords points="3665,3447 4659,3461 4788,3530 5222,3473 5306,3522 5492,3481 5492,3358 5242,3415 3665,3410"/>
                <Baseline points="3681,3436 3770,3442 3860,3442 3949,3448 4039,3448 4128,3448 4218,3448 4307,3448 4397,3448 4486,3448 4576,3454 4665,3454 4755,3454 4844,3460 4934,3466 5023,3460 5113,3460 5202,3460 5292,3460 5381,3460 5471,3466 5500,3466"/>
                <TextEquiv>
                    <Unicode>Santis (nach einer Pause): Blieb' es um Ihre Laune so bestellt,</Unicode>
                </TextEquiv>
            </TextLine>
            <TextLine id="tr_1_tl_14" custom="readingOrder {index:13;}">
                <Coords points="3599,3542 4688,3545 4659,3461 3774,3476 3645,3436 3599,3464"/>
                <Baseline points="3615,3514 3705,3520 3794,3520 3884,3520 3973,3526 4063,3526 4152,3526 4242,3526 4331,3532 4421,3532 4510,3532 4599,3532 4689,3537 4695,3532"/>
                <TextEquiv>
                    <Unicode>Sie wären ein verdrießlicher Genosse.</Unicode>
                </TextEquiv>
            </TextLine>
            <TextLine id="tr_1_tl_15" custom="readingOrder {index:14;}">
                <Coords points="3605,3608 4418,3619 4518,3660 4567,3625 4837,3631 4834,3550 4728,3525 4656,3571 3602,3542"/>
                <Baseline points="3621,3597 3711,3597 3800,3597 3890,3603 3979,3603 4068,3603 4158,3603 4247,3609 4337,3609 4426,3609 4516,3615 4605,3609 4695,3609 4784,3615 4844,3615"/>
                <TextEquiv>
                    <Unicode>Doch wird, eh uns die Tafel neu vereint,</Unicode>
                </TextEquiv>
            </TextLine>
            <TextLine id="tr_1_tl_16" custom="readingOrder {index:15;}">
                <Coords points="3605,3680 4843,3723 4872,3625 4518,3660 4421,3622 3602,3614"/>
                <Baseline points="3621,3675 3711,3669 3800,3675 3890,3675 3979,3675 4068,3681 4158,3681 4247,3687 4337,3687 4426,3693 4516,3693 4605,3693 4695,3693 4784,3693 4874,3699 4880,3699"/>
                <TextEquiv>
                    <Unicode>Die man im Schatten draußen uns bereitet,</Unicode>
                </TextEquiv>
            </TextLine>
            <TextLine id="tr_1_tl_17" custom="readingOrder {index:16;}">
                <Coords points="3605,3743 5846,3792 5843,3616 4964,3651 4846,3723 3605,3683"/>
                <Baseline points="3621,3728 3711,3734 3800,3734 3890,3734 3979,3740 4068,3740 4158,3740 4247,3746 4337,3746 4426,3746 4516,3752 4605,3752 4695,3752 4784,3752 4874,3758 4963,3764 5053,3758 5142,3758 5232,3764 5321,3758 5411,3758 5500,3758 5590,3758 5679,3758 5769,3758 5852,3758"/>
                <TextEquiv>
                    <Unicode>(Man steht, wie im Hintergrund auf der Wiese unter den Päumen von Kellnern die Tafel gedeckt wird.)</Unicode>
                </TextEquiv>
            </TextLine>
            <TextLine id="tr_1_tl_18" custom="readingOrder {index:17;}">
                <Coords points="3599,3815 4852,3864 4820,3766 3599,3760"/>
                <Baseline points="3615,3800 3705,3806 3794,3806 3884,3812 3973,3812 4063,3818 4152,3812 4242,3818 4331,3818 4421,3824 4510,3824 4599,3824 4689,3830 4778,3824 4856,3824"/>
                <TextEquiv>
                    <Unicode>Die holde Frau, die Ihnen Gott bescherte,</Unicode>
                </TextEquiv>
            </TextLine>
            <TextLine id="tr_1_tl_19" custom="readingOrder {index:18;}">
                <Coords points="3605,3886 4266,3947 4791,3921 4757,3841 3605,3815"/>
                <Baseline points="3621,3884 3711,3884 3800,3884 3890,3890 3979,3890 4068,3895 4158,3895 4247,3895 4337,3901 4426,3901 4516,3907 4605,3901 4695,3901 4784,3890 4796,3890"/>
                <TextEquiv>
                    <Unicode>Der Dichterstirne düstre Fälten glätten.</Unicode>
                </TextEquiv>
            </TextLine>
            <TextLine id="tr_1_tl_20" custom="readingOrder {index:19;}">
                <Coords points="3605,4036 5917,4039 5914,3866 4633,3950 3605,3889"/>
                <Baseline points="3621,3979 3711,3979 3800,3973 3890,3973 3979,3979 4068,3979 4158,3979 4247,3985 4337,3985 4426,3985 4516,3985 4605,3991 4695,3985 4784,3985 4874,3991 4963,3991 5053,3991 5142,3991 5232,3991 5321,3991 5411,3991 5500,4003 5590,4009 5679,3997 5769,3997 5858,4009 5918,4015"/>
                <TextEquiv>
                    <Unicode>Flaminia, komm! wenn zu ihr im abgeben) Hier folgt ein böser Zank!</Unicode>
                </TextEquiv>
            </TextLine>
            <TextLine id="tr_1_tl_21" custom="readingOrder {index:20;}">
                <Coords points="4358,4076 4452,4116 4518,4076 4553,4099 4596,4067 4679,4111 4803,4070 4866,4099 5033,4079 5033,3999 5013,3993 4964,4016 4682,3987 4556,4010 4358,3993"/>
                <Baseline points="4373,4051 4462,4045 4552,4051 4641,4051 4731,4057 4820,4051 4910,4051 4999,4051 5041,4051"/>
                <TextEquiv>
                    <Unicode>(Gantis und Flaminia links ab.</Unicode>
                </TextEquiv>
            </TextLine>
            <TextLine id="tr_1_tl_22" custom="readingOrder {index:21;}">
                <Coords points="5673,4119 5702,4105 5794,4122 5802,4113 5828,4125 5843,4116 5903,4154 5952,4151 5935,4042 5914,4047 5823,4013 5759,4013 5751,4004 5662,4033"/>
                <Baseline points="5679,4057 5769,4057 5858,4074 5948,4092 5954,4086"/>
                <TextEquiv>
                    <Unicode>SIEPHAN</Unicode>
                </TextEquiv>
            </TextLine>
            <TextLine id="tr_1_tl_23" custom="readingOrder {index:22;}">
                <Coords points="5742,4314 5774,4300 5866,4317 5880,4309 6029,4358 6044,4352 5960,4159 5937,4165 5808,4113 5754,4108 5731,4134 5716,4131 5708,4157 5676,4159"/>
                <Baseline points="5709,4194 5799,4230 5888,4265 5978,4313 6043,4331"/>
                <TextEquiv>
                    <Unicode>48 AUG. 1918</Unicode>
                </TextEquiv>
            </TextLine>
        </TextRegion>
    </Page>
</PcGts>
