6264 4808
1604 510 2080 642 Arthur Schnitzler
726 620 1991 810 Wird nicht der Runde lüsternes Gelächter
721 737 1974 883 Den kostbar frechen Scherz belohnen, wie
729 833 1951 959 Herr Casanova durch ein Fenster sprang,
740 900 2131 1015 Aus dem, wie sonst verschämter Lampe Schein,
751 984 2125 1122 Ein weißer Frau'nleib ihm den Weg gewiesen
749 1063 2041 1194 Und wie er mit dem Bräutchen sich ergötzt,
746 1133 2013 1290 Indes der Bräutigam am Spieltisch saß?
1346 1183 2422 1309 In ausbrechender Wut, beim Sekretär, öffnet ihn.
749 1267 2139 1391 Hier ist das Teufelsgold, du wirst es brauchen
765 1346 1940 1489 Fürs erste jedenfalls, bis von Flaminia
760 1422 2114 1562 Das Weitre du gelernt. Mir ist nicht bang.
771 1500 1991 1637 Denn wahrlich unverwandelt stehst du da
765 1570 2243 1705 Wie du dich rühmst. Nur kenn' ich dich zu spät,
765 1682 2030 1834 Die so geschaffen, daß sie erst die Mutter
779 1789 1004 1884 Betrog
872 1834 1444 1957 Anina: Für dich.
1469 1850 2173 1999 Da ich zur Stelle war.
880 1937 1169 2052 Andrea:
782 1982 2064 2122 Ein andrer kam, und nun bin ich betrogen.
777 2055 2181 2179 Da, nimm, dies alles! Send’ ihm Boten nach
777 2159 2086 2260 Und laß ihn wissen, daß du reich geworden.
802 2226 2114 2352 Er fliegt zurück. Wie? Oder plantest du,
782 2316 1963 2414 Heute nacht schon einen neuen Seladon
793 2358 2190 2518 Mit deiner Nacktheit fahlem Schein zu locken?
782 2459 2055 2579 Mir ist es gleich. Zerrissen ist das Band
791 2535 2013 2669 Für ewig zwischen uns, und seine Petzen
807 2616 2075 2739 Zertret' ich unter meinem Fuß. Fahr hin!
799 2697 2153 2835 Nur kurze Frist, und dieser Ort der Schmach
791 2790 1971 2902 Liegt wie ein trüber Nebel hinter mir,
805 2840 2024 3000 Und hinter mir Verblendung ohne Maß.
1755 2899 2128 3008 (Er eilt zur Tür.)
908 2961 2706 3109 Anina: Verlaß mich, wie's dein Recht, und wie’s vielmehr
810 3062 2274 3196 Nach solcher Zwiesprach' deine Pflicht geworden,
813 3140 2179 3272 Und meine, dich von meinem Weg zu weisen.
810 3216 2036 3376 Denn daß aus dieser finstern Stunde nie
833 3303 2072 3423 Gemeinsam uns ein Weg ins Helle führt,
833 3390 2170 3519 Das, glaub' mir, fühl' ich tiefer noch als du.
833 3457 2089 3580 Doch darfst du darum die gewes'nen nicht,
844 3524 2207 3659 Die ew'gen Stunden unseres Glückes schmähn
844 3614 2122 3754 Sie sind auch mein, ich wahre meinen Teil,
841 3690 2184 3810 Und wär' es auch vor dir, so wie dein Bild.
841 3777 2142 3920 Du aber geh, und nimm dein Gold mit dir
934 3822 2717 3962 Andrea: Ich rühr's nicht an, dein ist es und nicht anders,
841 3934 2041 4099 Als hätt' er deine Gunst damit bezahlt.
1685 3998 2260 4116 (Er will gehen, es klopft.)
4270 423 4733 583 Die Schwestern
3468 550 4122 721 Andrea: Wer ist’s?
3463 690 4203 807 Tito (öffnet, steht in der Tür).
3479 729 4890 883 Andrea: Du Bursche — (schließt den Sekretär rasch
4929 788 5577 917 Herr Andrea Bassi?
3465 838 3684 953 Tito:
3479 889 5218 1021 Andrea: Du weißt, ich heiße so. An mich ein Auftrag?
3474 970 5086 1099 Tito: Herr Casanova wünscht den Herrn zu sprechen.
3479 1077 4405 1203 Andrea: Mich — Casanova?
4441 1102 5170 1253 Ja. Er wartet draußen
3491 1164 3679 1262 Tito:
3477 1183 5490 1365 Andrea: Mich? Du verstandest gut — Herrn Bassi — Bursche?
3477 1312 4542 1464 Tito: Herrn Bassi, doch — allein.
4559 1329 5106 1503 Er möge kommen
3485 1399 3779 1508 Andrea:
3485 1483 3785 1584 Tito (ab).
3485 1542 4455 1691 Andrea (sperrt die Tür hinter ihm ab):
3505 1635 3875 1744 Was soll's?
3496 1677 4988 1831 Anina: Ich weiß es nicht. Jedoch, was immer
3404 1794 4609 1887 Bedenke wohl, daß zwischen mir und dir
3390 1822 4898 1968 Das Band zerrissen ist. Weh, wenn du's wagtest
3404 1957 4876 2050 Dich zu gebärden, als bestünd' es noch. (Es klopft.)
3404 2027 4736 2145 Entschuld'gen wird Flaminia, wenn ich ihren
3409 2108 4573 2204 Besuch, indes sie nicht daheim, erwidre.
3404 2187 4713 2293 Es kommt ein Augenblick, vielleicht, in dem
3404 2263 4657 2372 Ihr meine Gegenwart nicht missen könntet
3404 2307 4736 2459 Getrost, ich lausche nicht, doch bleib' ich nah
3409 2428 4733 2521 Und was sein Kommen auch bedeute, merke:
3409 2501 4747 2602 Kein Bräutigam, nicht meiner Ehre Anwalt
3412 2565 4817 2675 Du bist ein fremder Mann für mich — wie er
3421 2647 4663 2764 Vergäßest du's — ich täte, was dich reut.
3415 2686 5666 2851 (Ab ins Zimmer links. Es klopft nochmals. Andrea steht eine Weile unbeweglich, dann öffnet er rasch.)
4295 3053 4783 3171 Andrea Casanova.
3510 3087 4365 3247 Casanova (tritt ein, verneigt sich).
3522 3222 4057 3336 Andrea (dankt kühl).
3527 3250 5246 3412 Casanova: Vorerst, Herr Bassi, Dank für den Empfang.
3510 3348 5145 3460 Andrea: Kein Anlaß. Ihr Begehr, Herr Casanova
3524 3429 5622 3586 Casanova: Ich hätte kaum gewagt — (unterbracht sich) Doch Sie gestatten
3429 3541 3906 3667 Das Fenster —
3516 3578 4766 3735 Andrea (das Wort auffangend): Wie beliebt?
4806 3614 5546 3793 Darf ich Sie bitten —?
3533 3701 3875 3810 Casanova:
3547 3757 5554 3894 (Er hält sich an der Tür, deutet durch eine Gebärde an, Andrea möge das Fenster schließen.)
3432 3841 5061 4012 Ich möchte nicht gern selbst — Man glaubt mich fort.
3533 3939 4545 4068 Andrea: Man glaubt Sie fort?
