6376 4840
1514 464 2027 673 Artbur Schnitzler
719 619 2901 822 Andrea steht, für Casanova unsichtbar, immer noch an der Türe rechts, dem Innern des Zimmers
621 741 896 868 abgewandt).
741 773 1883 955 Santis: Gleich sollen Sie’s erfahren.
1908 811 2437 977 Wenn's beliebt —
725 893 1083 993 Casanova:
630 931 1919 1094 Mein Durft und Appetit sind nicht gering.
738 980 2415 1164 Santis: Doch sollen Sie das Mahl sich erst verdienen.
1482 1096 2062 1189 (Zu Anina und Flaminia)
646 1145 2252 1308 Nicht wahr? Gleich ist's geschehn. Nur eine Frage.
744 1251 1585 1389 Casanova: So fragen Sie.
1598 1273 2345 1452 Sie müssen näher treten.
738 1349 1029 1438 Santis:
760 1376 1872 1536 Flaminia: Bemühn Sie sich herein.
749 1476 2152 1596 Anina (um die Ecke deutend): Dort ist der Eingang.
746 1550 2451 1704 Casanova: Wozu noch Zeit versäumen? Mit Verlaub.
1308 1626 2263 1721 (Er springt über die Brüstung ins Zimmer.)
768 1715 1737 1824 Santis (lacht): Er ist's gewohnt.
754 1759 2773 1902 Casanova (sich verbeugend): Hier bin ich. Gewahrt Andrea) O, Herr Bassi.
665 1853 2030 2000 Wir sehn uns früher wieder, als wir dachten.
765 1897 2345 2076 Santis (Casanovas Anzug bewundernd): Ei, welche Pracht!
760 2024 1984 2136 Casanova: Ich denk', es gibt ein Fest?
678 2098 1886 2239 Man kleidet sich, so gut man eben kann.
773 2193 1631 2304 Santis: Die Kette! Neu?
1639 2244 1997 2385 Ich glaube.
779 2282 1351 2429 Casanova (beiläufig):
1992 2296 2442 2451 Und die Dose?
776 2375 1050 2480 Santis:
676 2456 1053 2578 Smaragden
784 2453 2092 2651 Casanova: Einer nur. Mit einem Fehler.
776 2586 1756 2719 Santis: Man merkt ihn kaum.
784 2619 2470 2790 Casanova (ihm die Dose reichend): Hier, nehmen Sie, Baron.
792 2749 1555 2877 Santis: In keinem Fall
1585 2771 2415 2958 Mein Retter, nehmen Sie!
784 2849 1132 2955 Casanova:
798 2901 1661 3056 Santis: Ich will sie kaufen.
1677 2939 2497 3096 Nicht um fünfzig Goldstück
798 3012 1151 3118 Casanova:
689 3075 1248 3200 Wär' sie mir feil.
792 3143 1829 3313 Santis: Sie dringen sie mir auf.
1479 3194 2185 3297 (Steckt sie ein; draußen Anruhe.)
803 3305 2217 3400 Andrea: Doch Ihre Gäste werden ungeduldig.
814 3341 2516 3490 Santis: Wahrhaftig. (Ruft): Man beginne aufzutragen.
695 3463 2111 3588 He, eingeschenkt! Verzeiht, gleich kommen wir.
809 3531 1938 3636 Casanova (seine Angeduld verbergend, höflich):
703 3609 2035 3740 Die Frage nun. Ich warte. Sprechen Sie.
809 3669 2421 3818 Santis: Die Frage, hm. Wie fass' ich sie nur klar?
820 3759 1943 3919 Flaminia: Herr Bassi, fragen Sie.
1962 3816 2404 3946 Andrea, frage!
809 3883 1077 3970 Anina:
820 3878 2464 4057 Andrea: Nicht ich war's, dem der kühne Einfall kam,
708 4027 1794 4182 Die Antwort Casanova aufzugeben.
4334 426 4787 589 Die Schwestern
3522 543 5232 706 Santis: Nun, so versuch' ich's. Merken Sie wohl auf.
3726 662 5381 801 (Beginnt einfach, redet sich aber rasch in selbstgefällige Begeisterung hinein.)
3444 703 4874 828 Zwei Schwestern schön und jung, jedoch die eine
3433 825 4692 912 Noch jünger als die andre; und die andere
3438 896 4421 1001 Ein wenig älter, aber beide jung
3539 972 4570 1099 Andrea: So wird es etwas lang.
4527 1001 5042 1170 Und beide schön.
3522 1058 4035 1164 Santis (unbeirrt) :
3425 1123 4833 1224 Von holdem Wuchs, von zarter, weißer Haut,
3444 1205 4923 1327 Teils blind, teils braun und ziemlich wohlgesittet,
3425 1300 4792 1414 Ja, ziemlich nur, wie gleich sich zeigen wird.
3547 1376 4331 1501 Andrea: Sie greifen vor.
4328 1408 5061 1577 Doch ich verrate nichts.
3533 1457 3807 1569 Santis:
3444 1525 4630 1620 Gesittet — bis zu der Novelle Anfang.
3539 1609 5262 1740 Casanova: Novelle — so? Wie nennt der Dichter sich?
3539 1685 4342 1826 Flaminia: Andrea Bassi.
4334 1734 5132 1886 Doch es fehlt der Schluß.
3533 1775 3791 1867 Anina:
3539 1807 5096 1943 Santis: Das eben ist's, den sollen Sie uns finden.
3544 1913 5286 2022 Casanova: Zwar weiß ich nicht — doch weiter immerhin!
3550 2005 5240 2098 Santis: Man unterbreche nicht. Zwei Schwestern also,
3449 2081 4654 2179 Aus gutem Haus mit Garten, über den
3438 2168 4141 2285 Die Nacht sich breitet
4209 2223 4928 2356 Das kommt später erst.
3547 2244 3843 2350 Andrea:
3552 2290 5143 2440 Santis: Nun bleibt's gesagt, und Casanova weiß es
3457 2404 4920 2513 Für später, wenn er's braucht. Der Vater starb.
3457 2497 4879 2621 Woran? Wir wissen's nicht, vielleicht an Gift.
3539 2573 4404 2703 Andrea: Das führt ja irre.
4418 2597 5102 2768 Doch die Mutter lebt,
3544 2643 3824 2746 Santis:
3457 2689 4277 2847 Die Schwestern jubeln drob.
4290 2776 4619 2939 Weshalb?
3555 2806 3829 2920 Andrea:
4632 2833 5213 2999 Weshalb? (mit Stolz)
3558 2882 3818 2985 Santis:
3457 2912 4649 3056 Weils ihnen an Verworfenheit gebricht.
3438 3031 4806 3156 Doch plötzlich eines Tags, wer hätt's geahnt,
3468 3126 4714 3216 Verlobt sich einem Edelmann die Jüngre.
3457 3202 4258 3319 O Bräutigam, o Seligkeit!
3514 3275 4342 3381 Andrea (verzweifelt): Baron!
3547 3362 5216 3498 Santis: Zum Teufel den Baron, nun bin ich Dichter.
3463 3441 4684 3569 Genau wie Sie, und es behagt mir sehr.
3449 3520 4071 3634 Wo blieb ich stehn?
3550 3585 4725 3696 Casanova (döflich): Die eine ist verlobt.
3547 3666 5221 3797 Santis: Ganz recht. Verlobt die ein', indes die andre
3444 3761 4811 3881 Sich sehnsuchtsvoll auf keuschem Lager wälzt.
3547 3840 4410 3962 Andrea: Wo soll das hin?
4407 3900 5276 4057 Nur weiter. Höchst poetisch
3547 3921 3900 4035 Casanova:
3457 3989 4779 4141 Erzählt uns der Baron und spannungsvoll.
