7144 5032
1989 648 2485 788 Arthur Schnitzler
1107 759 2461 906 Stell' ich, persönlich meine Schuld zu zahlen,
1094 885 1805 1009 Mich in Ferrara ein.
1196 925 2530 1057 Andrea (peinlich berührt): Doch weiß ich kaum,
1096 1014 2361 1125 Ob Sie mich in Ferrara finden werden?
1202 1062 2875 1241 Casanova: Ich werde. Denn Sie sind von denen nicht,
1107 1183 2358 1312 Die sich an abenteuerlicher Fahrt behagen,
1096 1286 2559 1383 An Schlaf in fremden Betten, Gasthofschmäusen
1094 1339 2308 1470 Und Nachbarschaft von Reise=Ungefähr.
1115 1402 2440 1518 Ihr Ziel heißt Frieden, Ordnung und Gesetz
1117 1491 2464 1607 Wie Heimkehr Ihrer Wandrung letzter Sinn.
1115 1576 2440 1702 Und schon im Geist seh' ich an Ihrem Herd
1120 1652 2598 1763 Mit heitrer Gunst den flücht'gen Gast empfangen,
1120 1760 2566 1866 Der — mit dem Gold natürlich, das er schuldet
1130 1831 2379 1924 Wie letzten Abglanz gern vergeßner Tage,
1138 1902 2387 1995 Ehrbiet'gen Gruß dem edlen Paare bringt.
1215 1918 3051 2087 Andrea: Dem Paar? Wieso? Noch bin ich nicht vermählt.
1220 2066 3041 2177 Casanova: So sind Sie's bald. Und preisen dann Ihr Los,-
1138 2113 2498 2248 Das schon dem Jüngling eine Gattin schenkte,
1138 2198 2298 2332 Schön wie Anina, klug und tugendhaft.
1141 2263 2369 2403 Ein frühgeschloßnes ist das stärkste Band.
1159 2350 2530 2469 Weh dem der ewig sucht; wohl dem, der fand.
1244 2403 2825 2574 Andrea: Ein solcher Spruch aus Casanovas Mund?
1236 2516 2769 2643 Casanova: Bewahren Sie ihn sorglich im Gemüte,
1141 2611 2432 2746 Noch keinem gab ich höhre Weisheit kund.
1244 2690 1837 2819 Andrea: Zu gütig.
1860 2735 2854 2880 Schwacher Dank für Ihre Güte.
1225 2772 1586 2875 Casanova:
1159 2841 2445 2941 Gern legt' ich, eh' zu scheiden mir bestimmt,
1154 2920 2456 3022 Mich Ihrer holden Freundin erst zu Füßen,
1144 3007 2464 3109 So bitt' ich denn, sie schwesterlich zu grüßen.
1141 3075 2804 3209 Ein Bruder ist's, ein Freund, der Abschied nimmt. (26.)
1257 3159 3244 3254 Andrea allein, betrachtet den Brief, verbirgt ihn dann bei sich; zur Türe lints, öffnet sich,
1241 3246 1723 3375 Anina (tritt ein).
2063 3254 2456 3389 Andrea — Anina.
1244 3317 2862 3489 Andrea: Es währte lang, doch ging es-nicht um dich.
1149 3436 2440 3526 Er lieh sich Gold von mir für seine Flucht,
1144 3505 2458 3623 Für die harmlosen Grund er schlau erfunden
1149 3565 2719 3739 Und schickt -- durch mich — dir einen Abschiedsgruß.
1249 3686 1950 3802 Anina (unmerklich lächelnd):
1144 3718 2369 3860 So nehm' ich diesen denn als letzten mit.
1154 3823 2227 3929 Nun laß für eine Weile mich allein,
1151 3902 2303 4039 Daß ungestört ich mich zur Reise rüste.
1238 4000 2000 4105 Andrea (fragend): Wohin?
1257 4039 2685 4190 Anina: Auch wenn ich's wüßte, steht ein Recht
1238 4163 2345 4290 fragen dir nicht zu. Laß mich allein.
4656 464 5096 646 Die Schwestern
3829 609 4379 783 Andrea: Anina!
3850 680 5323 848 Anina (nach rechts): Nun, so geh' ich, wie ich bin.
3852 785 5296 957 Andrea: Und was mir Casanova sonst erzählte,
3781 885 4912 1049 Bekümmert nicht im mind’sten dich —?
4941 917 5249 1043 Ich denke
4495 1017 5254 1136 (auf den offenen Sekretär deutend)
3863 1004 4137 1138 Anina:
3776 1067 5296 1225 Du sprachst die Wahrheit — wie der Anblick weist.
3758 1194 5283 1315 Und wär' es etwa doch um mich gegangen —
3781 1220 5307 1383 Was kümmert's mich? Neu fängt mein Leben an.
4472 1318 5046 1436 nicht er, nicht du.
3784 1352 4411 1476 Und keiner ist darin
4461 1339 5349 1486 (Etwas heftiger, aber noch immer ruhig)
3784 1449 5151 1597 Laß mich allein, schon zweimal bat ich dich —
3792 1512 5180 1673 Bis ich, was mein ist, mir zusammenfinde.
3905 1565 5881 1758 (Beim Schrank, hat ihn geöffnet, beginnt Wäsche= und Kleidungsstücke herauszunehmen.)
3900 1618 6021 1855 Andrea betrachtet sie, wie sie beginnt, ihre Sachen in den Koffer zu packen; nach einem Zögern.
3818 1784 4585 1892 mit dem Brief, den er ihr hinwirft):
3805 1800 5420 1992 Nimmst du, was dein, mit dir, — so nimm. auch dies.
3918 1924 4938 2037 Anina (mit großem Blick. höhnisch, bitter):
3810 1974 5594 2119 Dafür das Gold — ein Handel? — Schmach und Torheit!
4677 2066 5196 2166 (Mit Finkender Stimme)
3826 2111 5270 2277 Nun frag' ich wo die Torheit, wo die Schmach!
3916 2158 5549 2343 Andrea: Nicht da, nicht dort. Freiwillig gab er ihn.
3934 2256 5678 2427 Anina: Wie du dein Gold. Ein Handel bleibt es immer.
3837 2366 4754 2516 Wie kommst du zu dem Brief
4772 2374 5452 2561 Was kümmert’s dich?
3945 2477 4448 2593 Andrea (spöttisch):
3834 2548 4614 2688 Neu fängt dein Leben an.
4635 2538 5307 2706 Du brachst dein Wort
3937 2643 4187 2738 Anina:
3945 2640 5568 2825 Andrea: Hab' ich geschworen, daß ich nicht ihn frage,
3871 2754 5180 2901 Warum er Golds bedarf, warum er flieht?
3855 2854 4709 3012 Von dir war nicht die Rede.
4711 2867 5249 3020 Und mein Brief?
3955 2951 4208 3054 Anina:
3960 2925 5721 3133 Andrea: Dein Brief? Du weißt's und ich, er aber nicht.
3876 3091 5175 3215 Er glaubt, Flaminia war es, die ihn schrieb.
3966 3191 4495 3288 Anina (steht starr).
3974 3170 5771 3360 Andrea: Denn sie, so glaubt er, war es, die sein harrend —
3881 3320 5046 3454 Wie's zwischen ihnen abgeredet war —
3889 3381 5360 3518 Ins Dunkel leuchtend nachts am Fenster stand; —
3887 3489 5296 3628 Und glaubt, daß sie die Seine war heut nacht.
3981 3520 5702 3700 Anina: Und glaubt auch diesen Brief von ihr? Warum
3881 3636 5267 3784 Hätt' ihm Flaminia solchen Brief geschrieben?
4003 3686 5536 3879 Andrea: Ihn vor des Gatten Rache zu bewahren.
3997 3815 4738 3971 Anina: And weiter —?
4764 3829 5839 4008 Weiter nichts. Du wirst verstehen,
4003 3918 4282 4010 Andrea:
3910 3937 5046 4129 Daß ich es unterließ, ihn aufzuklären.
5570 4169 5742 4335 an Gännerin:
5478 4303 5879 4482 18 AUG. 1919
