5272 4008
1652 466 1830 595 74
908 545 2460 711 ANDREA: Die Jüngere ist verlobt — die Ältre frei —
997 707 1851 810 SANTIS: Mit wem verlobt?
1778 763 2470 879 Gleichviel, ich kürze ab.
1003 779 1594 897 ANDREA (ärgerlich):
937 860 1488 972 Die Ältre also —
1532 931 2315 1026 Die noch nicht verlobt —
997 947 1297 1047 SANTIS:
1015 1022 1932 1144 ANDREA: Die frei, ist, ja doch.
1735 1096 2112 1206 Und wie alt?
1009 1111 1322 1212 SANTIS:
1975 1173 2472 1283 Kaum neunzehn.
1009 1192 1345 1291 ANDREA:
1009 1252 1921 1384 SANTIS: Just wie mein Lord.
1778 1318 2466 1463 Der nicht hierhergehört.
1003 1351 1345 1447 ANDREA:
1003 1428 1523 1550 SANTIS (lachend):
947 1507 1432 1616 Ich lud ihn ein.
1556 1569 2360 1693 Doch nicht in die Novelle.
1009 1602 1360 1703 ANDREA:
1009 1675 1714 1788 SANTIS: Ich höre zu.
1606 1743 2278 1847 Doch stumm, ich bitte.
1009 1761 1360 1865 ANDREA:
2286 1811 2458 1927 Gern
1020 1840 1322 1944 SANTIS:
1020 1921 1523 2016 ANDREA (rasch):
955 1989 2191 2093 Da stellt sich eines Tags ein Jüngling ein,
968 2070 2186 2190 In den die Ältre zärtlich sich verliebt —
966 2143 2300 2290 Wie er in sie; doch da man streng sie hütet
1026 2244 1774 2350 SANTIS: Wer hütet sie?
1681 2319 2472 2441 Die Mutter ohne Zweifel.
1020 2325 1366 2427 ANDREA:
960 2404 1683 2514 Der Vater ist längst tot
1880 2454 2472 2582 Er ruh' in Frieden.
1020 2489 1322 2584 SANTIS:
1020 2561 2470 2661 ANDREA: So mangelt’s an Gelegenheit den beiden —
1026 2649 2476 2742 SANTIS: Gelegenheit? — Man macht sie, wenn
2217 2713 2479 2825 sie fehlt.
1020 2794 2112 2957 ANDREA: Bei Tag ist sje bewacht —
1842 2877 2483 2993 Doch in der Nacht —?
1026 2893 1337 2993 SANTIS:
1018 2937 2477 3098 ANDREA: Teilt mit der jüngern sie das Schlafgemach
1030 3053 1958 3189 SANTIS: Mit der verlobten —?
3664 340 3875 537 75 —
3792 479 4481 630 Jüngern. Ja, ich sagt’ es,
3525 512 3674 622 G.C.H.F.P
3036 522 3407 630 ANDREA:
3030 587 4041 723 SANTIS: Wer ist der Bräutigam?
4056 659 4499 771 Ein Edelmann.
3042 684 3388 792 ANDREA:
3034 759 4020 858 SANTIS: Wann ist die Hochzeit?
3807 825 4485 941 Beide Schwestern warten
3036 846 3384 949 ANDREA:
2964 918 4253 1030 Des feierlichen Tags mit gleichem Sehnen.
2984 984 4507 1111 Sehnsücht'ger noch der Nacht; denn wenn die eine,
2963 1071 4253 1175 Die jüngre, neuvermählt dem Gatten folgt,
2990 1171 4201 1272 So wird im schwesterlichen Schlafgemach
2984 1235 4253 1349 Die andre — endlich ungehemmt und frei,
2995 1318 4331 1436 Ans durst’ge Herz den Heißgeliebten pressen.
2978 1389 4510 1500 Doch — noch erwähnt' ich’s nicht — von schlechten
4290 1484 4501 1592 Sitten,
2990 1585 4265 1699 Gefürchtet und verhaßt war jener Jüngling
2990 1641 4360 1774 Den Weibern freilich nicht — Und also kam’s,
2993 1730 4205 1836 Daß er zur Hochzeit nicht gebeten ward;
3013 1818 4230 1927 Ja daß, um jeglichen Verdacht zu wehren,
2993 1892 4362 1985 Schon Tage früh’r dem Ort er fern sich hielt.
3067 1975 3765 2085 SANTIS: Dem Ort —?
3583 2037 4510 2155 Wo sich begibt, was ich berichte.
3061 2060 3393 2166 ANDREA:
2990 2133 4130 2244 Erst mitternachts, wie’s abgeredet war,
3007 2224 4311 2309 Auf leisen Sohlen naht er sich und schleicht
3007 2288 4337 2427 Durch dunklen Park den wohlbekannten Weg
3013 2391 4464 2491 Zum Fenster, jenseits dem das Glück, er weiß es,
3019 2450 4309 2568 Das längstersehnte, das versprochne wartet.
3030 2545 4476 2632 Und also kühnen Schwungs in Duft und Dämmer
3011 2622 4346 2715 Des bräutlichen Gemachs taucht er den Fuß.
3019 2694 4518 2800 Doch was er nicht weiß und nicht wissen kann —
3040 2787 4458 2883 — Kein Bote traf den allzu gut Verborgnen —,
3022 2864 4331 2992 War dies, daß die Vermählung aufgeschoben,
3030 2961 4176 3078 Weil ein Ereignis von besondrer Art —
