6104 4760
1444 435 1930 564 Arthur Schnitzler
536 532 2101 701 So dämmr' ich hin; — als aus des Gartens Stille
559 650 2039 783 Verfänglich Rauschen an mein Ohr sich drängt; -
549 735 2010 857 An Busch und Zweigen streift ein Mantel hin -
559 815 1847 927 Und unter Flügelschritten knirscht der Kies.
572 921 2042 999 Da schreck' ich auf. Wer kann es sein als du —
566 961 2033 1115 Zum Fenster hin. Ein Leuchten fällt ins Dunkel
566 1075 1959 1222 Von meinem Leib. — Und fahl im Lichte steht
578 1180 1951 1284 Ein Mann in meinem Blick, der du nicht bist.
585 1275 1978 1366 Ich — und mir ist, als löscht' ich so mich aus
559 1334 1835 1448 Enteile rückwärts in der Wände Schatten,
578 1438 842 1556 Er aber
669 1499 1301 1643 Andrea: Casanova?
1324 1533 1628 1685 Casanova.
673 1594 929 1695 Anina:
680 1645 2141 1797 Andrea: Den du in deines Leibes fahlem Glanz
559 1748 859 1862 Erkannt?
671 1805 1974 1930 Anina: Er war’s. And eh’ die Lippen mir
572 1906 1790 2016 Zu einem Schrei sich auftun, hat er über
572 1995 2039 2077 Die Brüstung ins Gemach sich frech geschwungen,
572 2063 1676 2170 Ist mir so nah, daß über meine Lider
572 2122 1833 2244 Sein Atem weht, daß seiner Pulse Beben
566 2225 1921 2337 Den meinen sich gesellt; — in seinem Hauch
578 2297 2039 2403 Der kühl und heiß zugleich — kein Kuß, viel eher
572 2373 2006 2476 Ein Flüstern ohne Wort, ein Flehn, ei Dann -
578 2457 1928 2563 Doch endlich, ach, von meinem Mund ersehnt,
572 2542 1974 2662 Zum Kusse wird — löst all mein Sein sich auf,
578 2626 1856 2728 Und auf den Traumeswellen dieser Stunde,
572 2696 1839 2789 Vergangner nicht, zukünft'ger nicht bewußt,
578 2787 1856 2901 Treibt es, wie von sich selbst befreit, dahin.
1598 2859 1786 2930 (Pause.)
572 2897 1801 3021 Als ich erwachte in des Morgens Grau'n
572 2996 1816 3095 War ich allein und lag mit offnen Augen
572 3066 1873 3177 Und wußte wohl: was diese Nacht geschah;
585 3158 1936 3245 Nicht andern nur, mir selbst, Andrea, wär' es
578 3226 1963 3325 Vor wenig Stunden noch wie schwerste Schuld
578 3306 1974 3408 Und nicht nur wider dich als Schuld erschienen.
585 3391 1938 3498 Und doch — war meine Seele leicht und froh
585 3460 1976 3570 Dies aber ließ mich staunen mehr als schauern.
591 3551 1778 3652 So ganz in dir beschlossen gestern abend,
593 3627 1786 3718 Daß der Gedanke nur, ein andrer Mann
595 3703 1744 3809 Berührte meine Hand unlautern Sinns
591 3779 1921 3887 Mit Ekel mich erfüllt, — und morgens drauf
595 3864 1778 3975 Aus eines Fremden wildester Amarmung
585 3950 1843 4060 So reulos wie aus Kinderschlaf erwachtön!
4098 469 4533 597 Die Schwestern
3192 572 4480 714 Unfaßbar gestern noch — und heut erlebt?
3186 690 4366 783 Und fühle mich die gleiche, die ich war,
3192 773 4271 878 So unverwandelt und so unverwirrt
3192 857 4379 948 Und deiner Zärtlichkeit so wert, Andrea,
3186 912 4624 1030 Als müßte, was ich grausam dir an Schmerzen,
3209 1007 4455 1113 Was du an Zorn mir vielfach wiedergibst,
3203 1079 4385 1203 Vor dem geheimnislosen Wort verwehn
3194 1149 4611 1298 Das dir bekennt, was man verschweigen konnte.
3291 1241 3986 1345 Andrea (Geste des Hobns).
3281 1298 4898 1446 Anina: Wie leicht ist Lüge, da sie doch willkommen.
3203 1398 4404 1514 Vergib, daß ich zu bieten sie verschmäht.
3298 1467 4995 1602 Andrea: Nun hört' ich dich. Und wieder frag’ ich nur,
3186 1550 3997 1691 Warum verweilst du noch?
3281 1643 3551 1752 Anina:
4026 1613 4636 1767 Weil nichts geschah.
3291 1712 4242 1852 Andrea: Hohn zum Beschluß
3298 1801 3555 1898 Anina:
4277 1782 4964 1936 Nur dir gehör' ich an.
3298 1879 4191 2006 Andrea: Doch warst du sein
3291 1959 3543 2069 Anina:
4210 1932 5139 2061 Die Stunde kehrt nicht wieder.
3298 2044 4974 2172 Andrea: Das ist der Stunden Art. Jedoch von jeder,
3186 2105 4641 2244 Gleich wie von jeder Herberg', drin du wohntest,
3192 2185 4415 2310 Und ging in Flammen hinter dir sie auf,
3196 2284 4493 2396 Trägst den Geruch du ewig in den Haaren.
3186 2354 3895 2466 Und jene Stunde war.
3298 2436 4467 2550 Anina: (sich ihm nähernd): Doch diese ist.
3298 2491 4879 2610 Andrea: Und andre werden kommen. Und in keiner
3281 2593 4432 2715 Und wären tausende mir zugemessen —
3203 2677 4301 2800 Vergäß' ich je, daß ich in einer dich
3192 2749 4558 2850 Und war sie auch halb Rausch, halb Überfall,
3203 2857 4588 2954 Und schwände sie durch Zauber deinen Sinnen
3203 2926 4229 3030 Daß ich in dieser einen dich verlor.
3203 2994 4480 3097 Was hilft's, daß du ihn eilig fortgeschickt?
3203 3082 4558 3175 Nimmt er nicht die Erinn’rung dieser Stunde,
3203 3156 4598 3262 Den Duft von deinem Leib, von deinen Küssen
3196 3249 4552 3353 Den Nachgeschmack, der Seufzer Monnehauch
3203 3315 4343 3399 Auf seine Reise mit — und führte sie
3192 3401 4605 3500 Ihn übers Meer und in die fernsten Lande —
3203 3475 4569 3593 Bist du seit heute nacht von all den Weibern,
3196 3564 4592 3669 Die er zur Lust sich nahm, nicht eine mehr —
3196 3625 4497 3728 Und wenn der holde Zug besiegter Schönen
3203 3712 4379 3807 Vor seinen Augen nackt vorüberschwebt,
3209 3807 4345 3891 Ist unter ihnen nicht Andreas Braut?
3196 3872 4588 3969 Und wenn zur Kurzweil trunkner Tischgenossen
3203 3963 4533 4083 Er schamlos schwätzt von seinen Abenteuern,
