6248 4792
1660 450 2155 610 Arthur Schnitzler
1904 553 2718 722 Sie werden gleich verstehn.
876 592 1219 707 Casanova:
781 660 2013 814 Nur bitte, schließen Sie das Fenster erst.
884 762 1615 876 Andrea (schließt das Fenster).
871 854 2038 941 Casanova (verneigt sich dankend, tritt nach vorn):
781 901 2247 1030 Nun mein Ersuchen, das — ich leugn’ es nicht —
774 998 2073 1122 Nach vierundzwanzigstündiger Bekanntschaft
789 1080 2058 1185 Verwegen schiene — ständ' ich Ihnen nicht
781 1160 2056 1272 Nach eigenem Gefühl als Freund genüber
786 1237 1966 1349 Und wie gebotne Hand den Gegendruck,
786 1304 2315 1451 So fordert Freundschaft Freundsthaft zum Entgelt.
1563 1396 2222 1486 (Er streckt ihm die Hand hin.)
888 1434 2255 1546 Andrea (ergreift sie zögernd und läßt sie gleich wieder los).
893 1541 2454 1672 Casanova: Auch daß ich Sie Kollegen heißen darf
893 1615 1767 1727 Andrea: Sie sind Student?
884 1690 2379 1829 Casanova: Ich war's. Ich bin's. Und glaube
774 1770 2073 1877 In höherm Sinne werd' ich's immer sein.
884 1867 1926 1976 Andrea: Student der Rechte —?
1946 1884 2461 2061 Und Philosophie.
884 1941 1224 2043 Casanova:
791 1981 2170 2113 Zwar nach den Regeln nicht, jedoch mit Eifer.
888 2098 2466 2183 Andrea: Sie weilten an der Schule von Bologna?
884 2158 2606 2285 Casanova: Von Padua. Doch war's mir nicht gegönnt,
799 2250 2342 2352 Vom Born der Weisheit recht nach Lust zu trinken.
804 2342 2078 2441 Denn halb aus Laune, halb zum Unterhalt
804 2417 2026 2539 Spielt' ich des Abends im Orchester mit.
893 2489 1558 2603 Andrea: Die Geige?
886 2566 1247 2680 Casanova:
1580 2539 2568 2698 Ja. Und Sie sind Flötenbläser?
901 2646 2367 2785 Andrea (etwas befremdet): Wie kommen Sie darauf
2387 2690 2914 2852 Der Lippen leicht
893 2725 1242 2835 Casanova:
791 2772 2203 2939 Geschwungne Form verrät's dem Kenner gleich.
799 2879 1468 2999 Sie lieben die Musik?
901 2952 2093 3071 Andrea (ablebnend): Wer liebt sie nicht?
901 3041 2230 3171 Casanova: Sehr wahr. (Beginnt zu deklamieren.)
1660 3123 2748 3255 O, Himmelstochter, die von Sternen
791 3171 1429 3332 Zu Sternen schwebt
891 3288 1182 3397 Andrea:
1503 3263 2066 3417 Wie meinen Sie?
893 3370 1468 3479 Casanova (lächelnd):
2083 3350 2392 3492 's ist nur
781 3429 1506 3584 Der Anfang einer Ode.
1516 3524 1792 3649 Von —
898 3524 1185 3634 Andrea:
1824 3591 2120 3738 Von mir.
898 3604 1249 3716 Casanova:
901 3651 1782 3810 Andrea: Sie machen Verse?
1842 3728 2496 3895 Nicht der Rede wert.
893 3761 1242 3877 Casanova:
786 3820 2133 3960 Da plaudr' ich nun, dieweil mir unterm Fuß
804 3887 2307 4059 Der Boden brennt. Zur Sache denn, Herr Bassi.
4271 421 4716 575 Die Schwestern
4383 595 4637 682 (Rasch.)
3367 650 4848 767 Ich reise ab. Ich muß. Aus trift'gen Gründen.
3362 742 4709 856 Und zwar sofort. Und mir liegt viel daran,
3362 844 4709 931 Herrn von Gudar, was ich ihm schuldig bin,
3367 898 4517 1008 Eh' ich den Ort verlasse, rückzustatten.
3370 983 4791 1095 Er ist nicht reich. Sie sind's und hatten gestern
3380 1073 4763 1160 Viel Glück im Spiel. Und also bitt' ich Sie
3367 1137 4696 1264 Ein Edelmann den andern —, mir zu leihn,
3380 1239 4632 1317 Was ich an ihn, was er an Sie verlor —
3367 1312 4768 1411 Und was ihm viel, was Ihnen nichts bedeutet.
3474 1351 4836 1521 Andrea (böhnisch): Ihr Ernst, Herr Casanova?
4843 1406 5281 1575 Meine Späße
3474 1458 3813 1575 Casanova:
3367 1536 3800 1660 Sind witz'ger.
3464 1588 4806 1730 Andrea (wie oben): And Sie könnten glauben
4861 1658 5127 1787 Tausend
3482 1697 4032 1804 Casanova (sachlich):
3365 1770 4597 1869 Dukaten rund. Es bleibt ein überschuß,
3392 1857 4649 1951 So wenig Sie auf solchen Bettel anstehn,
3392 1944 4627 2036 Von fünfzig, den ich Ihnen bar bezahlte.
3380 2008 4637 2098 Den Wechsel, fällig binnen dreißig Tagen,
3392 2103 5388 2203 Hab' ich schon ausgestellt. Hier (auf die Unterschrift deutend): „Casanova“,
3385 2165 4739 2260 Mein Namenszug. Ich schwöre, daß er echt.
3474 2250 4594 2369 Andrea: Doch ausgestellt auf wen?
4622 2290 5192 2436 Auf mich natürlich.
3484 2334 3828 2436 Casanova:
4432 2387 4982 2514 Lausin in Brüssel,
3380 2412 4343 2521 Wem trau' ich sonst? Obzwar
3380 2499 4796 2586 Auch Herr Raspetti, der Bankier in Mailand
3392 2568 4671 2663 Von andern zu geschweigen — löst ihn ein.
3385 2603 4863 2748 Doch wünscht' ich's nicht; mir wär' es eine Ehre,
3457 2715 4542 2822 Mit Zinseszins nach abgelaufner Frist
3410 2805 4651 2934 Persönlich Ihnen meine Schuld zu zahlen.
3474 2884 4325 3001 Andrea (den Wechsel betrachtend):
3367 2954 4024 3076 In dreißig Tagen..
4044 3039 4851 3146 Ja, hier steht's geschrieben.
3474 3046 3853 3141 Casanova:
3385 3096 4716 3223 Doch schließ' ich zeitigern Termin nicht aus.
3494 3178 5264 3330 Andrea: Und wie — verzeihn Sie, ich bin nicht vertraut
3380 3278 4012 3387 Mit Geldgeschäften
4092 3313 4731 3484 Unter Ehrenmännern
3474 3367 3838 3462 Casanova:
3380 3425 4149 3564 Genügte wohl das Wort.
4159 3477 4701 3624 Gewiß. Jedoch
3487 3524 3798 3626 Andrea:
3487 3561 5177 3718 Casanova: Sie wollen Sicherheit. Das muß ich loben.
3385 3693 4512 3778 Ich gebe sie und zehnfach für einmal.
3380 3765 4923 3858 Der Wechsel wäre eins. Zum zweiten trag' ich
3385 3855 4689 3945 Den Namen Casanova. Doch Sie fragen,
3392 3907 4637 4062 Wo nimmt so rasch er die Dukaten her?
