5943 4249
2727 485 4148 732 Mannheim, 20. August 1915.
2353 1046 3179 1217 Sehr geehrter Herr!
1939 1457 4272 1611 Ich teile Ihnen höflichst mit, dass der hiesige Stadtrat in
1634 1598 4255 1731 seiner gestrigen Sitzung beschlossen hat, Herrn Dr. Hagemann
1628 1715 4298 1848 unter der Voraussetzung, dass er von seinem militärischen Dienst be-
1641 1828 4298 1989 urlaubt wird, als Indentanten des Hoftheaters in Aussicht zu nehmen.
1955 1972 4158 2136 Wenn ich es daher auch in Ihrem Interesse bedauern muss,
1634 2072 4275 2199 dass Ihre Bewerbung hiernach erfolglos geblieben ist, so möchte ich
1050 2219 1240 2366 000:8
1641 2206 4288 2346 doch nicht unterlassen, Ihnen mitzuteilen, dass seitens der Kommis-
1641 2350 4265 2490 sion die Ihnen von hervorragenden Fachmännern ausgestellten vorzüg-
1645 2450 4325 2614 lichen Atteste und Empfehlungen als wahrhaft glänzende anerkannt wor-
1641 2614 4329 2738 den sind. Herr Dr. Hagemann ist einzig aus dem Grunde Sieger geblie-
1645 2727 4145 2881 ben, weil er sich während vieler Jahre - auch an unserer Bühne -
1641 2871 4278 3022 als hervorragender Theaterpraktiker bewährt hat, Vielleicht kommen
1634 2978 4298 3139 Sie künftig einmal als Autor auf unserer Bühne zu Wort, was herzlich
1628 3122 3466 3312 freuen würde, Ihren hochachtungsvoll ergebenen
3232 3252 4111 3406 Oskar Grohe m.p.
2570 3366 4389 3550 (Stadtrat und Vorsitzender d.Theaterkommission)
114 3770 475 3934 G.C.F.P0X
1504 3904 1758 4095 G.C.F.P.
4492 414 4716 562 G.H.F.P.P
5234 548 5472 705 ochterre
4449 521 4750 695 G.C.F.P.
4459 662 5478 829 mais il y a eu deux ou de mai
5024 775 5495 966 844.64
4509 799 4713 979 oice.
4566 929 4850 1100 G.C.F.P.
4934 933 5468 1090 décrire avec les
4509 1066 5498 1200 xxxs: ruexxxxI S20:2-
5231 2453 5465 2597 sseint
4509 2437 4800 2607 G.C.F.P.S.
4529 2570 5114 2754 Monsieur, qui n'y ai
5238 2587 5462 2738 838.9
4506 2707 4720 2858 or Co
5234 2707 5488 2858 844.64
4522 2818 5498 3018 et „Iußa soo’.ee
4536 2978 5502 3139 saos: Jugeepljnt 320’.2
4566 3663 4763 3750 G.H.F.P.
4542 3734 4760 3968 Pour Votre
