7432 5048
257 596 3226 991 Schöps. Aise, mein Fleisch! (Hebt es auf.
240 841 3462 1141 Kirche. Ein schönes Rück. Wie von kostet
305 1004 1407 1321 Das Pfund?
279 1137 3556 1553 Scheingf. Sich, das Tuch. ist vom Fleisch ganz
339 1369 1274 1634 fett!
378 1463 3561 1828 Wuzel. Ich weiß was! durch Wind wird
412 1673 3608 2016 alles trocken. Ich werd Sie anblasen,
339 1879 3518 2141 Herr Richter! E Nimmt das Korn,
352 2003 3466 2360 bläßt, aller Streu sand flüxt dem
395 2257 1900 2535 Schempf ins Gesicht.
425 2385 3707 2716 Schimpf. Halt heut der Teufel seinen Anzug
438 2553 2767 2883 Sitz komt mit einem Handluch.
429 2737 2754 3076 Schnauf (w isch (sich ab) Eudlich.
455 3076 3591 3432 Schnupf. Da nunmehr alle etwaige
468 3256 3544 3578 wirkliche Nebenumstände glücklich
442 3393 3483 3732 befziligt waren, können wir das
442 3608 3531 3874 Gericht beginnen! In dieses Mannes,
446 3801 3664 4097 Sprinz inbfeld benannt, - Tasche ward
463 3960 3737 4311 gefuhren dieses Buch! Fiedes benamset.
382 4127 3651 4474 Von einem gewissen Schiller. Da
459 4354 3681 4668 dieser käme ganzlich unbekannt ist.
2441 4483 3672 4728 Décretaire avec l'accembre
1373 4500 2171 4796 F.T.K.S.
3724 429 7078 704 und republikanisch ein sehr spanisches Wor¬
3719 545 7036 918 ist, überhaupt diese ganze Komödi da
3797 712 7087 1090 aus dem Chinesischen zu stammenscheine
3810 888 7181 1334 wird dies der Vergessenheit anheimgegeben
5693 1111 6508 1360 sache harten,
3882 1171 5105 1463 (Wirflsweg.)
3891 1278 6988 1630 Hierauf! - Wilarius Schöps und Blasius Krall haben diese
3749 1321 3973 1519 18/4
3818 1484 7207 1849 beiden. Franz von und Sudwig Grägersfeld bei einer
3822 1686 5191 1969 Rauferei ertappetet:
3822 1832 6898 2115 Aanz. Na wenn der Schlackel meine Liefel tüsst!"
3818 2025 7160 2299 Linsel.  Ässen will 1. Und da hat er immer und Rovia
3822 2235 4414 2484 gerufen.
3835 2312 6263 2643 Schöps Krall. Und bei uns Donner und Schreoria.
3844 2548 5929 2771 Ließel. des werden seine Glübten sein!
3861 2716 7151 2969 Schnippf. Derohalbo erhellet folgerichtig natürlicherweise wie
3861 2814 7254 3170 man leichtlich zuerkennen vermöglich ist und sich aus dieser
3878 3024 7259 3342 Zeugen Aussagen ergiebet, daß es sich von selbst ver¬
3835 3187 7280 3501 steht, daß dieser Herr imümlichen Geschlechtes, Fuderig Schmerzins
4131 3398 4590 3574 Abenampt
3870 3329 7229 3677 feld, eine sittenlosigen, ungesittlgtereicht gesitteter Mensch
3844 3535 7220 3891 2/2. Dahero wo füro zwölf Monate, oder 365 Tage, der wie
3814 3741 7173 4084 man noch sagt 1 Jahr oder endlich sie aufünfzig. Wochen
3848 3900 7229 4234 eingesperretet geworden sein werden hat das angeklagete
3904 4054 6800 4449 vielleichtlich im causa der Stadtweg vorzutragen?
