7384 5000
5310 161 5526 398 35
3653 407 6966 792 Lackstr. Aber nur nicht so aufgeregt; Er es konnte Sie der Schlag
89 538 1551 924 Sehr Haarfärk mittel!
93 708 3509 1102 Spr. die kamen sie selber und trauw sich davon
3665 657 5767 1009 treffen, noch bevor ich Sie todtsteiche!
3691 775 7085 1127 Rittersp. Lackstiefel! Du hast recht. das war ein Ausgaben
97 898 2068 1267 zu sprechen. Dönnen und darin!
3754 983 7034 1326 von Grein, das man selbstam Freude leben muß
110 1047 3445 1403 Kunde. Knebelt sich den Hart, bewustert sich recht wahlsfällig. ver¬
93 1195 3454 1606 das gesicht zuverfüßlichen Miene, überhaupt ist er uns ausge¬
3759 1229 4441 1517 doch jetzt!
3767 1373 5293 1674 Lackst. Aber nicht stark!
3996 1538 6996 1814 (Sie Fechten sehr langsam, Rittersporn wird
72 1513 1017 1750 machter Narr!
161 1530 3165 1937 Spr. Ein ausgemachter Narr! Das bin nemlich nicht
3797 1665 7026 2034 endlich schneller u. schlägt dem Lackst. den gegen
199 1767 2759 2110 Rottchen. Ach, da kommt der schöne junge Mann
3805 1907 4860 2170 an der Hand.
275 2004 1449 2259 hilde. Da kommt er:
3839 1992 7140 2360 Lackst. Himmel! Nicht so stark! Sie wissen glaub, ich
195 2140 1801 2441 Lottchen. Er, den ich liebe!
3873 2199 5835 2559 gar nicht, daß das meh thute
258 2301 2026 2593 Pilda. Was du liebst ihn!
3949 2318 7140 2674 Hilde wirft sich mir Rittersy, Lottchen u. Leukl Bruder
208 2483 2250 2818 Lottchen. Oh ihn nicht zu lieben.
229 2610 3127 2924 Hilda. Den, der rechts von dem andern geht?
3898 2559 5009 2860 Beide. O halte Dein!
3920 2725 6106 3038 (Unarmung zwischen beiden Raaren)
225 2805 3555 3136 Löttchen. Mein, den der Rücks an den andern geht!
242 2970 3576 3343 Hilda. Sonst ha das Kaia dir rechts Sonst war es du
3886 2958 4988 3242 Dackst Ritt. O Hida
3882 3098 5759 3424 Wittchen. Ich heiße Lottchen.
216 3136 3059 3471 nicht lebend von mir wieder fortereist!
3873 3216 7200 3509 Lackst. Jetzt versteh’ ichs, beide ginget gesandet
246 3335 3589 3665 Spr. 5 dehn Meschen! Dann und Dirn. Also Rittgen,
3873 3437 7187 3721 Und jeder glaubter seine angebetete hießen Hilda und Geliebte
250 3521 3619 3898 Lackstefel! Donner und deria zum ersten zum zweiten
3839 3564 6572 3979 heißt die Lottchen, so heiße ich Lackfiesel.
3026 3682 3398 3971 F.T.K.
267 3725 2076 4081 und zum letzten Mal
5115 3759 5983 4047 4. Auftritt
1551 3903 2343 4102 6. Auftritt
4030 3937 5721 4271 Vorige. Franz. Liese
424 3949 3619 4352 Vorige, Rittersporn, Lackstehel
2987 4153 3589 4509 Verfluchter
4034 4174 4860 4479 Franz Stofe
263 4246 3009 4602 Ritterh. Jetzt stehst du mir Rechenschaft
