7368 4920
3736 188 6244 580 zu dann! Donner und Doria! (Ab)
246 359 3581 680 Geringin Feld. Zlabe die Ehre, — (Nachdem beide Vorl.
334 509 3539 856 Höl sie der Teufel, Deiner u. Doris doch ich höre Schwitte,
5046 601 5668 876 Auftritt.
4395 751 7104 1014 Von der einen Seele Ritterspöre. von der anderen
288 730 3427 1006 tus dem Pause an ihr. kein zweifel, stilda.
3786 906 7024 1202 Lackstiefel mit 1. mit einer Blarfe 2. mit seiner Zeige¬
2659 876 3564 1177 Er thut es.
342 918 2454 1302 Ich will mich schlafend stellece.-
3882 1077 7058 1402 Æs wird angenommen, daß sie auf entgegengesezten
3832 1210 6983 1599 Reiten des Hauses befindlich sich weder sehen noch
1590 1240 2429 1515 7. Auftritt.
1144 1365 3176 1707 Voriger. Diese aus den Hause
3857 1503 4420 1795 hören.)
296 1548 3652 1924 Läße (f. h.) kein, das gnädige Träulein hat mir die Ausstattung
4858 1615 5672 1870 Rittersporn.
371 1745 3594 2095 versprochen. Sum kann ich meinen Franz Privaten. Nun,
3823 1778 6398 2083 du Mädchen, da oben in goldener Sracht,
334 1903 3114 2195 wer liegt denn da?! - Gott ich liebe ihn so.
3894 1999 5497 2250 Vör meine lieblichen Worte.
3886 2095 6453 2463 Es schallt mein Liedelein dürf die Nacht
359 2070 3627 2433 Djes f. (E. Z. die Augen geschlossen.) Sie liebe ich! Hilda liebt auch!
196 2283 2855 2625 Dese. Nro. ich muß mich auch auf die Bank setzen. (Theil er.
3907 2308 6094 2571 ihr dem tausendfach heiligen Orte
3936 2463 6144 2821 Ich liebe dich herzlich du gutes Kind
422 2517 1578 2809 Sprf (umarent sie)
4007 2646 7175 2959 Ich liebe doch wirklich ganz schrecklich, mußt du nun wissen
397 2709 1231 2951 Auß (schreit)
434 2809 3665 3101 Ipr. (schlägt die Augen auf.) Donner und Dorca
4040 2842 6173 3139 Bist schöner als alle andern sind:
3948 2993 6240 3339 de bist wahrhaftig zum Küssen.
488 2972 2817 3331 Ich ist Hilda nicht! Dann im 'Davia!
426 3134 3481 3464 Kiese. Das muß i mein Franz sagen. Der Haus
4892 3189 7045 3652 Lackstiefel (auf der andern Seite)
488 3360 1707 3694 den durch -Uhr.
3978 3531 5923 3844 Zu dir sie auf, zu Deiner Thür
518 3498 2179 3844 Hoch Donner und doria
472 3702 3535 3998 Leise. A schnokischer Masch. Statt dauer um
4023 3715 6156 4036 Da schallet mein liebluses Geigen.
530 3848 3564 4195 Blitz sagt der Dauer und Roria. O. das is
4044 3852 6248 4186 Komscheelle herab, komme schnelle zu mir
4044 4032 6123 4437 und lange der Hochzeits reigen.
2212 4044 2525 4282 I am Sir.
647 4061 1866 4399 schen kisch. (Ab.)
563 4178 3706 4558 Sprf. All' a Teufel, muß wir der geradejetzt gessere,
