7384 4952
225 396 1514 676 Kalalatala Zda
279 617 1301 930 Lalalale Zala,
309 784 1455 1109 gulal de la Mala
267 976 1393 1276 Sa Coalalala
1547 1138 2010 1334 Seide.
1068 1205 3286 1518 Ich liebe dich herzlich, die schönes Rund¬
926 1401 3219 1735 Ganz schreckte, das muß 1 du wissen
926 1580 3353 1893 bist schöner als alle andere sind.
746 1760 3261 2127 Du bist wahrhaftig zum küssen?
1034 1947 3661 2285 (Auf das u inlässen ein langmachtig
425 2102 3640 2456 ger Teiller. Während der letzten Worte ver¬
350 2339 1985 2640 wandelt sich die Sonne.)
1393 2660 2590 2982 Cin Zimmer.
726 2836 2456 3165 9. Auftritt. Hilda - Lottchen.
913 2965 3494 3323 (Man hört die Worte der Siegenden.)
484 3219 1889 3511 Hilda. Was ist das?
659 3357 3503 3670 (die gehen zu verschiedenen Fenstern.)
584 3507 3073 3799 Beide (Für Töf) Ach, wie schön er ist?
609 3682 3653 4028 (die beiden Truntern) (du bist warfaftig zum
621 3932 1205 4166 Küssen
617 4066 2473 4362 Pöttchen. O ich Siebe ohn.
688 4199 3586 4570 edlda. du liebst ihr. Ich lieb ihn auch.
3678 354 4612 588 Unglückjelige!
4337 450 6084 763 (Sie fangen an zu waufen.)
4637 746 7010 1080 Wieder di vorige and
4800 1122 5571 1339 10. Auftritt
4554 1280 6134 1555 Lackstiefel, Rittersporn.
3799 1364 7001 1789 Beide (singen.) Ich liebe dich herzlich, du schönes Kind,
4107 1568 6889 1947 Ganz schrecklich, das mußt du wissen
4153 1751 6630 2098 bist schöner, als alle andere sind,
6005 1927 6197 2043 1977
4153 1972 6459 2319 Du bist wahrsäftig zum Lösse:
4241 2106 7064 2510 Sie sind bis zur Eike gekommen, so sich
3945 2323 5442 2610 beide nun treffen.
3978 2410 7085 2802 (Lackstiefel stößt mit der Fidel dem
3924 2656 7193 2998 Ritterspöre der die Nähe, während Rittersporn
3907 2831 6897 3111 mit seinem Ellbogen den Lackstiefel stößt.)
3811 3044 5513 3349 beide. Ha was ist das!
3832 3178 5996 3478 Rötter. Wer ist zum Rässen?!
3816 3369 5730 3699 Lackst. Sie keinesfalls!
3886 3511 7231 3849 Ritterspare. Wer hat, auf meiner Nasegefindelt?
3866 3695 7218 3995 Lackstiefe. Wer hat aus seiner Nase Kamer &c
3941 3720 7272 4199 Rittersch. Wenn bring an Sie ein. Kändchen¬
3907 4012 7047 4416 Faitst. Wenn bringen Sie ein Ständchen
