<?xml version="1.0" encoding="UTF-8" standalone="yes"?>
<PcGts xmlns="http://schema.primaresearch.org/PAGE/gts/pagecontent/2013-07-15" xmlns:xsi="http://www.w3.org/2001/XMLSchema-instance" xsi:schemaLocation="http://schema.primaresearch.org/PAGE/gts/pagecontent/2013-07-15 http://schema.primaresearch.org/PAGE/gts/pagecontent/2013-07-15/pagecontent.xsd">
    <Metadata>
        <Creator>prov=READ-COOP:name=TrHtr:version=2.1.0:model_id=51170:date=24_07_2023_20:48</Creator>
        <Created>2023-05-10T11:37:31.861+02:00</Created>
        <LastChange>2023-07-24T20:48:24.350+02:00</LastChange>
        <TranskribusMetadata docId="1428167" pageId="55389194" pageNr="12" tsid="130570765" status="IN_PROGRESS" userId="64420" imgUrl="https://files.transkribus.eu/Get?id=NUVNZFRQUZGXLWDUPMRVAMIW&amp;fileType=view" xmlUrl="https://files.transkribus.eu/Get?id=NLSWZZXULUJUBHPJUXQXRZEC" imageId="44664083"/>
    </Metadata>
    <Page imageFilename="1428167_0012.jpg" imageWidth="7384" imageHeight="4936">
        <ReadingOrder>
            <OrderedGroup id="ro_1711818452195" caption="Regions reading order">
                <RegionRefIndexed index="0" regionRef="tr_1"/>
                <RegionRefIndexed index="1" regionRef="tr_2"/>
            </OrderedGroup>
        </ReadingOrder>
        <TextRegion id="tr_1" custom="readingOrder {index:0;}">
            <Coords points="304,355 3754,355 3754,4450 304,4450"/>
            <TextLine id="tr_1_tl_1" custom="readingOrder {index:0;}">
                <Coords points="1977,463 1998,463 2011,476 2019,467 2031,471 2048,455 2056,463 2090,450 2144,450 2148,292 2106,292 2098,300 2073,284 2040,279 2019,288 1981,288"/>
                <Baseline points="1999,411 2065,405 2154,405"/>
                <TextEquiv>
                    <Unicode>18</Unicode>
                </TextEquiv>
            </TextLine>
            <TextLine id="tr_1_tl_2" custom="readingOrder {index:1;}">
                <Coords points="1335,622 1397,642 1489,576 1543,580 1635,634 1739,576 1902,609 1906,471 1668,371 1639,400 1573,413 1548,396 1410,446 1339,409"/>
                <Baseline points="1360,561 1378,561 1468,555 1557,549 1647,549 1736,549 1826,549 1915,549"/>
                <TextEquiv>
                    <Unicode>Straße.</Unicode>
                </TextEquiv>
            </TextLine>
            <TextLine id="tr_1_tl_3" custom="readingOrder {index:2;}">
                <Coords points="1147,780 1256,818 1477,742 1523,788 1752,755 1927,884 2081,755 2678,742 2682,596 2615,559 2056,559 1840,688 1660,663 1539,576 1155,601"/>
                <Baseline points="1169,758 1259,752 1348,740 1438,746 1527,746 1617,740 1707,734 1796,728 1886,734 1975,728 2065,722 2154,716 2244,704 2333,704 2423,698 2512,698 2602,698 2691,692"/>
                <TextEquiv>
                    <Unicode>Vor dem Gerichte.</Unicode>
                </TextEquiv>
            </TextLine>
            <TextLine id="tr_1_tl_4" custom="readingOrder {index:3;}">
                <Coords points="1289,951 1422,1030 1539,972 1660,1009 1806,955 1898,1022 2056,918 2390,914 2398,768 2261,809 2056,742 1764,843 1560,776 1431,843 1293,826"/>
                <Baseline points="1313,925 1325,925 1414,919 1504,919 1593,919 1683,913 1772,907 1862,901 1951,895 2041,889 2130,883 2220,883 2309,883 2399,883"/>
                <TextEquiv>
                    <Unicode>(Ganz stille.)</Unicode>
                </TextEquiv>
            </TextLine>
            <TextLine id="tr_1_tl_5" custom="readingOrder {index:4;}">
                <Coords points="642,1155 897,1231 1147,1139 1293,1197 1689,1110 2219,1143 2836,1093 2841,980 2569,897 2278,1001 2102,943 1915,1018 1543,968 1422,1030 1322,947 651,997"/>
                <Baseline points="668,1134 698,1128 787,1128 877,1128 966,1128 1056,1122 1145,1122 1235,1122 1325,1116 1414,1116 1504,1116 1593,1104 1683,1098 1772,1092 1862,1086 1951,1080 2041,1074 2130,1068 2220,1068 2309,1062 2399,1062 2488,1056 2578,1050 2667,1050 2757,1044 2847,1044"/>
                <TextEquiv>
                    <Unicode>15. Auftritt. dann kommen.</Unicode>
                </TextEquiv>
            </TextLine>
            <TextLine id="tr_1_tl_6" custom="readingOrder {index:5;}">
                <Coords points="279,1377 2607,1231 2799,1331 3045,1210 3550,1314 3637,1043 893,1235 288,1139"/>
                <Baseline points="304,1342 328,1336 417,1319 507,1307 596,1301 686,1295 775,1295 865,1289 954,1289 1044,1283 1134,1277 1223,1277 1313,1277 1402,1271 1492,1265 1581,1259 1671,1253 1760,1253 1850,1247 1939,1241 2029,1235 2118,1241 2208,1235 2297,1235 2387,1235 2476,1235 2566,1229 2656,1223 2745,1217 2835,1211 2924,1205 3014,1205 3103,1199 3193,1193 3282,1193 3372,1193 3461,1193 3551,1193 3640,1199"/>
                <TextEquiv>
                    <Unicode>Lackstiefel und Rittersporn. Tropf und Wapf.</Unicode>
                </TextEquiv>
            </TextLine>
            <TextLine id="tr_1_tl_7" custom="readingOrder {index:6;}">
                <Coords points="334,1493 1005,1464 1176,1564 1460,1439 1760,1535 1990,1435 2144,1502 2248,1414 2453,1422 2461,1260 1990,1360 1827,1264 1518,1356 1001,1310 822,1427 338,1356"/>
                <Baseline points="358,1468 405,1462 495,1462 584,1462 674,1462 763,1456 853,1456 943,1450 1032,1444 1122,1438 1211,1432 1301,1432 1390,1432 1480,1426 1569,1426 1659,1420 1748,1414 1838,1414 1927,1408 2017,1402 2106,1396 2196,1390 2285,1384 2375,1384 2465,1384"/>
                <TextEquiv>
                    <Unicode>krocht u. kragf. Aufgemacht’s</Unicode>
                </TextEquiv>
            </TextLine>
            <TextLine id="tr_1_tl_8" custom="readingOrder {index:7;}">
                <Coords points="330,1714 1443,1593 1827,1727 2857,1548 3116,1606 3391,1531 3395,1381 2828,1447 2695,1360 1180,1568 964,1460 342,1485"/>
                <Baseline points="358,1623 447,1623 537,1623 626,1629 716,1629 805,1623 895,1617 984,1611 1074,1605 1163,1599 1253,1593 1342,1587 1432,1587 1521,1575 1611,1569 1701,1575 1790,1575 1880,1575 1969,1569 2059,1569 2148,1563 2238,1557 2327,1557 2417,1551 2506,1545 2596,1545 2685,1533 2775,1527 2864,1521 2954,1516 3043,1516 3133,1510 3223,1510 3312,1504 3402,1504"/>
                <TextEquiv>
                    <Unicode>Rutz (von drinnen.) Gesch! gleich. Was p.d</Unicode>
                </TextEquiv>
            </TextLine>
            <TextLine id="tr_1_tl_9" custom="readingOrder {index:8;}">
                <Coords points="338,1827 1414,1781 1514,1835 1627,1769 1860,1781 1869,1627 1577,1702 1343,1598 964,1702 813,1623 592,1744 496,1673 342,1735"/>
                <Baseline points="364,1796 435,1796 525,1802 614,1802 704,1802 793,1796 883,1790 972,1790 1062,1784 1151,1784 1241,1778 1330,1772 1420,1772 1510,1760 1599,1760 1689,1754 1778,1748 1868,1742"/>
                <TextEquiv>
                    <Unicode>Kropf. Gefangene!</Unicode>
                </TextEquiv>
            </TextLine>
            <TextLine id="tr_1_tl_10" custom="readingOrder {index:9;}">
                <Coords points="355,2073 701,2077 872,1973 1210,2081 1535,1965 1760,2048 1915,1940 2144,1994 2298,1923 2457,2040 2674,1944 2678,1756 1898,1760 1610,1898 1397,1781 363,1844"/>
                <Baseline points="381,1987 447,1981 537,1975 626,1975 716,1969 805,1969 895,1963 984,1957 1074,1951 1163,1945 1253,1939 1342,1939 1432,1933 1521,1927 1611,1927 1701,1927 1790,1921 1880,1921 1969,1915 2059,1915 2148,1909 2238,1903 2327,1903 2417,1898 2506,1898 2596,1880 2685,1874"/>
                <TextEquiv>
                    <Unicode>Sutz (ws.) die Thür geht nicht auf!</Unicode>
                </TextEquiv>
            </TextLine>
            <TextLine id="tr_1_tl_11" custom="readingOrder {index:10;}">
                <Coords points="413,2211 2615,2090 2887,2152 2895,1927 2390,2044 2207,1956 1760,2048 1314,2006 1222,2081 872,1977 626,2090 421,2061"/>
                <Baseline points="435,2178 483,2172 572,2166 662,2160 752,2160 841,2154 931,2148 1020,2142 1110,2142 1199,2136 1289,2130 1378,2130 1468,2130 1557,2124 1647,2118 1736,2118 1826,2118 1915,2112 2005,2112 2094,2106 2184,2100 2274,2100 2363,2094 2453,2094 2542,2088 2632,2077 2721,2071 2811,2065 2900,2059"/>
                <TextEquiv>
                    <Unicode>Krog. Sakrament noch einmal!</Unicode>
                </TextEquiv>
            </TextLine>
            <TextLine id="tr_1_tl_12" custom="readingOrder {index:11;}">
                <Coords points="513,2336 1573,2319 1664,2407 1940,2278 2715,2282 2720,2165 2549,2106 2102,2190 1506,2136 1368,2215 521,2169"/>
                <Baseline points="537,2321 578,2321 668,2315 758,2315 847,2309 937,2309 1026,2303 1116,2297 1205,2297 1295,2291 1384,2291 1474,2291 1563,2285 1653,2285 1742,2285 1832,2279 1921,2279 2011,2268 2100,2268 2190,2262 2279,2256 2369,2256 2459,2250 2548,2244 2638,2238 2727,2232"/>
                <TextEquiv>
                    <Unicode>Alle drei Polizisten rütteln.</Unicode>
                </TextEquiv>
            </TextLine>
            <TextLine id="tr_1_tl_13" custom="readingOrder {index:12;}">
                <Coords points="471,2615 1810,2465 2106,2636 2519,2490 2778,2561 3149,2444 3316,2536 3654,2461 3662,2182 2945,2115 2674,2286 2361,2378 2219,2269 1927,2419 1368,2311 480,2398"/>
                <Baseline points="495,2536 531,2524 620,2512 710,2506 799,2500 889,2494 978,2488 1068,2482 1157,2470 1247,2470 1336,2470 1426,2465 1516,2465 1605,2465 1695,2459 1784,2459 1874,2453 1963,2453 2053,2447 2142,2441 2232,2441 2321,2441 2411,2435 2500,2429 2590,2429 2679,2429 2769,2423 2858,2423 2948,2411 3037,2411 3127,2399 3217,2393 3306,2387 3396,2393 3485,2393 3575,2399 3664,2405"/>
                <TextEquiv>
                    <Unicode>(Au den Fenstern erscheinen Köpfe in Schaf¬</Unicode>
                </TextEquiv>
            </TextLine>
            <TextLine id="tr_1_tl_14" custom="readingOrder {index:13;}">
                <Coords points="346,2745 413,2761 576,2690 705,2757 855,2678 922,2699 1022,2674 1030,2615 947,2603 805,2503 713,2557 651,2544 459,2649 355,2657"/>
                <Baseline points="370,2733 411,2715 501,2697 590,2685 680,2673 769,2673 859,2661 949,2656 1038,2644"/>
                <TextEquiv>
                    <Unicode>mützen.</Unicode>
                </TextEquiv>
            </TextLine>
            <TextLine id="tr_1_tl_15" custom="readingOrder {index:14;}">
                <Coords points="442,2924 1214,2849 1397,2978 1885,2820 2257,2811 2369,2903 2561,2799 3032,2845 3287,2799 3295,2657 1890,2695 1694,2595 450,2795"/>
                <Baseline points="471,2870 525,2864 614,2864 704,2858 793,2852 883,2847 972,2841 1062,2835 1151,2835 1241,2835 1330,2829 1420,2823 1510,2817 1599,2811 1689,2805 1778,2799 1868,2799 1957,2799 2047,2799 2136,2799 2226,2793 2315,2787 2405,2787 2494,2781 2584,2781 2673,2781 2763,2775 2852,2769 2942,2763 3032,2763 3121,2757 3211,2757 3300,2757"/>
                <TextEquiv>
                    <Unicode>die Schlafbemütsten. Was ist! Wasist!</Unicode>
                </TextEquiv>
            </TextLine>
            <TextLine id="tr_1_tl_16" custom="readingOrder {index:15;}">
                <Coords points="467,3041 1668,2987 1940,3066 2223,2978 2348,3083 2953,2949 3108,3041 3287,2966 3295,2795 2678,2795 2378,2903 2002,2824 1402,2970 1214,2849 471,2924"/>
                <Baseline points="495,3020 584,3026 674,3026 763,3026 853,3014 943,3008 1032,3002 1122,2996 1211,2996 1301,2996 1390,2996 1444,2978 1510,2984 1599,2984 1689,2984 1778,2984 1868,2978 1957,2978 2047,2978 2136,2972 2226,2972 2315,2966 2405,2960 2494,2960 2584,2954 2673,2948 2763,2948 2852,2942 2942,2936 3032,2936 3121,2936 3211,2936 3300,2936"/>
                <TextEquiv>
                    <Unicode>die drüeten! Die Thür geht nicht auf.</Unicode>
                </TextEquiv>
            </TextLine>
            <TextLine id="tr_1_tl_17" custom="readingOrder {index:16;}">
                <Coords points="480,3233 1639,3308 1852,3183 3675,3145 3712,2949 3266,3074 2949,2953 2344,3083 2240,2995 897,3133 488,3062"/>
                <Baseline points="501,3193 584,3193 674,3193 763,3193 853,3187 943,3187 1032,3181 1122,3181 1211,3175 1301,3175 1390,3169 1480,3175 1569,3169 1659,3169 1748,3169 1838,3163 1927,3157 2017,3151 2106,3151 2196,3145 2285,3139 2375,3139 2465,3133 2554,3121 2644,3127 2733,3121 2823,3115 2912,3115 3002,3115 3091,3115 3181,3115 3270,3115 3360,3109 3449,3103 3539,3103 3628,3097 3718,3085"/>
                <TextEquiv>
                    <Unicode>der Schlosser (auch am Fenster) Ich kommt" schon</Unicode>
                </TextEquiv>
            </TextLine>
            <TextLine id="tr_1_tl_18" custom="readingOrder {index:17;}">
                <Coords points="446,3437 863,3387 1185,3500 1485,3362 3329,3362 3671,3295 3675,3124 1794,3195 1606,3308 455,3266"/>
                <Baseline points="471,3402 549,3396 638,3384 728,3378 817,3372 907,3372 996,3366 1086,3366 1175,3360 1265,3354 1354,3354 1444,3348 1533,3348 1623,3342 1712,3348 1802,3336 1892,3336 1981,3336 2071,3330 2160,3330 2250,3318 2339,3318 2429,3312 2518,3306 2608,3306 2697,3306 2787,3306 2876,3300 2966,3294 3055,3288 3145,3288 3234,3288 3324,3288 3414,3276 3503,3270 3593,3276 3682,3264"/>
                <TextEquiv>
                    <Unicode>Ich kaum schön. (Verschwendet vom Fenster.)</Unicode>
                </TextEquiv>
            </TextLine>
            <TextLine id="tr_1_tl_19" custom="readingOrder {index:18;}">
                <Coords points="484,3575 888,3696 1218,3546 1660,3533 1902,3637 2040,3554 2157,3637 2378,3504 2578,3612 3032,3496 3041,3366 2916,3308 2248,3420 2044,3350 1819,3425 1660,3354 1176,3504 855,3387 488,3479"/>
                <Baseline points="507,3563 543,3563 632,3557 722,3551 811,3545 901,3539 990,3545 1080,3539 1169,3539 1259,3533 1348,3533 1438,3527 1527,3527 1617,3521 1707,3515 1796,3515 1886,3509 1975,3509 2065,3503 2154,3497 2244,3491 2333,3491 2423,3491 2512,3485 2602,3479 2691,3479 2781,3473 2870,3473 2960,3473 3049,3473"/>
                <TextEquiv>
                    <Unicode>Schöps, Krall, Spreizinsfeld.</Unicode>
                </TextEquiv>
            </TextLine>
            <TextLine id="tr_1_tl_20" custom="readingOrder {index:19;}">
                <Coords points="388,3850 659,3875 943,3754 1068,3867 1235,3729 1439,3708 1773,3846 1927,3700 2056,3750 2336,3692 2340,3596 1785,3633 1664,3533 1485,3533 1322,3616 1114,3575 893,3696 559,3571 392,3646"/>
                <Baseline points="411,3760 471,3748 561,3736 650,3730 740,3718 829,3724 919,3724 1008,3718 1098,3712 1187,3718 1277,3706 1366,3706 1456,3700 1545,3700 1635,3700 1724,3694 1814,3688 1903,3688 1993,3682 2083,3676 2172,3670 2262,3670 2351,3670"/>
                <TextEquiv>
                    <Unicode>Schöps: Ein Gefangener:</Unicode>
                </TextEquiv>
            </TextLine>
            <TextLine id="tr_1_tl_21" custom="readingOrder {index:20;}">
                <Coords points="571,3933 2094,3875 2240,4000 2423,3883 2999,3942 3149,3838 3395,3971 3608,3888 3616,3687 2578,3746 2436,3654 1935,3704 1773,3842 1531,3712 576,3863"/>
                <Baseline points="596,3921 668,3921 758,3909 847,3903 937,3891 1026,3891 1116,3885 1205,3885 1295,3885 1384,3885 1474,3879 1563,3873 1653,3873 1742,3873 1832,3867 1921,3873 2011,3867 2100,3861 2190,3855 2279,3849 2369,3849 2459,3849 2548,3843 2638,3843 2727,3837 2817,3831 2906,3831 2996,3825 3085,3819 3175,3813 3264,3813 3354,3807 3443,3801 3533,3801 3622,3801"/>
                <TextEquiv>
                    <Unicode>der Schlosser kommt herunter. Er bringt</Unicode>
                </TextEquiv>
            </TextLine>
            <TextLine id="tr_1_tl_22" custom="readingOrder {index:21;}">
                <Coords points="517,4155 726,4092 901,4088 1009,4138 1114,4075 1464,4084 1477,3883 1306,3946 1251,3908 1122,3992 972,3913 772,3975 684,3946 530,3984"/>
                <Baseline points="543,4106 578,4106 668,4094 758,4088 847,4082 937,4076 1026,4070 1116,4064 1205,4058 1295,4058 1384,4052 1474,4058"/>
                <TextEquiv>
                    <Unicode>die Thür auf.</Unicode>
                </TextEquiv>
            </TextLine>
            <TextLine id="tr_1_tl_23" custom="readingOrder {index:22;}">
                <Coords points="442,4346 3550,4217 3742,4163 3746,4009 2569,4134 2323,4038 1944,4146 722,4088 446,4200"/>
                <Baseline points="465,4279 525,4273 614,4267 704,4261 793,4261 883,4255 972,4249 1062,4237 1151,4243 1241,4237 1330,4237 1420,4237 1510,4231 1599,4225 1689,4219 1778,4219 1868,4219 1957,4219 2047,4213 2136,4207 2226,4207 2315,4195 2405,4189 2494,4189 2584,4189 2673,4183 2763,4177 2852,4172 2942,4172 3032,4172 3121,4177 3211,4166 3300,4160 3390,4154 3479,4154 3569,4148 3658,4148 3748,4148"/>
                <TextEquiv>
                    <Unicode>Schlosser (in Schlaf= rach u. - müsse) Na, die</Unicode>
                </TextEquiv>
            </TextLine>
            <TextLine id="tr_1_tl_24" custom="readingOrder {index:23;}">
                <Coords points="421,4501 1648,4517 2136,4388 2678,4522 3483,4513 3742,4455 3750,4159 3028,4292 2419,4192 425,4388"/>
                <Baseline points="447,4440 531,4440 620,4440 710,4440 799,4428 889,4422 978,4416 1068,4416 1157,4410 1247,4410 1336,4404 1426,4404 1516,4398 1605,4398 1695,4392 1784,4392 1874,4386 1963,4386 2053,4380 2142,4380 2232,4374 2321,4368 2411,4363 2500,4363 2590,4363 2679,4357 2769,4357 2858,4351 2948,4345 3037,4345 3127,4345 3217,4351 3306,4345 3396,4339 3485,4333 3575,4339 3664,4351 3754,4380"/>
                <TextEquiv>
                    <Unicode>waas; morgen kommt die Restimmung gute Nacht (A)</Unicode>
                </TextEquiv>
            </TextLine>
        </TextRegion>
        <TextRegion id="tr_2" custom="readingOrder {index:1;}">
            <Coords points="3801,236 7198,236 7198,4265 3801,4265"/>
            <TextLine id="tr_2_tl_1" custom="readingOrder {index:0;}">
                <Coords points="5418,284 5439,288 5448,300 5460,292 5485,317 5506,317 5514,325 5556,300 5577,300 5585,200 5560,200 5544,213 5531,200 5510,200 5498,188 5481,188 5473,196 5452,192 5443,200 5423,196"/>
                <Baseline points="5437,298 5503,292 5592,286"/>
                <TextEquiv>
                    <Unicode>19.</Unicode>
                </TextEquiv>
            </TextLine>
            <TextLine id="tr_2_tl_2" custom="readingOrder {index:1;}">
                <Coords points="3821,521 4188,467 4242,496 4284,459 4330,488 4384,438 4459,484 4947,484 5056,413 5068,254 4860,313 4739,263 4634,350 4230,263 3829,371"/>
                <Baseline points="3843,489 3903,477 3992,465 4082,459 4172,453 4261,447 4351,447 4440,441 4530,435 4619,429 4709,423 4798,417 4888,411 4977,405 5067,393"/>
                <TextEquiv>
                    <Unicode>Lackstiefel (entkommt)</Unicode>
                </TextEquiv>
            </TextLine>
            <TextLine id="tr_2_tl_3" custom="readingOrder {index:2;}">
                <Coords points="3858,701 5423,697 6278,521 6561,588 6858,505 6874,229 5118,355 4697,546 4384,438 3871,484"/>
                <Baseline points="3885,668 3915,662 4004,650 4094,638 4183,620 4273,620 4363,620 4452,620 4542,620 4631,608 4721,608 4810,596 4900,596 4989,590 5079,590 5168,584 5258,584 5347,578 5437,572 5526,561 5616,555 5705,549 5795,537 5885,537 5974,525 6064,519 6153,513 6243,501 6332,495 6422,489 6511,483 6601,477 6690,471 6780,471 6869,471"/>
                <TextEquiv>
                    <Unicode>Die Gerichts-Hauer- Hilfe! Würfe! Sie entkomme:</Unicode>
                </TextEquiv>
            </TextLine>
            <TextLine id="tr_2_tl_4" custom="readingOrder {index:3;}">
                <Coords points="3871,905 4930,784 5031,868 5735,759 6111,830 6862,663 7037,755 7049,546 3883,726"/>
                <Baseline points="3897,847 3921,847 4010,841 4100,829 4189,817 4279,817 4368,805 4458,799 4548,799 4637,787 4727,781 4816,775 4906,775 4995,769 5085,763 5174,758 5264,752 5353,746 5443,740 5532,734 5622,728 5711,722 5801,716 5890,710 5980,704 6070,698 6159,680 6249,680 6338,674 6428,668 6517,662 6607,656 6696,650 6786,644 6875,638 6965,638 7054,626"/>
                <TextEquiv>
                    <Unicode>(Alle auf den Häusern in tiefer hegligen¬</Unicode>
                </TextEquiv>
            </TextLine>
            <TextLine id="tr_2_tl_5" custom="readingOrder {index:4;}">
                <Coords points="3821,1118 4067,993 5214,1034 5932,897 6065,1022 6378,872 7012,847 7016,763 6415,697 6111,834 5731,759 5306,872 4935,780 4793,884 4601,801 3833,884"/>
                <Baseline points="3849,1002 3891,1002 3981,996 4070,990 4160,984 4249,978 4339,966 4428,960 4518,960 4607,954 4697,954 4786,954 4876,943 4965,943 5055,943 5144,943 5234,931 5323,925 5413,919 5503,913 5592,901 5682,901 5771,895 5861,883 5950,883 6040,871 6129,871 6219,865 6308,859 6398,853 6487,847 6577,835 6666,829 6756,823 6845,817 6935,817 7024,811"/>
                <TextEquiv>
                    <Unicode>große Hetzjagdi Lackstiefel eingefangen. —</Unicode>
                </TextEquiv>
            </TextLine>
            <TextLine id="tr_2_tl_6" custom="readingOrder {index:5;}">
                <Coords points="3929,1180 4451,1251 5539,1089 6040,1135 6361,1014 6803,1114 7108,1043 7116,934 6908,843 6086,1005 5961,897 5177,1051 3938,1009"/>
                <Baseline points="3951,1163 3986,1169 4076,1157 4166,1151 4255,1145 4345,1139 4434,1128 4524,1122 4613,1122 4703,1116 4792,1110 4882,1104 4971,1104 5061,1098 5150,1092 5240,1086 5329,1080 5419,1074 5508,1062 5598,1056 5688,1050 5777,1050 5867,1044 5956,1044 6046,1038 6135,1032 6225,1020 6314,1014 6404,1008 6493,1002 6583,1002 6672,996 6762,996 6851,990 6941,984 7030,984 7120,984"/>
                <TextEquiv>
                    <Unicode>Schnupf komt in Schlafrock u. Schlafmüße. –</Unicode>
                </TextEquiv>
            </TextLine>
            <TextLine id="tr_2_tl_7" custom="readingOrder {index:6;}">
                <Coords points="3867,1347 4313,1431 5060,1268 6344,1310 6928,1247 6970,1093 6361,1014 5781,1164 5556,1080 5327,1189 3871,1264"/>
                <Baseline points="3891,1330 3927,1330 4016,1319 4106,1313 4195,1307 4285,1289 4374,1289 4464,1283 4554,1277 4643,1277 4733,1271 4822,1265 4912,1265 5001,1259 5091,1253 5180,1253 5270,1247 5359,1241 5449,1235 5538,1229 5628,1223 5717,1223 5807,1211 5896,1205 5986,1199 6075,1193 6165,1181 6255,1175 6344,1169 6434,1163 6523,1157 6613,1157 6702,1151 6792,1145 6881,1145 6971,1145"/>
                <TextEquiv>
                    <Unicode>der Chorns der andern umgibt' ihn.-</Unicode>
                </TextEquiv>
            </TextLine>
            <TextLine id="tr_2_tl_8" custom="readingOrder {index:7;}">
                <Coords points="3821,1735 5089,1623 5377,1698 5685,1585 5969,1664 6173,1564 6365,1656 6541,1518 7020,1518 7029,1381 3833,1556"/>
                <Baseline points="3849,1647 3903,1647 3992,1647 4082,1641 4172,1635 4261,1635 4351,1623 4440,1623 4530,1611 4619,1605 4709,1605 4798,1599 4888,1593 4977,1587 5067,1581 5156,1569 5246,1563 5335,1569 5425,1563 5514,1563 5604,1557 5694,1551 5783,1545 5873,1539 5962,1533 6052,1527 6141,1516 6231,1510 6320,1498 6410,1498 6499,1492 6589,1486 6678,1480 6768,1474 6857,1462 6947,1456 7036,1450"/>
                <TextEquiv>
                    <Unicode>Schnupf (ein behäbiges Männchen, inschläßiger Tone.)</Unicode>
                </TextEquiv>
            </TextLine>
            <TextLine id="tr_2_tl_9" custom="readingOrder {index:8;}">
                <Coords points="3879,1827 4251,1894 5844,1744 6065,1831 6257,1698 7029,1685 7041,1497 3879,1760"/>
                <Baseline points="3903,1820 3909,1820 3998,1808 4088,1808 4177,1802 4267,1796 4357,1796 4446,1790 4536,1784 4625,1778 4715,1772 4804,1772 4894,1760 4983,1754 5073,1748 5162,1742 5252,1736 5341,1736 5431,1730 5520,1724 5610,1724 5699,1718 5789,1712 5879,1712 5968,1707 6058,1695 6147,1689 6237,1683 6326,1683 6416,1677 6505,1671 6595,1665 6684,1659 6774,1647 6863,1635 6953,1623 7042,1605"/>
                <TextEquiv>
                    <Unicode>was störet mich aus meiner Ruhe?! Was weckt</Unicode>
                </TextEquiv>
            </TextLine>
            <TextLine id="tr_2_tl_10" custom="readingOrder {index:9;}">
                <Coords points="3775,2069 4084,2144 5247,1952 6979,1969 7083,1952 7104,1656 3783,1960"/>
                <Baseline points="3801,2029 3879,2023 3969,2017 4058,2011 4148,2005 4237,1999 4327,1993 4416,1987 4506,1981 4595,1975 4685,1969 4774,1969 4864,1963 4953,1951 5043,1945 5132,1945 5222,1939 5312,1939 5401,1927 5491,1921 5580,1915 5670,1909 5759,1903 5849,1898 5938,1898 6028,1886 6117,1880 6207,1874 6296,1874 6386,1874 6475,1868 6565,1862 6654,1862 6744,1856 6834,1850 6923,1838 7013,1838 7102,1826"/>
                <TextEquiv>
                    <Unicode>mich auf aus dem gelieden Schlaf (Gösnt.)</Unicode>
                </TextEquiv>
            </TextLine>
            <TextLine id="tr_2_tl_11" custom="readingOrder {index:10;}">
                <Coords points="4459,2432 4714,2311 5514,2257 6299,2328 6628,2232 6636,2052 6449,2106 6274,2044 5890,2161 5635,2086 5156,2198 4972,2123 4472,2169"/>
                <Baseline points="4488,2309 4494,2309 4583,2303 4673,2297 4762,2291 4852,2291 4941,2285 5031,2279 5121,2279 5210,2268 5300,2262 5389,2256 5479,2256 5568,2256 5658,2244 5747,2244 5837,2238 5926,2238 6016,2232 6105,2220 6195,2220 6284,2208 6374,2208 6463,2196 6553,2190 6643,2184"/>
                <TextEquiv>
                    <Unicode>Chor der Gerichtsdiener (sing &amp;)</Unicode>
                </TextEquiv>
            </TextLine>
            <TextLine id="tr_2_tl_12" custom="readingOrder {index:11;}">
                <Coords points="4246,2524 4822,2469 5093,2569 5398,2449 6315,2394 6762,2453 6937,2411 6945,2223 6190,2348 6044,2248 5619,2353 5514,2261 4255,2415"/>
                <Baseline points="4273,2494 4357,2488 4446,2482 4536,2482 4625,2476 4715,2470 4804,2465 4894,2459 4983,2453 5073,2441 5162,2441 5252,2441 5341,2435 5431,2429 5520,2429 5610,2423 5699,2423 5789,2417 5879,2411 5968,2405 6058,2399 6147,2393 6237,2387 6326,2381 6416,2375 6505,2375 6595,2369 6684,2357 6774,2351 6863,2345 6953,2339"/>
                <TextEquiv>
                    <Unicode>Schreckliche Thaten wurden vollbracht</Unicode>
                </TextEquiv>
            </TextLine>
            <TextLine id="tr_2_tl_13" custom="readingOrder {index:12;}">
                <Coords points="4259,2703 4676,2657 4947,2753 5227,2624 5393,2741 6299,2620 7037,2678 7049,2407 5831,2528 5360,2469 4793,2603 4271,2524"/>
                <Baseline points="4285,2667 4363,2673 4452,2673 4542,2667 4631,2656 4721,2656 4810,2650 4900,2644 4989,2644 5079,2632 5168,2626 5258,2620 5347,2614 5437,2614 5526,2614 5616,2608 5705,2608 5795,2602 5885,2596 5974,2590 6064,2578 6153,2578 6243,2566 6332,2560 6422,2560 6511,2554 6601,2554 6690,2548 6780,2542 6869,2536 6959,2530 7048,2530"/>
                <TextEquiv>
                    <Unicode>In dieser gräßlichen, grausichen Nacht.</Unicode>
                </TextEquiv>
            </TextLine>
            <TextLine id="tr_2_tl_14" custom="readingOrder {index:13;}">
                <Coords points="3800,2887 3992,2962 4146,2887 4288,3007 4964,2820 5197,2874 5268,2845 5285,2620 5056,2661 4955,2749 4663,2653 4388,2741 4326,2686 4213,2761 4105,2703 3804,2799"/>
                <Baseline points="3825,2882 3849,2888 3939,2882 4028,2870 4118,2864 4207,2858 4297,2858 4386,2852 4476,2841 4565,2835 4655,2829 4745,2823 4834,2823 4924,2817 5013,2811 5103,2799 5192,2787 5282,2781"/>
                <TextEquiv>
                    <Unicode>(Schupf zähnt sehr laut.)</Unicode>
                </TextEquiv>
            </TextLine>
            <TextLine id="tr_2_tl_15" custom="readingOrder {index:14;}">
                <Coords points="4676,3007 4955,3049 5202,2999 5264,3032 5339,2982 5410,3020 5519,2953 5606,3007 5698,2957 6061,2966 6069,2820 5798,2770 5519,2866 5247,2832 5056,2899 4989,2845 4801,2849 4680,2920"/>
                <Baseline points="4697,2996 4733,3002 4822,2996 4912,2990 5001,2984 5091,2978 5180,2972 5270,2960 5359,2954 5449,2948 5538,2948 5628,2942 5717,2942 5807,2936 5896,2930 5986,2924 6075,2924"/>
                <TextEquiv>
                    <Unicode>Was ist geschehen?</Unicode>
                </TextEquiv>
            </TextLine>
            <TextLine id="tr_2_tl_16" custom="readingOrder {index:15;}">
                <Coords points="3946,3170 4025,3187 4105,3133 4130,3162 4167,3158 4192,3183 4213,3166 4251,3183 4288,3174 4292,2912 4251,2916 4205,2878 4171,2874 4075,2937 4029,2937 3971,2978 3946,2978"/>
                <Baseline points="3969,3067 4058,3055 4148,3049 4237,3049 4297,3073"/>
                <TextEquiv>
                    <Unicode>Schupf</Unicode>
                </TextEquiv>
            </TextLine>
            <TextLine id="tr_2_tl_17" custom="readingOrder {index:16;}">
                <Coords points="4722,3199 4918,3229 5051,3166 5147,3262 5310,3158 5481,3212 5615,3137 5744,3249 5890,3233 6036,3112 6244,3170 6407,3124 6420,2924 6098,2937 5923,3028 5786,2953 5619,3016 5519,2957 5410,3024 4730,3058"/>
                <Baseline points="4745,3169 4804,3181 4894,3169 4983,3163 5073,3157 5162,3151 5252,3145 5341,3133 5431,3133 5520,3127 5610,3121 5699,3115 5789,3109 5879,3109 5968,3103 6058,3097 6147,3091 6237,3085 6326,3079 6416,3073"/>
                <TextEquiv>
                    <Unicode>Was habt ihr gesehn?</Unicode>
                </TextEquiv>
            </TextLine>
            <TextLine id="tr_2_tl_18" custom="readingOrder {index:17;}">
                <Coords points="3921,3516 6136,3400 6495,3266 7179,3249 7191,3070 6361,3187 6098,3103 5669,3258 5310,3158 5147,3262 4851,3166 3933,3279"/>
                <Baseline points="3951,3390 3969,3390 4058,3384 4148,3384 4237,3384 4327,3372 4416,3366 4506,3354 4595,3354 4685,3354 4774,3342 4864,3342 4953,3330 5043,3324 5132,3324 5222,3318 5312,3312 5401,3306 5491,3300 5580,3300 5670,3294 5759,3282 5849,3276 5938,3270 6028,3258 6117,3258 6207,3252 6296,3252 6386,3240 6475,3240 6565,3234 6654,3228 6744,3228 6834,3217 6923,3211 7013,3205 7102,3199 7192,3187"/>
                <TextEquiv>
                    <Unicode>Genus der Schlafteinigten Einwohner von Küsärak</Unicode>
                </TextEquiv>
            </TextLine>
            <TextLine id="tr_2_tl_19" custom="readingOrder {index:18;}">
                <Coords points="4451,3587 5464,3496 5844,3558 6069,3462 6399,3571 6586,3437 6962,3470 6970,3304 4459,3445"/>
                <Baseline points="4476,3533 4554,3533 4643,3533 4733,3527 4822,3521 4912,3509 5001,3509 5091,3497 5180,3497 5270,3491 5359,3485 5449,3485 5538,3479 5628,3473 5717,3467 5807,3461 5896,3455 5986,3449 6075,3449 6165,3443 6255,3443 6344,3437 6434,3431 6523,3425 6613,3414 6702,3408 6792,3402 6881,3402 6971,3402"/>
                <TextEquiv>
                    <Unicode>Wärme hiebt ihr uns aufgeweldt,</Unicode>
                </TextEquiv>
            </TextLine>
            <TextLine id="tr_2_tl_20" custom="readingOrder {index:19;}">
                <Coords points="4467,3758 4872,3704 5085,3767 5581,3662 6328,3696 6691,3625 6703,3445 6399,3571 6023,3466 5836,3571 5489,3516 5310,3608 5089,3541 4476,3637"/>
                <Baseline points="4494,3712 4554,3718 4643,3718 4733,3706 4822,3700 4912,3694 5001,3682 5091,3670 5180,3670 5270,3664 5359,3664 5449,3658 5538,3658 5628,3652 5717,3652 5807,3640 5896,3634 5986,3628 6075,3628 6165,3622 6255,3616 6344,3605 6434,3599 6523,3587 6613,3581 6706,3565"/>
                <TextEquiv>
                    <Unicode>Aus unserer Kuh aufgeschreckt.</Unicode>
                </TextEquiv>
            </TextLine>
            <TextLine id="tr_2_tl_21" custom="readingOrder {index:20;}">
                <Coords points="4497,3896 4814,3967 5293,3850 5360,3917 6048,3846 6269,3921 6603,3775 6807,3796 6816,3616 6115,3725 6002,3650 5431,3675 5101,3787 4914,3717 4743,3796 4505,3758"/>
                <Baseline points="4518,3879 4577,3873 4667,3873 4756,3873 4846,3867 4936,3861 5025,3855 5115,3843 5204,3843 5294,3837 5383,3831 5473,3831 5562,3825 5652,3819 5741,3819 5831,3813 5920,3801 6010,3801 6099,3790 6189,3784 6278,3784 6368,3778 6457,3772 6547,3760 6637,3754 6726,3748 6816,3754"/>
                <TextEquiv>
                    <Unicode>Sagt, was habt ihr ausgenestelt,</Unicode>
                </TextEquiv>
            </TextLine>
            <TextLine id="tr_2_tl_22" custom="readingOrder {index:21;}">
                <Coords points="4513,4067 4726,4138 5364,4021 5573,4100 5815,4000 5932,4109 6461,3959 6670,4038 7045,3875 6670,3771 6148,3933 6065,3854 5277,3863 4805,3979 4522,3896"/>
                <Baseline points="4536,4064 4542,4064 4631,4058 4721,4046 4810,4046 4900,4040 4989,4028 5079,4022 5168,4016 5258,4010 5347,3998 5437,3998 5526,3998 5616,3992 5705,3992 5795,3986 5885,3981 5974,3975 6064,3975 6153,3969 6243,3963 6332,3957 6422,3951 6511,3945 6601,3933 6690,3933 6780,3927 6869,3921 6959,3921 7048,3921"/>
                <TextEquiv>
                    <Unicode>Aug geschrieret, - ach uns fröße.</Unicode>
                </TextEquiv>
            </TextLine>
            <TextLine id="tr_2_tl_23" custom="readingOrder {index:22;}">
                <Coords points="3967,4305 5214,4355 5627,4217 7066,4305 7175,4276 7191,4025 6858,3938 6661,4042 5343,4021 4734,4138 3984,4046"/>
                <Baseline points="3992,4249 4064,4255 4154,4255 4243,4255 4333,4255 4422,4249 4512,4237 4601,4237 4691,4219 4780,4219 4870,4213 4959,4207 5049,4207 5138,4201 5228,4195 5317,4189 5407,4183 5497,4177 5586,4172 5676,4166 5765,4160 5855,4154 5944,4148 6034,4148 6123,4148 6213,4142 6302,4136 6392,4130 6481,4124 6571,4118 6660,4106 6750,4100 6839,4094 6929,4094 7019,4088 7108,4088 7198,4082"/>
                <TextEquiv>
                    <Unicode>Gleißu! zu! (Sie laufen urkeneinander herum 3)</Unicode>
                </TextEquiv>
            </TextLine>
        </TextRegion>
    </Page>
</PcGts>
