7400 4920
125 388 3584 694 kropf. Wer versteht diese Ausdrücke? Sprecht verpäch¬
190 594 780 793 licher!
138 702 3610 1025 Weigel. Was verständlich! Sie haben sich heru vergeschlagen,
181 862 3368 1228 und haben mich mit dem ding da getroffen.
202 1103 900 1327 arretirt!
246 1228 1581 1512 Kropf. Tolgt aus!
280 1378 2546 1706 krapf: Ihr müßt uns folgen.
1038 1559 1775 1779 Arretirt!
314 1589 758 1861 Kropf.
840 1745 1900 2025 Abmarschirt!
280 1753 797 1960 Krapf.
986 1943 1891 2141 Alls ab
556 1977 788 2171 to
750 2085 2339 2365 Wezel (abgehend singt.)
263 2227 3153 2541 Hört ihr Herren Nudlast auch sagen!
409 2412 3278 2748 Man hat mich sämmerlich die ich geschlagen,
366 2606 2485 2882 Bewahrt alle euer Gesicht,
431 2783 3468 3076 daß auch nicht an mir ein Schade geschicht
603 2955 3446 3278 (Er ist schon ganz aus der Seine)
745 3153 3640 3390 2 Man hört blasen - Saus. - Wieder
1994 3317 2929 3541 12. Auftritt.
573 3325 1559 3597 ein Blaser)
594 3450 3545 3773 Spring insfeld, ihm nach Franz. Leip¬
340 3657 3558 3993 Franz Viechischer Lieutenant Du, Massiö
358 3829 3588 4144 Offizier meine Liest laß' ich nicht kragen,
358 4028 1193 4290 versteht!
353 4187 3618 4544 sprf. Aber mein geehrtester, - es war nur ein
3739 207 7107 590 terthum, ein beklagenwerther dorthum, mein
3765 513 4239 788 Herr.
3816 543 7090 862 Franz. Mit den Radensarten lass' ich mich nicht
3765 771 6500 1103 aufweisen, abspeiser wollt' ich sagen,
3847 874 7185 1279 Schuh. Es war eine unverzeihliche zerstreuung¬
3816 1219 4424 1383 uf das
4587 1284 5423 1512 Verrückt.
3864 1348 4467 1585 Franz.
3881 1421 7056 1788 Hyrf. Mein geehrtester, vielgeehrter Monsieur,
3890 1546 7073 1913 dürft ich vielleicht um der Namen bitten,
3903 1740 6982 2115 und Geschäft, - Thätigkeit, wahrscheinlich
3868 1908 7168 2249 Staatsbämter, wie aus dero diplomatischen
3816 2145 5462 2485 Gesicht ersichtlich: 12. -
3920 2261 7133 2563 Franz Körns nur auf, - ich bin kein
3959 2473 6547 2783 Studierter, Sr Neier Sie!
3984 2628 7107 2976 Kirche. Maus heißt er, u. ist Haus in
3924 2903 4768 3149 meister.
3890 3037 6168 3364 Sgrf. Hier aß meine Stifitterte.
3959 3132 7211 3519 Franz. behalten’s sich du nur selber, der
4006 3338 6517 3683 jetzt - (Er haut ihn durch.)
3799 3545 5755 3860 13. Auftritt. Schöps und Krall.
4015 3730 5910 4032 Sögs. Was soll das heißen?
3976 3872 5987 4170 krull. Was rauft ihr auch?
4066 3920 7206 4355 (die bei der Polizeimänner kehren sich plötzlich
