7416 5112
5241 279 5410 461 31
1914 385 2143 587 30
3736 503 6280 837 pösiwolle Gedanken aufschreiben kann.
161 706 3512 976 lasset man in Ruh' und Frieden
3677 664 7075 1048 Tederkiels Ich danke? (Schreibt.) Rovian Droch, betreßian Krapf
152 875 3554 1188 Ritterhg. O Welt 10 Welt! Wie nicht, ist dem Trücken der
3863 934 5312 1264 Theupf. die Angeklageter
182 1010 3482 1374 Lackst. Wo kommt das mir vor? Indings, oder wir es heißt,
3761 1014 7075 1365 Lackstr Wie ich heiß. Bierne Iugitel oder wie er heisst, - Tritz
993 1204 3351 1551 Frau v. Schnupf (in Haube u. Schürze kommt.)
3812 1319 4497 1551 Lackstrüfel
190 1386 3575 1712 Da mein lieber Pafuzins. Eine Haus soll ich deinetwegen
3829 1412 7104 1741 Rittersche Fei allen Höttern kann ihr schwörer. Mein namen
3842 1623 5427 1936 ist. Anatol Rittersporn!
228 1606 1175 1927 repfen lassen!
3892 1767 6251 2092 Lackst. Wir sind sogenannte Nebenbüsters
258 1767 2637 2126 Schnupf. Es sind ja doch noch in Haus!
266 1923 3580 2274 Frau. Und noch dazu wegen einer so dummer Verfindlung.
3825 1868 7151 2227 Rittersch. Wir lieben beide Hilda vor Nachtingall! Ich liebe
342 2122 3563 2417 Natürlich! Dazu geb ich das Geld aus. Wozu hat man
3791 2206 4678 2451 sie mit Teuer.
304 2231 3491 2663 denn die Hause. Leben war in Krähminckeloder wo
3850 2282 5714 2544 Lackst. Ich flamme für sie!
3901 2384 7016 2810 Theupf. Wir dürftehts ihr mit der Zündelei nicht in
321 2468 3592 2781 anders? Ja in den großen Städten nimmt man
351 2616 3677 2971 auf eine gans keine Rücksicht. Aber in Krähwinkel
3846 2679 4869 2946 die Nähe kommen.
309 2768 3677 3123 schaut man auf die ganze da geht man ordentlich
3947 2688 6935 3127 Rittersp. Und darum rücktee wir gegen einander.
3985 2946 6859 3318 Schimpf. Da ist also wenigestens ein Grund¬
317 2958 3706 3233 mit ihnen um. Merk dies daß du ein anders malanders
351 3115 3567 3495 mit mir umgehst. Und Sie! Meine Herren! Der heilige
3952 3144 5976 3449 derohalben spreche ich auch frei.
300 3356 3660 3673 Augustin gebe, daß Sie nie so einen Mann Kriegen
3964 3309 5963 3626 Sackst. Das ist schön von Inan!
3939 3474 6825 3888 Rittersÿer der Himmelsegna dich, gerechter Richter!
330 3512 1640 3782 wie den da. (Äbs).
363 3597 3694 4015 Schnung (spiebet teil). Federkiil.- Könnte zu sich diese Verhandlung
4539 3685 5397 3998 (Beide ab)
372 3863 3233 4180 nicht mündlich werken wieder schreiben?
397 4083 1150 4383 Rütz. Ohr.
465 4163 3753 4556 Ritterh. Hier finde ich soeben in meiner tiefen Tassen
4721 4239 5126 4467 1:
461 4349 3774 4746 Fürchsten Tief einen gebleiten Stift, womit ich meines geistes
