7384 5080
1684 298 1854 533 25
170 567 1228 823 Schringersf. Und ob 1
222 767 1777 1095 Scheunsch. Möge nun der
200 929 2114 1270 Schreib u.unterbricht.) Ersteins heißt —
205 1095 3508 1449 Schwurf. Bitte mich nicht zu unterbrechen: Es möge
166 1283 3598 1594 nach althergebrachter Sitte und Gepflogenheit der Angeklagte
217 1479 3555 1752 die causas der Mildering vorbringen und vortragen
277 1624 3436 1969 Spreignetf. Donner und darin ist nur könne Schwörformel.
281 1837 3649 2140 Schnupf. Also ist Ludwig Sprägen’sfeld ein Verschworner.
418 1918 3606 2306 Oder gar ein Beschworener der wohl gar nie Beschwer¬
294 2157 3636 2408 ein Doctor Faustes, der mit dem Trefel einen Contract
311 2289 3644 2677 geschlossen hat und ihn nicht einmal von der ohnserem
286 2459 3580 2860 und wohlliblichen Gemeinde seines Geburtstages, - will
337 2685 3653 2984 sagen Geburtsörter bestätätigen ließ. - V Springinsfeld
311 2822 3691 3201 Ludwig. Heillosester der Heillosen! Man sollt eigentlich
298 3060 3576 3376 diesen schauerlichen Menschen zu dem heiligen Vater bringen
294 3252 3691 3487 den Papst Pius a. dem neunundewigsten! - Ein einziger
354 3359 3649 3730 Milderungsprund ist vorhanden. nämlich die Tabaksdose; und
332 3546 3717 3798 das ist auch kein Milderungsprunden. Übrigens mögen
332 3700 3627 4037 jetzt die 13 geschwerenen alleiniglich sich beraten und
388 3917 1961 4262 sich zurückcziehen. (k ab.)
2276 3875 3495 4254 F.TrubyKing. Aug 24/24
303 4182 644 4467 A.
1816 4267 1991 4399 ###
2455 4169 3551 4476 L. Duast ao. Michik
5418 290 5605 490 29
4531 524 5341 831 2. Auftritt.
4199 541 7135 955 Marige ohne die 12. u. Sprängnisfeld geht auch von mehre¬
3725 882 6803 1215 ren geleitet, denneiud deria! sagend. Franz und Fiese ab.
4608 997 6790 1334 Es kommen, von mehreren geführt.
3828 1257 5639 1534 Lackstrefel, aitterspom¬
3836 1360 7148 1748 Theilpf. E folget allummehro die heute gerichtliche Verhandlung.
3832 1611 4910 1888 die Gerichtsdiener!
3858 1773 5153 2084 Kropf. Florian. Kropf
3828 1935 5439 2208 krapf. Subsstian Krapf
3875 2123 5413 2404 Schimpf. Die Angeklagten
3900 2208 7054 2558 Federkiel (schreibend) Ilo —  Au die Feder ist gebrochen. xxx
3934 2361 7195 2766 Scheupf. Es wird gebeten, zu sistiren, bis dieser ehrsame
3964 2587 6586 2894 Teurkel vom Feder geholet haben wird.
3947 2805 4846 3103 Federkirk Cab.
3990 2894 7187 3257 Schnüpf Cathmet tief auch dann t aus seiner Tasche eine dese und
3973 3124 5520 3410 bietet allen eine Passe.
3994 3295 7110 3623 Tederkiellathemlos zurück.) Es ist keine Feder zu finden.
4007 3436 7157 3806 Scheupf. So schlachte man eine Gans, u. repfe ihr eine
4028 3691 4757 3922 Jeder aus!
4066 3806 7251 4101 Rutz. Ich werde es der wohlgeborenen Frau Schnupf sagen.
3994 4011 7140 4314 Schimpf. Ja, meine geehrteste Versammlung? So eine
3947 4109 7280 4582 gerichtliche Familie ist geplagt! Nicht einmal die Zahl
