7368 5032
5156 177 6535 420 Verweis ging zum Anclaus
1664 256 2190 492 F.Truby King
2568 303 2740 450 T
1530 382 1929 588 P.S.
702 357 883 559 a
3740 408 6980 883 mich fürchterlich rächen) ich gehe ins Kaffeehans
1164 433 1362 605 7
1429 500 1891 693 [+]
97 630 1731 992 Liesel. Fräule Machtigell.
3719 689 4177 1025 (Ab)
4581 790 6031 1168 Der Vorhang fällt
122 828 1979 1147 Franz. Fräulei Amflsang!
2391 946 2614 1248 e
185 1042 1685 1341 Hi Da. Wir sind verlobt.
5165 1122 5778 1416 Sind
181 1151 2732 1471 diese. Unse da ist jeder Schlänkel.
231 1320 2517 1647 Herr (stellt sich noch im er schlafend)
235 1504 3589 1870 Chine (Stienna (von drinnen.) Fräulein Plilda 1 Träusam Lottchen.
3761 1462 4909 1908 Ihr Wien, Frau Dr. Jug
2685 1710 3551 1887 Votre très obéissant avec les
2370 1656 2572 1895 2
189 1715 1799 1971 Der Kaffee wird kalt.
256 1858 3623 2110 Hilda. Du folgst doch, Geliebter! (Ab, auch Lottchen mit Lackli¬
214 1992 3593 2295 Lückst. (im Abgehen) Ich bitte Wenn ich hitten dürfte
231 2177 3522 2450 Rittersch. (allein.) D'und so trinke ich denn heute
244 2416 3576 2622 kaffee, - und nicht nach meiner Gewohnzeit verktor.
307 2580 3665 2883 die zu Liebe holde Hilda trinke ich den großischen
294 2685 3618 3055 Kaffe. - aber nicht zu weiß darf er sein? (Ab, wie
3513 2946 3694 3173 so
286 2938 1299 3270 Franz u. Liesel!)
1320 3047 2232 3312 Auftritt.
328 3194 3648 3517 Spr. Denner und doria. Ich platze vor Zorn! Gewi¬
496 3421 3606 3778 Narr! Stützer! Und es war nicht ein mal
307 3560 3631 3866 can becologne, is mar eau de Paris. Und ich sich
353 3732 3475 4072 Dernißt! Ritterstere! Lackstorfel! Lackstehel!
349 3913 3543 4266 Rittersporn. Sommer und deria. Wohin soll
311 4131 3627 4492 ich mich in meinem Zorne weilen soll ich auch
282 4295 3660 4715 in dem Verstürzen. - soll ich - soIl ich — Ohnheim
