7384 4952
5158 160 5394 408 23
1872 379 2066 518 22
4611 425 5794 753 Zweiter Akt.
4359 804 5558 1128 Gerichtssaal.
4696 985 5743 1233 1. Auftritt.
4342 1098 7010 1481 Schnupfen Krapf, Kropf, Schöps, Arall,
3825 1069 4144 1359 1/10
3787 1292 6825 1611 Satz. Notar Federkiel. - Springinsfeld.-
3791 1439 6471 1750 Viele andre Franz, Liese. Weze.
3799 1755 7195 2196 thäpf. Um das Wohl und Wehe der wohlbenannten
3808 2015 6926 2314 Stadt Krähwinkel zu wahren, daß für
3812 2116 7060 2449 künftige Jahre die ehrsamen Einwohner Kräf
3833 2280 7094 2672 winkels in ihren nächtlichen Ruhe ungestört
3820 2487 7048 2848 bleiben, beginne ich alljetzt Gericht zu
3871 2647 7186 3063 halten! (Räussert sich, alle andere auch
3888 2840 7195 3156 Nunmehro sind auch die andern Übelthäter¬
3892 2987 7094 3383 eingebracht worden. Dazumal dieser wohl¬
3921 3181 7090 3530 bekannte Notar, Federkiel, benamsel
3926 3324 7056 3724 sich ebenfalls in die gehörige positura
3888 3534 7191 3930 gesetzt sal, kann das Gericht beginne
3963 3694 7123 4056 (Räußert sich, alle andere auch.)
3930 3875 6984 4250 Zuerst bitte ich um dero Namen¬
