7320 4808
5922 159 6920 448 (Schon ganz Füchter)
4774 226 5553 465 5. Auftritt.
1320 302 2087 583 4. Auftritt
4606 398 5838 671 Syringinsfield (al im
1060 478 2364 788 Syringins Feld. Lackstiefel.
3743 541 7108 859 Thoren seit ihr beide. Mich liebt sie. Hilda von Edeler
3810 692 7054 1031 Nachtigall. Gar keine Frage. Doch ich höre schritte. Ach
210 696 1220 956 Lackstiefel. Serons!
3843 905 6953 1186 Frausam, Windela von Herr von Heilmann Bellmann
281 872 1505 1144 Sprinsinsfeld. Serons.
293 1018 1991 1303 Sackstiefel. Ich bin verliebt.
319 1190 1454 1467 Springsfeld. So?
4988 1236 5796 1496 6. Auftreff
390 1354 1429 1601 Ist. Ja wohl.
5017 1379 6354 1618 Vorigers Bellmann
365 1547 1987 1811 Springsfeld. Und in wen?
3843 1588 5373 1857 Bellm. Guten zag. Abend.
360 1639 3424 1957 Lst. In so eine gewisse Hilda von Nachtigall.
3843 1798 4967 2075 Sgr. Ebenfalls.
402 1865 2343 2163 Springinsfeld. Donner und Doria.
3906 1777 7167 2192 Bellm. dürfte ich Sie vielleicht zu mir ver Hochzeit einlauben,
394 2020 3521 2284 am. Da ist kein Donner dabei, überso wenig
4003 2096 5738 2347 Sie findet in 14 Tagen statt
360 2192 3625 2414 eine Dora, die, soviel ich weiss, in Rabaln und
3961 2175 6387 2548 Dorf. Mit wem, wenn ich fragen darf?
352 2364 3609 2657 Liebe vorkommt. - Kurz ich bin verliebt. Da ich aber
3973 2452 6023 2695 Follen. Mit Fräulein Wiedsla Kotzen.
3349 2506 3646 2649 der wieder
3227 2603 3646 2724 amme
1232 2548 3164 2900 oder wie er hei Fuß oder Fast oder oder
3994 2573 6832 2917 Sprf (z. h.) Alles hat sich gegen mir verschweren
369 2582 1681 2796 nicht wie der „Dr.
3227 2687 3659 2796 Wm Ew Groß¬
423 2762 3659 3055 kastiefes hab, der mir meine Grathel verschaffen
4803 2766 6283 3047 Wiedsla Robzen kommt.
356 2871 3634 3185 so mich ich zurück selber meine Zuflucht nehmen
3994 2934 7192 3282 W. Rotzen. Ach mein Geliebter! (Bellmann u.usamend).
407 3055 3613 3395 und werde der Hilda vor Nachtigell ein Ständchen
3973 3089 7171 3407 Bellin. Sehen Sie, das ist meine innigst geliebte Wandels
4028 3278 6890 3571 ver, meine geliebte Braut. Herr Springensfeld
436 3315 1111 3508 bringen.
448 3441 1865 3659 Sprf. Nach betrieben.
4074 3542 6245 3785 früh. Habe schon es vergnügen.
461 3621 3630 3894 Ich thue das. - Jetzt lebe wohl, o betr wohl; das
3998 3621 7121 3977 W. Kolzen. könne, mein Geliebten. (Sie reicht ihm
499 3785 3676 4074 stulles Haus". Das sagt nämlich. Reimaul oder
4074 3772 6731 4158 den Arm.) Adieu, Herr Syringins Erb
490 3940 3554 4250 an es heißt in seinem Alpenfeind und
3969 4007 5281 4351 Bellmann. Adieu
474 4112 3705 4447 Nach den kann oder wie es heißte. Seraus (Ab)
