7400 4936
3751 156 7026 589 Präß dem! (Gährl.) Kräll, du bist ein Schöps¬
964 370 2766 728 Vor der Gerichtsdiener.
3743 392 5873 758 Schöps. Dann bin ich der krall.
564 602 2800 926 Hörel höret, - lasse mich sagen,
3768 560 6163 947 Schnupf. du bist ein Esel! (Ab.)
543 716 3654 1069 Nun hat sich geraust, man hat ich geschlagen.
3785 808 5587 1107 Kräll. Ich ein Schöps!
585 867 3153 1250 doch ihr habet hier nichts zu thun,
3840 947 5557 1259 Schöps. Ich ein Ehel.
3797 981 7186 1389 keide! Wir sind diener des Gerichtes’s
636 1065 3389 1410 Ihr könnt schlafen, - ihr konnt ruhe.
1394 1208 3292 1478 Bürger Kröswickels.
3797 1309 4673 1545 (Daide ab.)
4719 1351 7161 1726 Wuzel (durch die Straße gehend.)
1537 1377 3094 1701 Chrum und zuletzt
3856 1532 6904 1916 Hört ihr Herren, u und lasst auch sagen,
1511 1558 3313 1840 in ihre Häuser laufend. )
871 1726 3448 2042 doch ihr haben hier nichts zu thun,
3915 1777 6467 2151 Es hat schon aus geschlagen,
3911 1844 6959 2332 Bewahrt das Feuer und das Licht.
905 1886 3646 2290 Ihrer könnten schlafen, wir können müße,
3882 2033 6707 2433 daß niemand ein Schade geschieht.
1827 2105 2467 2345 (Ab)
400 2236 3587 2652 Schnungs. Geht auch ihr hinein, Giener des
4837 2307 6016 2631 Er blöste
455 2433 3587 2825 Gerichtes mit den Gefangenen und
4610 2530 6336 3006 Vorhang fällt.
438 2614 2635 3027 lege auch schlafen. Alle ab.
1343 2905 2547 3237 16. Auftritt.
1002 3153 2749 3507 Schimpf Schöpf Krall.
366 3360 3136 3680 Schnixf. Was wollet ihr von mir
379 3477 3608 3873 Schöps. Hier dies durch als corpus delicti
421 3776 1431 4050 für morgen
425 3806 2400 4197 Krall. und hier eine Dese'
484 4012 3688 4324 Schmöpf. Was, eine Dohn! (Offert dieselbe)
438 4231 3785 4593 (Enttäuscht) aber da ist ja keineinzige
