7416 5080
2073 456 2278 602 32
1530 660 2483 932 3. Auftritt
1271 844 3244 1124 Die Geschworenen kommen zurück
276 1095 3001 1371 Alla Geschworenen. Ludwig Schrenginsfeld ist frei
372 1162 3540 1538 Einer. Ir Anbetrachtung seiner jugendlichen Jugend ist
247 1467 932 1689 er frey.
339 1530 3528 1889 Scheupf. Gott sei gelobet! Übrigens komme ich vom
347 1731 3557 2073 Regen unter die Traufe die ist arge, zu meiner Frau I
288 1868 3582 2245 die ist ärger als ein Bataillon Mörder! Meine Herren
288 2119 2040 2399 Sie sind auch frei. - (Alle ab.)
347 2232 3561 2625 Schnupf (allein, wehmütig eine Reise nehmend). Sie alle
326 2445 2633 2801 frei, - nur ich gefangen! (Er mehrt).
1492 2780 2483 3010 4. Auffritt
1388 2955 2880 3244 Decoration des 1. Actes
1258 3148 3411 3440 Syssigesfeld (allein auf einer Bank)
330 3290 3540 3574 So wäre ich dem Ern. Schwill heute, mein Glück
343 3457 3603 3762 versuchen. Damer und dorins Gestern ist's nur wohl
305 3586 3645 4034 sichtig schlecht getragen. Doch jetzt will ich mich der Viele
301 3816 3657 4251 Hildas versicherte Ich höre Schreiben Sie ist es 5t Stellt
2328 3992 3085 4205 P.D.F.K.P.
1843 4021 2236 4172 A. I.
314 4042 1162 4402 sich schlafen.
2349 4167 3235 4431 &c. &c.
1513 4193 2253 4506 15. Auftrik.
2483 4330 2834 4502 Sreis
669 4339 3678 4690 Hilda von Nacht geb. Löteihen ev. Anfang
485 4448 1007 4748 Morgert
5020 171 5233 431 3:
3724 372 6813 761 Hilda. Ich noch te wissen, wer die Herren gester waren!
3762 635 5852 982 Lottchen. Die Geschichte ist ganz wüthselhaft!
3737 777 5965 1137 Vilda. Ach sieht da liegt ja xxx feld.
3766 1016 4953 1296 Lottcher. A der Geck!
3775 1166 5572 1471 Pilda. Der eingebildete Mensch!
3787 1367 5146 1597 Lottchen. Dieser Stutzer!
3812 1476 6333 1822 Hilde. Der jeder dann den Hof machts
3816 1651 5781 1948 Lottchen - Ein Dummer Mensch!
5133 1843 5538 1981 de und
3821 1852 6124 2149 Wieder¬ Wirklich herzlich denen!
3816 1960 7027 2312 Lottchen. Ich glaube gar, er meint, daß er hübsch ist.
3816 2186 7073 2504 Hilda. Damuß ich der sagen, was die Losicarspenig
3804 2366 7156 2633 mir von ihm Dazählt hat. (Sie wenden sich von ihr weg¬
3812 2470 7102 2893 Springsfeld (macht ein äußerst verdutztes Gesicht.)
3896 2709 7060 3005 stilda. Sie war zufällig der Abendbem Fenster. Du
3829 2867 6379 3185 weißt, sie wohnt dem Narren vis à vit
3933 3030 6818 3352 Tyving. Denn naren besächts, das bin ich.
3908 3202 7215 3553 Hilda. Sie sieht hinüber. Da steht der Geck beim Spägl,
3933 3382 6738 3674 Spring. Der Gnok dem Spiegel! Das bin ich 1
3954 3545 6772 3900 Kieds. Nimt eau de cologne, nimmt ösl.
3942 3729 7244 4059 Spr. Wie diese Trauenbetreiben es mir nicht einmal,
3871 3896 6249 4259 eau de cologres, sondern eau de Paris!
3950 3942 7231 4464 Vier O/S und Wachszumack, überhaupt-
