7416 4920
205 259 3548 668 den Rücken und gehen um die ganze Bühne Herrn
296 513 2346 835 Franz und Liest verblaufen.
271 697 2187 1014 Sprf. Domier und Doria!
484 835 3556 1227 die beiden Polizeimänner sind wieder im Vorder.
426 1073 1106 1290 Grunde.
376 1223 1486 1519 Schöpf. Navez I?
367 1315 2387 1615 krull. Wo ist der andre?
359 1523 2542 1803 Springf. Dommer und Doria.
388 1674 3381 2003 Schöpf. Wir sind diener des Gericht v.Z.
392 1891 2179 2154 kralt. Wo sind die andern.
417 2062 2012 2346 Schöps. Taschen durchsucht!
342 2179 3093 2471 kral. Du hast sie versteckt. Luzug.
401 2371 3222 2705 (Anfags durch sucht seine recht, Krall die Anke lasch er)
367 2575 2730 2901 Schöps (zieht ein Büchke aus der Tasche.)
480 2717 3660 3043 A. Fieseo. Ein, - ein schreckpulin tanisches -
538 2934 3660 3230 was - schreckpulitensches, Krall, kannst
321 3134 1515 3414 du das lesen -?
275 3297 3627 3623 Krall. Ein reg - republi - bli - blikani-kani¬
413 3427 3594 3794 sches Trauerspiel - Ein speck desla¬
376 3648 3326 3936 nisches Trauerspiel! - Re - Republik
447 3811 2542 4136 Schöpb. Was heißt denn das
371 3965 2759 4295 swall. A was it going to
371 4049 3510 4478 Schögs. O Richter Schnüpp! Das wird, am
3756 234 5568 518 Verhandlung werden!
3848 388 6974 718 Kral. Was heißt das 2. Antwortet Wir
3794 518 7120 914 sind Gerichtsdiener (Er zieht ihm aus der andern
3815 730 6920 1023 Kr. Kasche eine Brieftasche. Nach-r Goldene Dose.)
3848 922 7171 1215 A! H im Schupftabaksdose,- das ist für untern
3852 1102 6248 1369 Richter. Letzt folge uns Lüng!
3873 1219 5918 1594 Sperf. Donner u. Doria!
3898 1377 6515 1690 Krall. Wer ist das, - Schmoria.
3915 1578 6169 1903 Schöpf, dumpf, folge uns.
3940 1732 7129 2070 kla. Wir sind diener des Gerichtes
3998 1874 7141 2266 Schöpf. Ja ja, wir sind immer des Gerichtes?
4049 2183 4570 2404 Morsch!
4069 2271 5914 2592 (Alle ab.) 14. Auftritt.
4741 2446 5843 2763 Wuzel (kommt.)
3886 2600 6615 2934 Kört, Ihr Herren u. Adlasst auch sagen,
3944 2813 5952 3168 Es hat zwölte geschlagen, -
3940 2959 6202 3289 bewahrt das Feuer und Licht,
4007 3097 7162 3456 daß mein and aux Schade gespricht. (ab.)
