7384 4792
5181 150 7162 507 doch was ereifere ich mich!
3716 228 5035 528 Adolf! Pol dich der¬
3806 335 7170 705 Es sind vorhanden konnte da; - nemlich weiblichen
228 468 627 773 feld.
3789 563 7170 889 Geschlechtes. Schwill tüstig sein! - Solalalatala
236 662 2195 962 Schringf. (E.h.) Mein lieber -!
3806 791 5065 1023 Tralalatrala,
262 756 3321 1134 König. Ich bin heute sehr gutes Laune.
5014 907 6002 1169 3. Auftritt
271 962 3562 1293 Sprinzinsch (f.s.) Weil sie auch hieht. (Paul.) Ich finde
4795 1078 6483 1302 Voriger. Rittersporn
241 1151 2298 1396 Sie heute reizend, Fräumen.
3828 1259 7209 1495 Frittersporn (stürmt herein in pätischer Begeisterung,
258 1289 3656 1611 Houig. Schmuts gute reizend sein. - Gott, endlich sind
3867 1439 4855 1701 Ich liebe - sie!
236 1499 3076 1787 meine Wünsche in Erfüllung gegangen.
3901 1529 7067 1839 Spah. Wie komme ich zu der Ehre, - daß du
245 1633 3532 1963 Springinsh. (E.h.) Sollte sie mit ihrer Mutter¬
3914 1779 4795 2045 auch liebst. -
301 1830 1873 2122 Sie will mich wohl heirat an:
3892 1938 5886 2230 tittersporei. O disse Prazie, diese Ammut
322 1993 3549 2320 König. Lesen die doch da (die nicht eine Karte
3948 2062 7192 2419 Spof. Aber Ritterschöre, - bis du denn ein verkleidetes Frau¬
279 2208 1487 2432 aus der Losche.
3944 2316 4558 2548 enzimmert.
339 2367 3166 2616 Springsfakd. Dieß Träulein Gimy Loseren Hänig,
3901 2402 7231 2762 Rittersporn. O Hilda, gottliche Hilda! Hie Eigenschaften der
2436 2522 3497 2754 - Verlobte-
365 2556 2290 2818 Herr Adolf von Leutmann
3828 2616 5723 2896 drei Grazen vereinigst t in diese.
365 2685 3673 2960 Hönig. Sie werden doch zur Hochzeit kommen?
3914 2780 5791 3046 Syrl. Asso, die Bächtigel C.
335 2891 3579 3149 In 8 Tagen, lieber Herr "Spriegins" feld.
3944 2973 7269 3295 künfse. O kann ich Ihr gleich zu Füssen sieken und stammler
327 3072 1276 3351 Nicht wahr :
3974 3132 7089 3471 Schliebe doch! O dieses angesicht, - ich solche Dir,
382 3291 3673 3532 Sprieginsfeld (perstreut) Werde mir das Vergnügen
3815 3304 7269 3609 Schriegnisfeld! Diese Augen, dieses Rot der Lippen¬
374 3493 1139 3682 moyen.
3867 3463 7265 3759 dieses Rot könte einen Oessen zur höchsten Glut entflauen
4829 3652 5426 3802 den unsterblich,
348 3587 3703 3888 König. Her jetzt muß ich eine Mein geliebter
3892 3669 6681 3983 Zwar sagt Herr. O König Wiswawitra,
907 3768 3656 3987 wird mich schon erwarten. Adieu (Ab)
378 3781 735 4004 Adolf
4936 3806 6474 4047 Was für die Ohs bis Du,
382 3940 3690 4232 Sprin giebfeld. Lofica von König, Wolf von Leut¬
3862 4004 7248 4335 weiter kommt eine Gedächtniß nicht zu Hilfe, der
507 4112 3733 4438 mann, Verlobte. Ich bin ganz gaff. - Geliebter
