7320 4808
3733 228 5164 498 Studenten heraus.
172 284 3566 619 Reine auf du ist Ruh, das weiß ich. Es sind, glaub' ich
3716 365 7127 679 Rittag. Und heute in stiller Nacht, wenn alles ruht, wann
137 455 3562 748 verschlingende Keine, es gibt nemlich umarmende, krei¬
3716 503 7050 894 jeder Schlöster im Bette träumend liegt, so
3703 696 6926 1010 kann ich her und bringe ihr im Ständchen. (Königl.)
116 675 662 971 zende
752 799 3527 1139 Gott, - jetzt kommt wieder den Vortrag.
253 868 584 1108 Sprf.
3665 915 5791 1212 "O Geliebte meines Kerzens
262 967 3493 1319 Litterspüre. Und diese Nase. Welches Gefühl
3776 1040 6943 1375 Prof. Ospruch Wie viel Gedichte jetzt du schon auf sie
219 1181 1585 1444 muß darin wohnen.
3764 1267 5280 1521 Zusammengeschmiert.
228 1371 2324 1620 xx. Was, in der Nähe -?
3759 1401 7093 1731 Rittsch. Erst eilf" - auch der unsterbliche Schiller
288 1465 3600 1779 Ritterspöre. Nein.- Du verstehst mich nicht, - ver¬
3884 1590 7042 1834 achte Liebesgedichte; die besten sind aber von
258 1650 3549 1959 stehst nicht die Gefühle, die meine Fueres Kirch¬
3806 1740 7132 2045 dem unsterblich in Häme. Und wenn nach
249 1865 1877 2157 beben, verstehst nicht.
3798 1920 6921 2152 Verlauf an drei hundert Jahrhunderten
228 2028 3570 2329 Graf. Overh, owe  erbärme Dichmemer ohne¬
3789 2088 6908 2414 meine Liebesgedichte zu den besten zählen.
1302 2191 1465 2324 Die
309 2174 2397 2488 Und wenn sie nicht liebt?
3811 2251 7050 2543 Wenn euch nach drei Wahrhunderten der feu¬
245 2393 3493 2659 Rittersp. die liebt mich nicht. Was - mich
3837 2427 7029 2707 rige Liebhaber liest, und spricht. Sieh da,
318 2539 3613 2848 nicht lieben, - wenn ich mit allem Einer
3806 2608 7093 2857 dies sind die Werke des unsterblichen Anatol
296 2681 3441 2939 der höchsten Begeisterung, mit der Glut
3776 2827 7162 3055 Rittersporn, so "steig" ich gewaffnet hervor aus den
284 2853 3626 3175 den ersten Liebe an diesem göttlichen
3837 2964 7115 3308 Grab, wie unsee unsterblicher Heine sagt
279 3059 3381 3416 Wesen hänge - 10 wen sie mich nicht liebt
3854 3226 4180 3403 und
4382 3222 5074 3489 Jänner u. derca
275 3239 2999 3562 so tödte ich mich, daß ich be¬
3806 3287 7192 3665 dgr. 1. Darauf, edler Anatol, ich glaube der
894 3398 3497 3639 rend wenn du einen Nebenbuhlen
318 3458 696 3755 Spr.
3905 3536 4597 3789 Ja alles.
2762 3605 3158 3837 Boln
4417 3609 7239 3991 Lebe wohl und Gott mit dir, Springenbfeld
395 3635 1173 3888 sast, -?
3841 3716 4318 3953 Rittersch.
335 3759 3476 4013 Rittsch. Sonehre' ich übrig eine Peitsche und
3781 3837 6921 4107 verhülle deinen Mund mit Schweigen, — und
331 3944 3330 4270 hau ahn durch. Es schreße mich mitihm
3789 3987 7248 4365 schweige. So würde ersprechen, der versterbliche Jème (60)
967 4107 3660 4425 Man sieht aus dem Seeten doch immer den
365 4163 756 4481 Grf
