7320 4744
243 2031 525 2222 hier
781 2166 1007 2422 8:-
234 2930 955 3333 V. P.
5173 230 5807 447 Erster Akt.
4748 399 5924 703 Ein schöner freier Platz.
3867 582 6267 855 1875/ Gegen die rechte Coulisse ein Landhaus.
4136 760 7217 990 Rübsche allee. Sonniger Tag, der lede in Donnerung überge¬
3815 950 4110 1202 149
5073 1085 5781 1315 1. Auftritt.
5082 1220 5937 1515 Algerinquisfeld.
3763 1263 4531 1558 Donner und Donica!
3741 1424 7126 1693 Nun, so sage einer, diese Offiziersundfrau stehe mir
3763 1562 7204 1866 schlecht. Keiner hat Glück bei den Dauren wie ich
3793 1736 7200 2009 Von der Prinzessin bis zur Öbstlerie verlieben hiesig
3711 1923 7196 2209 in mich. Weiss Gott, im viel hübsche Mägdelen
3793 2122 7222 2352 jetzt nach mir seufzen. „Der ist der einzige, den
3771 2322 7157 2587 ich liebe: ob er mich wohl liebt. Nun, - ich sehe auch fesch aus.
3819 2426 7183 2739 dieser Köbel, - dieser Schnuarbart, - dieselben
3876 2660 7126 2847 Stiefel. Kurz mein ganzes extérieur ist wie dazu
3841 2795 7226 3103 gemacht, das ganze weibliche Geschlecht in Entzückung
3776 2977 7230 3272 zu setzen. - Ich, da kommt ja nampell gereglicher oder
3832 3151 7122 3424 König. Es wäre die mich liebt - und hübsch ist
3806 3320 6649 3659 sie auch, - das lass’ ich mir gefallen.
5047 3476 6137 3767 2. Auftrett.
4075 3672 6072 3975 Frl. Honig. Syringens Feld¬
3841 3828 7235 4136 Springsinsfeld. Ich küsse die Hand, mein Fräulein.
3936 3988 7239 4318 König. Guten Tag, mein lieber Herr Fringin
