5475 5208
2698 1112 4656 1448 der Einige war humlisch
607 1183 2626 1556 zur Erholung nach Ospedalette
597 1316 4677 1724 mit mir. Josel holt uns Josel ist ganz begeißert
607 1571 4697 1979 dann ab — Kinder ich freu u er schnarrt jetzt das
617 1831 2999 2193 mich diebisch Euch wieder
2846 1816 4656 2285 so wie Heim- u
658 2045 2693 2448 zusehen – Habe beinahe.
638 2060 4672 2657 Gewennt wie der Einige sagt jedes Mal - "So
2749 2341 4763 2749 würde Heimisagen
622 2484 2662 2856 is das Fraülein kann
719 2688 4809 3121 Fa – noch 1000 Dank Tho Lieben Garten — weiter
688 2938 4774 3488 für die herrlichen Blumen-Garte Bessermung! Alles
2769 3228 4825 3616 Gute-Schöne behaltet uns
785 3254 2606 3672 Ihr habt nur eine so
2830 3437 4590 3927 so lieb, wie wir Euch
755 3483 2754 3927 Große-Freude gemache.
