5527 5127
1059 1811 1505 2025 jede höre besten
999 1982 1493 2103 e hier zu sehe.
999 2041 1538 2224 shr Sfischly,
252 2476 2098 2692 te ich doch wieder einmal und
294 2587 2056 2872 10 Uhr in die Klappe gehen
273 2685 2165 2920 denn ich eine gestern Abend schon
261 2825 2134 3102 wieder aus. Morgen umte
320 2943 2087 3233 ich einmal zu Speidels, also
285 3133 2184 3411 wenn ihr erlaubt melde ich auch
290 3238 2210 3532 für einen andern Tag an. — Gertag
294 3368 2196 3589 wird vor Montag kaum kommen
306 3470 2189 3753 Allerhänglichst ferner getreuer Josef
