<?xml version="1.0" encoding="UTF-8" standalone="yes"?>
<PcGts xmlns="http://schema.primaresearch.org/PAGE/gts/pagecontent/2013-07-15" xmlns:xsi="http://www.w3.org/2001/XMLSchema-instance" xsi:schemaLocation="http://schema.primaresearch.org/PAGE/gts/pagecontent/2013-07-15 http://schema.primaresearch.org/PAGE/gts/pagecontent/2013-07-15/pagecontent.xsd">
    <Metadata>
        <Creator>prov=READ-COOP:name=TrHtr:version=2.1.0:model_id=51170:date=25_07_2023_08:06</Creator>
        <Created>2023-05-01T22:01:12.877+02:00</Created>
        <LastChange>2023-07-25T08:06:43.330+02:00</LastChange>
        <TranskribusMetadata docId="1416446" pageId="54947096" pageNr="9" tsid="130588083" status="IN_PROGRESS" userId="64420" imgUrl="https://files.transkribus.eu/Get?id=FGNUWZOHOCVIHQBBNTSXQGMD&amp;fileType=view" xmlUrl="https://files.transkribus.eu/Get?id=FOCBMFUHWMCLUILDNPBYBSAS" imageId="44451181"/>
    </Metadata>
    <Page imageFilename="1416446_0009.jpg" imageWidth="5512" imageHeight="5112">
        <ReadingOrder>
            <OrderedGroup id="ro_1711830462280" caption="Regions reading order">
                <RegionRefIndexed index="0" regionRef="tr_2"/>
                <RegionRefIndexed index="1" regionRef="tr_1"/>
            </OrderedGroup>
        </ReadingOrder>
        <TextRegion id="tr_2" custom="readingOrder {index:0;}">
            <Coords points="1104,1353 2938,1353 2938,3461 1104,3461"/>
            <TextLine id="tr_2_tl_1" custom="readingOrder {index:0;}">
                <Coords points="1139,1492 1291,1440 1811,1481 2072,1401 2829,1453 2834,1330 2593,1249 2373,1325 2061,1304 1142,1403"/>
                <Baseline points="1152,1457 1224,1445 1313,1445 1403,1439 1492,1439 1582,1433 1672,1427 1761,1421 1851,1415 1940,1409 2030,1403 2120,1403 2209,1403 2299,1403 2388,1403 2478,1409 2567,1409 2657,1403 2747,1409 2836,1409"/>
                <TextEquiv>
                    <Unicode>men, wie aber jeden Tag</Unicode>
                </TextEquiv>
            </TextLine>
            <TextLine id="tr_2_tl_2" custom="readingOrder {index:1;}">
                <Coords points="1126,1635 1325,1731 1630,1605 1864,1671 2199,1584 2650,1614 2806,1573 2811,1447 2675,1417 2066,1541 1756,1476 1424,1520 1254,1449 1130,1513"/>
                <Baseline points="1140,1606 1200,1606 1289,1600 1379,1600 1469,1600 1558,1600 1648,1594 1737,1594 1827,1588 1917,1588 2006,1582 2096,1576 2185,1576 2275,1570 2364,1576 2454,1576 2544,1570 2633,1570 2723,1570 2812,1570"/>
                <TextEquiv>
                    <Unicode>bin jetzt verhindert. Was</Unicode>
                </TextEquiv>
            </TextLine>
            <TextLine id="tr_2_tl_3" custom="readingOrder {index:2;}">
                <Coords points="1103,1784 1424,1857 1612,1765 1680,1802 2194,1745 2492,1820 2593,1742 2783,1749 2785,1646 2604,1596 2260,1694 1910,1669 1802,1726 1433,1671 1311,1735 1238,1660 1107,1674"/>
                <Baseline points="1116,1773 1176,1773 1266,1773 1355,1773 1445,1767 1534,1767 1624,1761 1713,1761 1803,1755 1893,1755 1982,1749 2072,1749 2161,1743 2251,1731 2341,1731 2430,1731 2520,1731 2609,1725 2699,1725 2788,1725"/>
                <TextEquiv>
                    <Unicode>Die Wesetzung der weitlichen</Unicode>
                </TextEquiv>
            </TextLine>
            <TextLine id="tr_2_tl_4" custom="readingOrder {index:3;}">
                <Coords points="1114,1983 1949,1923 2054,1988 2212,1910 2526,1930 2625,2011 2834,1976 2840,1800 2678,1862 2593,1797 2270,1779 2052,1839 1923,1774 1662,1813 1612,1765 1355,1889 1123,1793"/>
                <Baseline points="1128,1940 1140,1946 1230,1940 1319,1940 1409,1934 1498,1928 1588,1922 1678,1917 1767,1917 1857,1911 1946,1911 2036,1905 2126,1905 2215,1899 2305,1899 2394,1893 2484,1893 2573,1887 2663,1887 2753,1881 2842,1893"/>
                <TextEquiv>
                    <Unicode>Hauptvolle betrifft, so bin ich</Unicode>
                </TextEquiv>
            </TextLine>
            <TextLine id="tr_2_tl_5" custom="readingOrder {index:4;}">
                <Coords points="1132,2118 1944,2086 2157,2176 2448,2061 2884,2066 2886,1978 2405,2004 2199,1944 2049,2043 1745,2056 1607,1981 1382,2056 1265,2001 1132,2088"/>
                <Baseline points="1146,2108 1188,2108 1278,2102 1367,2102 1457,2096 1546,2096 1636,2090 1725,2090 1815,2084 1905,2084 1994,2078 2084,2072 2173,2066 2263,2066 2352,2060 2442,2054 2532,2054 2621,2048 2711,2042 2800,2042 2890,2042"/>
                <TextEquiv>
                    <Unicode>der Stennung daß wie am</Unicode>
                </TextEquiv>
            </TextLine>
            <TextLine id="tr_2_tl_6" custom="readingOrder {index:5;}">
                <Coords points="1107,2304 2176,2228 2384,2352 2694,2210 2930,2249 2937,2079 2545,2164 2306,2107 2173,2182 1848,2086 1435,2217 1272,2137 1114,2199"/>
                <Baseline points="1122,2275 1146,2281 1236,2275 1325,2275 1415,2269 1504,2269 1594,2263 1684,2257 1773,2251 1863,2245 1952,2239 2042,2233 2131,2227 2221,2221 2311,2215 2400,2209 2490,2209 2579,2209 2669,2203 2759,2203 2848,2209 2938,2203"/>
                <TextEquiv>
                    <Unicode>Burgtheater überhaupt seine</Unicode>
                </TextEquiv>
            </TextLine>
            <TextLine id="tr_2_tl_7" custom="readingOrder {index:6;}">
                <Coords points="1103,2453 1729,2437 1857,2508 2047,2419 2423,2389 2611,2467 2824,2391 2827,2338 2513,2276 2357,2361 2199,2240 1692,2359 1497,2286 1107,2364"/>
                <Baseline points="1116,2442 1128,2448 1218,2442 1307,2436 1397,2436 1487,2430 1576,2424 1666,2418 1755,2412 1845,2406 1934,2400 2024,2394 2114,2388 2203,2388 2293,2388 2382,2382 2472,2382 2561,2382 2651,2382 2741,2376 2830,2382"/>
                <TextEquiv>
                    <Unicode>Darstellerin haben, die sie</Unicode>
                </TextEquiv>
            </TextLine>
            <TextLine id="tr_2_tl_8" custom="readingOrder {index:7;}">
                <Coords points="1155,2685 1373,2609 2139,2556 2432,2682 2889,2565 2893,2474 2384,2503 2182,2419 1612,2554 1284,2501 1160,2554"/>
                <Baseline points="1170,2603 1194,2603 1283,2597 1373,2597 1463,2597 1552,2585 1642,2579 1731,2573 1821,2567 1911,2567 2000,2561 2090,2556 2179,2556 2269,2550 2358,2556 2448,2550 2538,2550 2627,2550 2717,2544 2806,2538 2896,2538"/>
                <TextEquiv>
                    <Unicode>ganz u. voll deckt. Ich wäre</Unicode>
                </TextEquiv>
            </TextLine>
            <TextLine id="tr_2_tl_9" custom="readingOrder {index:8;}">
                <Coords points="1142,2889 1447,2772 1662,2861 1825,2758 2208,2785 2350,2740 2499,2799 2843,2728 2845,2652 2668,2620 2453,2691 2107,2629 1939,2723 1745,2620 1545,2712 1394,2616 1146,2737"/>
                <Baseline points="1158,2770 1236,2765 1325,2765 1415,2765 1504,2759 1594,2753 1684,2759 1773,2753 1863,2747 1952,2747 2042,2747 2131,2747 2221,2741 2311,2735 2400,2735 2490,2735 2579,2735 2669,2729 2759,2723 2848,2729"/>
                <TextEquiv>
                    <Unicode>eher noch für die Behenfels¬</Unicode>
                </TextEquiv>
            </TextLine>
            <TextLine id="tr_2_tl_10" custom="readingOrder {index:9;}">
                <Coords points="1110,2987 1316,2932 1410,3003 1761,2921 1958,2969 2109,2921 2737,2944 2863,2921 2868,2774 2180,2877 2079,2783 1926,2863 1790,2822 1699,2889 1570,2804 1112,2905"/>
                <Baseline points="1122,2950 1170,2944 1260,2938 1349,2932 1439,2926 1528,2920 1618,2920 1707,2914 1797,2914 1887,2914 1976,2914 2066,2908 2155,2902 2245,2902 2335,2902 2424,2902 2514,2896 2603,2890 2693,2890 2782,2890 2872,2884"/>
                <TextEquiv>
                    <Unicode>als für die Witt, weil die</Unicode>
                </TextEquiv>
            </TextLine>
            <TextLine id="tr_2_tl_11" custom="readingOrder {index:10;}">
                <Coords points="1130,3129 1318,3207 1518,3125 1655,3191 1891,3088 2114,3086 2311,3180 2508,3060 2854,3074 2856,2983 2382,2937 1456,3008 1320,2960 1135,3026"/>
                <Baseline points="1146,3111 1158,3111 1248,3105 1337,3105 1427,3099 1516,3093 1606,3093 1696,3087 1785,3087 1875,3087 1964,3081 2054,3075 2143,3069 2233,3063 2323,3063 2412,3057 2502,3051 2591,3051 2681,3051 2770,3045 2860,3051"/>
                <TextEquiv>
                    <Unicode>Künstlerschaft der Josteren</Unicode>
                </TextEquiv>
            </TextLine>
            <TextLine id="tr_2_tl_12" custom="readingOrder {index:11;}">
                <Coords points="1091,3294 1295,3395 1499,3278 1811,3258 2476,3253 2588,3324 2701,3251 2923,3326 2930,3106 2357,3193 2047,3129 1676,3200 1495,3143 1094,3244"/>
                <Baseline points="1104,3284 1140,3278 1230,3272 1319,3272 1409,3272 1498,3272 1588,3266 1678,3266 1767,3260 1857,3254 1946,3248 2036,3242 2126,3242 2215,3236 2305,3236 2394,3230 2484,3230 2573,3224 2663,3230 2753,3224 2842,3224 2932,3218"/>
                <TextEquiv>
                    <Unicode>tretz ihres Alters eine prepe¬</Unicode>
                </TextEquiv>
            </TextLine>
            <TextLine id="tr_2_tl_13" custom="readingOrder {index:12;}">
                <Coords points="1096,3533 1243,3572 1417,3455 1586,3453 1827,3556 1978,3459 2100,3533 2343,3430 2554,3524 2648,3459 2792,3464 2799,3260 2421,3352 1770,3324 1596,3388 1440,3324 1100,3407"/>
                <Baseline points="1110,3451 1188,3451 1278,3451 1367,3451 1457,3451 1546,3439 1636,3433 1725,3433 1815,3427 1905,3427 1994,3421 2084,3415 2173,3415 2263,3415 2352,3409 2442,3404 2532,3404 2621,3404 2711,3404 2800,3409"/>
                <TextEquiv>
                    <Unicode>re ist und ich mich mit ihr</Unicode>
                </TextEquiv>
            </TextLine>
        </TextRegion>
        <TextRegion id="tr_1" custom="readingOrder {index:1;}">
            <Coords points="3075,1228 4980,1228 4980,3330 3075,3330"/>
            <TextLine id="tr_1_tl_1" custom="readingOrder {index:0;}">
                <Coords points="3060,1376 3216,1437 3716,1403 4005,1272 4285,1339 4500,1309 4576,1366 4743,1295 4899,1316 4901,1243 4796,1190 4239,1208 3941,1144 3503,1254 3290,1158 3067,1171"/>
                <Baseline points="3075,1337 3117,1337 3206,1331 3296,1325 3386,1319 3475,1313 3565,1307 3654,1301 3744,1295 3834,1295 3923,1295 4013,1289 4102,1289 4192,1289 4281,1289 4371,1283 4461,1283 4550,1283 4640,1278 4729,1278 4819,1278 4908,1283"/>
                <TextEquiv>
                    <Unicode>besser verstehe. Im Grunde ge¬</Unicode>
                </TextEquiv>
            </TextLine>
            <TextLine id="tr_1_tl_2" custom="readingOrder {index:1;}">
                <Coords points="3083,1541 3478,1483 3686,1568 4021,1465 4182,1522 4920,1460 4924,1343 4390,1394 4230,1300 4030,1291 3746,1405 3088,1442"/>
                <Baseline points="3099,1492 3135,1487 3224,1487 3314,1481 3404,1481 3493,1475 3583,1469 3672,1463 3762,1463 3851,1457 3941,1451 4031,1451 4120,1451 4210,1451 4299,1445 4389,1439 4478,1439 4568,1439 4658,1433 4747,1433 4837,1427 4926,1427"/>
                <TextEquiv>
                    <Unicode>nommen ist es, wie man</Unicode>
                </TextEquiv>
            </TextLine>
            <TextLine id="tr_1_tl_3" custom="readingOrder {index:2;}">
                <Coords points="3111,1696 3436,1667 3604,1763 3751,1696 3939,1729 4156,1632 4374,1738 4702,1733 4807,1653 4945,1657 4947,1559 4736,1573 4473,1495 4278,1570 3966,1557 3840,1502 3517,1589 3379,1520 3113,1612"/>
                <Baseline points="3123,1660 3159,1666 3248,1660 3338,1660 3427,1654 3517,1648 3607,1636 3696,1630 3786,1630 3875,1630 3965,1618 4054,1618 4144,1612 4234,1606 4323,1612 4413,1606 4502,1612 4592,1618 4682,1630 4771,1624 4861,1630 4950,1642"/>
                <TextEquiv>
                    <Unicode>in Wien zu sagen pflegt „ge¬</Unicode>
                </TextEquiv>
            </TextLine>
            <TextLine id="tr_1_tl_4" custom="readingOrder {index:3;}">
                <Coords points="3132,1933 3567,1868 3739,1953 4000,1880 4218,1900 4484,1795 4778,1841 4865,1823 4872,1660 4613,1747 4198,1660 3952,1738 3698,1708 3599,1768 3519,1710 3138,1724"/>
                <Baseline points="3147,1863 3171,1857 3260,1845 3350,1839 3439,1833 3529,1833 3619,1833 3708,1821 3798,1821 3887,1815 3977,1809 4066,1803 4156,1797 4246,1791 4335,1791 4425,1791 4514,1797 4604,1797 4693,1803 4783,1803 4873,1803"/>
                <TextEquiv>
                    <Unicode>supft wie gesprungen. Die</Unicode>
                </TextEquiv>
            </TextLine>
            <TextLine id="tr_1_tl_5" custom="readingOrder {index:4;}">
                <Coords points="3132,2040 3494,2077 3927,1988 4690,1965 4952,2011 4977,1875 3739,1953 3640,1891 3315,1894 3136,1958"/>
                <Baseline points="3147,2012 3189,2012 3278,2006 3368,2006 3457,2006 3547,2006 3636,2000 3726,1994 3816,1988 3905,1988 3995,1982 4084,1982 4174,1976 4263,1970 4353,1964 4443,1970 4532,1964 4622,1970 4711,1964 4801,1964 4891,1958 4980,1952"/>
                <TextEquiv>
                    <Unicode>Witt hat meine etwas Ver¬</Unicode>
                </TextEquiv>
            </TextLine>
            <TextLine id="tr_1_tl_6" custom="readingOrder {index:5;}">
                <Coords points="3157,2267 3441,2162 3712,2171 3835,2235 4264,2132 4936,2173 4940,2059 4583,1985 4225,2098 4085,2036 3723,2121 3164,2054"/>
                <Baseline points="3171,2167 3242,2167 3332,2167 3421,2161 3511,2161 3601,2155 3690,2155 3780,2155 3869,2149 3959,2137 4048,2143 4138,2137 4228,2131 4317,2126 4407,2126 4496,2120 4586,2126 4676,2120 4765,2120 4855,2114 4944,2120"/>
                <TextEquiv>
                    <Unicode>zerrtes in solchen Rollen.</Unicode>
                </TextEquiv>
            </TextLine>
            <TextLine id="tr_1_tl_7" custom="readingOrder {index:6;}">
                <Coords points="3168,2409 3342,2352 3666,2435 3964,2329 4264,2309 4328,2354 4420,2306 4716,2419 4890,2370 4894,2201 4023,2274 3783,2219 3487,2247 3386,2178 3173,2270"/>
                <Baseline points="3183,2346 3195,2341 3284,2329 3374,2329 3463,2329 3553,2329 3642,2329 3732,2329 3822,2323 3911,2323 4001,2317 4090,2311 4180,2305 4269,2305 4359,2305 4449,2299 4538,2305 4628,2305 4717,2299 4807,2293 4897,2299"/>
                <TextEquiv>
                    <Unicode>Das bleibt aber natürlich</Unicode>
                </TextEquiv>
            </TextLine>
            <TextLine id="tr_1_tl_8" custom="readingOrder {index:7;}">
                <Coords points="3177,2552 3696,2480 4956,2487 4959,2368 4711,2421 4516,2338 4422,2403 4262,2309 3980,2451 3856,2400 3180,2455"/>
                <Baseline points="3189,2496 3260,2496 3350,2496 3439,2490 3529,2490 3619,2484 3708,2478 3798,2478 3887,2472 3977,2472 4066,2466 4156,2466 4246,2466 4335,2466 4425,2466 4514,2466 4604,2466 4693,2466 4783,2460 4873,2454 4962,2442"/>
                <TextEquiv>
                    <Unicode>unter uns. Reden Sie noch</Unicode>
                </TextEquiv>
            </TextLine>
            <TextLine id="tr_1_tl_9" custom="readingOrder {index:8;}">
                <Coords points="3171,2701 3856,2655 4083,2779 4289,2648 4459,2717 4917,2666 4977,2531 4647,2581 4333,2510 4126,2565 3760,2536 3173,2659"/>
                <Baseline points="3183,2687 3189,2681 3278,2675 3368,2669 3457,2663 3547,2657 3636,2657 3726,2651 3816,2645 3905,2645 3995,2645 4084,2645 4174,2639 4263,2639 4353,2639 4443,2639 4532,2639 4622,2645 4711,2639 4801,2639 4891,2639 4980,2633"/>
                <TextEquiv>
                    <Unicode>einmal mit Schlentsee davon</Unicode>
                </TextEquiv>
            </TextLine>
            <TextLine id="tr_1_tl_10" custom="readingOrder {index:9;}">
                <Coords points="3138,2889 3310,2854 3455,2909 3661,2831 4042,2948 4294,2863 4617,2893 4968,2838 4970,2696 4569,2762 4207,2717 4078,2781 3725,2696 3590,2758 3141,2744"/>
                <Baseline points="3153,2842 3183,2842 3272,2836 3362,2842 3451,2842 3541,2830 3630,2830 3720,2830 3810,2830 3899,2830 3989,2830 4078,2830 4168,2830 4258,2824 4347,2824 4437,2824 4526,2824 4616,2824 4705,2818 4795,2818 4885,2812 4974,2824"/>
                <TextEquiv>
                    <Unicode>ber. Das fehlt eben eine</Unicode>
                </TextEquiv>
            </TextLine>
            <TextLine id="tr_1_tl_11" custom="readingOrder {index:10;}">
                <Coords points="3161,3047 3411,3060 3512,3026 3553,3038 3661,3015 3682,3031 3721,3022 3723,2976 3544,2960 3416,2886 3386,2900 3347,2866 3223,2941 3166,2918"/>
                <Baseline points="3177,3009 3189,3015 3278,3015 3368,3015 3457,3015 3547,3009 3636,3003 3726,3003"/>
                <TextEquiv>
                    <Unicode>Serma.</Unicode>
                </TextEquiv>
            </TextLine>
            <TextLine id="tr_1_tl_12" custom="readingOrder {index:11;}">
                <Coords points="3450,3223 3716,3166 3939,3265 4069,3187 4257,3228 4443,3159 4704,3260 4876,3203 4881,3047 4707,3099 4590,3035 4406,3035 4154,3113 3810,3015 3455,3056"/>
                <Baseline points="3463,3171 3541,3159 3630,3165 3720,3165 3810,3165 3899,3165 3989,3159 4078,3159 4168,3159 4258,3159 4347,3159 4437,3147 4526,3147 4616,3147 4705,3135 4795,3129 4885,3123"/>
                <TextEquiv>
                    <Unicode>Im Übrigen freu u ich</Unicode>
                </TextEquiv>
            </TextLine>
            <TextLine id="tr_1_tl_13" custom="readingOrder {index:12;}">
                <Coords points="3177,3352 3336,3434 3567,3441 3950,3315 4335,3395 4450,3329 4940,3322 4943,3221 4702,3260 4198,3219 3971,3274 3723,3200 3180,3230"/>
                <Baseline points="3189,3308 3242,3302 3332,3302 3421,3308 3511,3314 3601,3314 3690,3320 3780,3320 3869,3314 3959,3314 4048,3314 4138,3308 4228,3308 4317,3308 4407,3308 4496,3308 4586,3302 4676,3302 4765,3296 4855,3290 4944,3290"/>
                <TextEquiv>
                    <Unicode>mich sehr der interessenten</Unicode>
                </TextEquiv>
            </TextLine>
        </TextRegion>
    </Page>
</PcGts>
