5513 5207
1310 1266 4366 1592 Wir senden Buch, ihr geliebten Henschen zum Jahreswachsel die allerinnigsten Gläußer
1314 1508 4334 1746 und Zegenswuensche. Dir liebe Olga moege zu unserer aller preude die vöellige
1318 1653 3672 1943 genesung bald wiederkehren.In treue „Grstel und Josef“ hat
4068 1633 4309 1802 1.12
4164 1758 4422 1991 Nr
3801 2205 4031 2370 um
3527 2245 4160 2536 durch: Cop
1266 2455 4414 2693 WiEN 111 Nr. 483. Tarw. 37 (v. Ch.) aufgegeben am 16/7.190 8 um 3 Uhr 30 M. Mittag.
1475 2649 4176 2842 Sinnigsten Glückwunsch mein lieber Alter
1189 2810 4120 3007 Zu der wovertdienten Krönung Deines Werkes
2628 2935 4164 3136 ner Beide wohnsinnig
1189 2943 2382 3156 Wir freuen uns d
1189 3072 4120 3253 darüber Dir und Olga unsere wärmsten
1189 3120 4430 3459 Gründe und die Versicherungen unwandelbare
1234 3354 1649 3572 Treue
2471 3431 4188 3797 Josef und Grete Kainz
1693 3814 2000 4003 tember 1905.)
