4568 5704
1671 531 1963 705 4 —
1296 887 3953 1160 Der Eine poetisierender Offizier (Marine? aus jüdischer
963 1114 2244 1342 Abstammung?) totgeweiht.
2312 1088 2513 1228 G.C.H.F.F:F:D:H:D
1319 1182 2971 1414 Der Andere ein Sporteman, genesen.
1334 1262 3650 1508 Sie sind entschlossen, sich zu schlagen. (Duelle:
1008 1311 3995 1645 zum Beispiel eine Gletscherspalte. Ringen neben der Gletscher-
1342 1493 3790 1865 Die Prinzessin sehr lustig, gibt Auftrag wegen des
1918 1592 2141 1724 dans le
1012 1603 1421 1785 spalte).
1308 1796 3710 2039 Freundin: Du weisst, der Direktor will das nicht.
1027 1815 1444 2028 Spupers.
3600 1933 3854 2062 G.C.H.F.P.
1319 2005 2861 2206 Prinzessin:Ich will, Champagner.
1330 2043 3847 2323 Ueber den Spaziergang. Ueber Vergangenes. Die beiden
1330 2183 3919 2558 Prinzessin öffnet die Briefe, Ein Brief ihrer Mutter,
1042 2259 1846 2490 Kurmacher gehen.
1061 2384 4067 2672 eigentlich an den Direktor, offenbar verwechselt.Denn aus die-
1080 2498 4131 2774 sem Brief geht für die Prinzessin hervor, dass sie verloren ist,
1069 2698 2729 2884 nur mehr drei Monate zu leben hat.
1357 2736 4105 2975 Zu erwägen wäre auch, dass die Freundin in ihrem Hass ein
1092 2854 4014 3131 Mittel findet, die Prinzessin über ihren Zustand aufzuklären,
1095 3055 2570 3271 entweder ganz direkto, z.B.so:
1444 3077 4086 3366 Prinzessin:Mir wäre es ganz gleichgültig, ob ich morgen
1103 3301 2380 3513 oder in einem Jahr sterbe.
1452 3328 4044 3547 Freundin: Das bildest du dir ein - und zeigt ihr dann
1114 3483 3297 3763 einen Brief, aus dem die Wahrheit hervorgeht.
1402 3680 2930 3945 3.Die Prinzessin, der Direktor,
1433 3790 3699 4052 Direktor: Wie geht's? Sie leben wie eine Tolle.
1440 3847 4245 4158 (Sein Wesen zwischen Strenge und Liebenswürdigkeit. Er ist
1148 4036 3673 4336 innerlich verzehlt. Sein Ruf, Vorher schon darüber.)
1436 4105 4074 4400 Prinzessin: Warum haben Sie mir nicht gesagt, dass ich
1179 4358 1831 4544 verloren bin?
1463 4355 2683 4631 Direktor leugnet es ab.
1459 4495 3555 4719 Prinzesinn: Ich weiss es. Hier dieser Brief.
1474 4540 4048 4832 Oder:Meine Freundin, die Canaille, hat es mir gesagt.
1471 4779 2793 4984 Direktor:Es ist nicht wahr.
1471 4897 2827 5113 Dann: Ich könnte Sie retten?
1489 4931 3354 5257 Sein Liebesgeständnis in brutaler Art.
