4584 5688
3134 403 3300 526 G.H.
2585 396 3027 545 Il ne
2024 399 2458 545 1 p.r 1
1053 787 3834 1060 Zimmer. Sie ist vielleicht eine junge Fürstin. (oder Züge
1095 930 3876 1187 von der Barkirtzew), Sie ist schon einige Wochen in diesem
1091 1026 3922 1306 Sanatorium mit einer verarmten Freundin oder Kammerjungfer.
1414 1172 3830 1398 Aussicht von ihrem Zimmer in die Winterlandschaft.
1429 1283 3841 1506 Ihre zwei Kurnacher. Der eine, ein Sportemann, der
1106 1402 3811 1640 andere ein Künstler, beide engagiert gewesen, haben sich
1106 1536 3058 1782 losgemacht, aus Liebe zu der Prinzessin.
1452 1709 2581 1851 Die beiden Freundinnen
1448 1709 3968 1974 Hier könnte schon der Arzt flüchtig auftreten. Er ist
1133 1817 3964 2140 wegen seiner Strenge gefürchtet, lässt aber alles gehen wie
1467 2032 3857 2359 Der Brief lag schon auf ihrem Tisch. Sie eröffnet
1141 2105 1552 2286 es geht.
1149 2182 3918 2462 ihn, es ist ein Brief ihrer Schwester oder Mutter, der an
1160 2286 3991 2574 den Arzt gerichtet ist, irrtümlich an sie adcessiert wurde,
1168 2485 3238 2731 aus dem sie erfährt, dass sie verloren ist.
1502 2489 4133 2812 Nur ihr Entsetzen verrät vorläufig, dass etwas Schreck-
1168 2735 2443 2916 liches in dem Brief steht.
1510 2723 4122 3004 Der Arzt, erscheint, sehr erregt, er hat den Brief er-
1168 2881 4260 3146 halten, der für die Prinzessin bestimmt ist, muss also annehmen,
1198 2992 4133 3257 dass der an ihn gerichtete in die Hände seiner Patentin ge-
1183 3092 4006 3392 langt ist. Sie tut zuerst so, als hätte sie überhaupt noch
1202 3238 4141 3496 keinen Brief erhalten oder hätte ihn noch nicht gelesen, erst
1210 3350 4275 3615 im Lauf des Gesprächs gesteht sie's zu, erkennt an seiner Angst,
1214 3492 4133 3741 dass auch er sie liebt (?). Er tröstet sie, wir können irren,
1606 3707 4026 3941 Sie bestellt nun ein feines Souper mit Champagner,
1222 3703 1686 3849 und geht.
1233 3799 3941 4160 was übrigens in diesem Sanatorium nicht selten vorkommt.
3807 3880 4237 4072 erschein.
1625 4006 2362 4195 (Nebenfiguren.)
1621 4041 4218 4275 Nun kommen wieder die beiden Herren, die ihr erklären,
1241 4172 4179 4425 dass sie übereingekommen sind, um sie zu kämpfen. Sie hält es
1241 4287 4102 4544 zuerst für einen Scherz, aber es zeigt sich, dass es voller
1264 4391 4168 4682 Ernst ist. Es soll um Tod und Leben gehen, Vielleicht irgend
1268 4517 4152 4763 eine telle Gletschervanderung. Ein Ringkampf auf einer Berg-
1268 4740 2524 4913 spitze; oder dergleichen.
1667 4775 4310 4990 Die Prinzessin: Wozu? Ich habe nicht mehr lang zu leben,
1287 4886 4337 5117 Ich bin verloren. Ich liebe Buch Beide. Hier steht es geschrie-
1295 4936 4387 5274 ben. Noch höchstens sechs Wochen. Last um mich! Den einen sollen
