4600 5592
3055 368 3893 648 V. P. I. 1.1.,,1.7.7
1846 399 2354 706 Davos
1981 640 2179 818 von
1605 644 3273 977 Arthur Schnitzler
1904 857 2579 1082 (10.10.1911.)
1318 1140 2757 1357 Ein Winterkurort, etwa Davos.
2307 1295 2489 1404 re.
1342 1291 2241 1470 Das junge Mädchen.
1342 1280 3924 1613 Der Brief, in dem von ihrer Todeskrankheit gesprochen
1132 1423 1307 1578 G.F.P.
1915 1520 2179 1679 G.C.F.P.
1365 1528 3587 1838 Vielleicht absichtlich in ihre Hände gespielt.
1031 1535 1295 1776 wird.
1369 1745 2416 1923 Die beiden Jünglinge.
2722 1795 3152 1962 Lässt als
1377 1873 2276 2059 Lichter Wintertag.
1380 1896 3982 2148 Nachts nach einem Champagnermahl (Sanatoriumsstimmung)
1055 2040 3428 2292 öffnet sie zuerst die eine, dann die andere Türe.
1388 2148 3498 2389 Nehmt nicht beide, ich habe keine Zeit mehr.
1400 2292 3525 2524 Orgiastisches, vielleicht mörderisches Ende.
1408 2447 2295 2652 Auch als Einakter.
1431 2435 4071 2734 Sie kommt heimt, findet den Brief (Freundin, vielleicht
1090 2613 4025 2854 auch sagt es ihr der Doktor), worauf sie die Türen Öffnet und
1086 2757 2931 3005 den jungen Leuten den Vorschlag macht.
1431 2815 3680 3160 Ende? Sturz in den Abgrund? Gletscherwanderung?
2074 3106 2610 3362 (2.3.1912.)
1497 3265 4157 3532 Der Arzt des Sanatoriums bekommt den Brief in die Hand,
1132 3393 4040 3691 der für die Patentin bestimmt ist, stürzt sehr betroffen zu
1121 3637 2396 3862 ihr, eine Ausrede suchend.
1524 3587 4009 3912 Der eine Liebhaber ein Sportemann, geheilt, der aus
1140 3831 2730 4079 Dankbarkeit ins Sanatorium kommt.
1520 3854 3901 4122 Sie entflieht vielleicht beiden in irgend ein gar
4017 3916 4226 4095 hren,
1543 4083 4040 4343 Die beiden wollen um sie kämpfen, kommen mit diesem
1148 4079 1853 4265 lustiges Haus.
1144 4211 3916 4506 Entschluss zu ihr. Sie lacht. Nein, wozu? Wir können alle
4002 4195 4172 4451 de son
1171 4339 3901 4614 glücklich sein. Oder wenn ich in Ihren Armen an ihn, in
1163 4428 4060 4734 Ihren an ihn denke, wäre Ihnen das lieber? Vielleicht schon
1171 4579 4002 4862 alle Drei verurteilt. Der Arzt ist ein Erfinder, behandelt
1190 4634 4312 4975 sie mit einem neuen Serum, hat erfahren, dass das letztbereitete
1594 4917 4025 5246 Sie kommt erhitet in glücklichster Stimmung in ihn
1187 4917 1912 5083 missraten ist.
