4520 5656
1722 469 2023 642 5 —
1385 863 3002 1160 4. Die Prinzessin, ihre Kurnacher.
1377 1006 3914 1257 Prinzessin: Eine Neuigkeit, meine Herren. (das Souper
1017 1133 4038 1373 wird serviert) Es dauert nicht mehr lang. Nur mehr drei Monate,
1024 1302 2743 1546 Wie steht es jetzt mit Ihrer Liebe?
1407 1377 4019 1591 Der Offizier:Dann passen wir ja zusammen. In derselben
1036 1505 3880 1730 Stunde vielleicht dahin. Ich stelle mir das sehr schön vor.
1471 1557 3996 1835 Der Sportsman: Ich mache Sie gesund. Lebensenergie. In
1456 1805 4023 2060 Prinzessin: Es ist schwer. Ich weiss nicht. Wenn man
1036 1809 1719 1985 meinen Armen.
1047 1940 3918 2199 plötzlich keine Zeit mehr hat - Wen lieb' ich? Fast scheint
1501 2173 4109 2394 Nun, wie denken Sie? Drei Monate. Ob es gerade auf der
1062 2169 1599 2345 mir beide.
1066 2282 4064 2548 Tag ausgehen wird? Sechs Wochen der Eine, sechs wochen den An-
1141 2315 1321 2454 G.F.P.
1505 2548 3419 2758 Aber wer zuerst? Oder wollen Sie losen?
1081 2537 1347 2706 dere.
1509 2574 3884 2889 Nein, das ist widerwärtig!.. Ich will nicht so.,
1535 2814 2319 2994 Oder ein Duell?
1531 2934 2537 3096 5. Der Direktor dazu.
1535 2968 3978 3205 Indes haben die beiden Liebhaber sich schon zu dem
1103 3085 3689 3355 Kampf entschlossen. Gletscherwanderung etc.Sie gehen.
1550 3253 2889 3464 Der Direktor bleibt zurück.
1557 3291 4135 3580 Der Assistent teilt mit, dass die Beiden jetzt mitten
1130 3467 3298 3685 in der Nacht in einem Schlitten davonfahren.
1493 3554 4135 3794 Die Prinzessin sagt, worum es sich handelt. Sie kommen
1133 3771 2135 3974 beide nicht zurück.
1561 3805 3501 4034 Der Direktor bleibt bei der Prinzessin.
1516 3910 4147 4143 Prinzessin:Man weiss ja, Sie sind in alle Ihre Patien-
1156 4120 1981 4315 tinnen verliebt.
1520 4068 3036 4394 Direktor: Was wissen Sie davon?-
1580 4312 3846 4608 (Der Assistent kommt -1 sie soupieren im Hotel
1175 4469 2499 4758 mit ein paar Kokotten.
1602 4526 3569 4848 Die Freundin bringt diese Nachricht (7-)
