4600 5704
944 874 3812 1160 meine ersten drei Wochen gehören, dem andern meine letzten.
1269 1066 3146 1277 Beide verlassen sie. (Es wird gelost).
1297 1191 3165 1367 Sie bleibt allein zurück. Todesgrauen,
1301 1246 3436 1587 Das offene Fenster. Der kalte Sternenhimmel.
1265 1449 2182 1638 Sie stürzt davon.
1297 1434 3918 1829 Der Arzt, der eben kommt, wie sie in die Nacht hinaus-
1320 1688 3882 2021 Wenn jener vertauschte Brief eine Art von teuflischer
999 1747 1371 1873 stürzt.
987 1939 1563 2174 Rache wäre.
1822 2108 2445 2331 (28.4.1916.)
1344 2253 3816 2550 1.Die arme Freundin liest im Zimmer der Prinzessin.
1348 2464 2785 2636 Der junge Assistent kommt...
1352 2480 4023 2774 Assistent: Wo sind die Herrschaften? Prinzessin und ihre
1030 2746 1806 2915 zwei Kurmacher?
1379 2719 4027 2997 Freundin: Sportpartie, Schlittschuhlaufen, Rodeln, Passt
1030 2903 3032 3118 nicht für mich, macht mir kein Vergnügen.
1191 2887 4192 3267 Assistent: Ich war auch als Kranker hier, ich werde doch
1062 3177 2343 3373 sterben. Man glaubt’s nie.
1391 3287 2578 3467 Freundin:Die Prinzessin?
1387 3279 4258 3561 Assistent: Weiss nicht. Man hat hier schon das Merkwürdigste
1069 3502 2781 3745 gesehen. Nur der Direktor weiss es,
1399 3557 4153 3823 Aus der Vergangenheit der Freundin, Neigung zum Assisten-
1081 3651 4235 3933 ten. Der Assistent erklärt den Freundin, dass sie die Prinzessin
1077 3859 2464 4125 nicht liebt - sondern hasst,
1438 3847 4270 4215 Vor dem Fenster (es geht eine Galerie ringsherum) erscheint
1097 4098 1755 4325 der Direktor.
1434 4156 2973 4384 Direktor: Wo ist die Prinzessin?
1375 4329 2625 4521 Ueber sie Verschiedenes:
1453 4352 4098 4638 Von irgendeiner anderen, die heute Nacht gestorben ist,
1430 4513 4156 4783 Man schafft die Verstorbenen weg, ohne dass es irgendver
1128 4732 1438 4905 weiss.
1453 4807 2206 4983 Briefe kommen.
1465 4807 3279 5077 Assistent und Direktor zusammen fort.
1461 4963 3553 5253 2. Die Prinzessin und ihre beiden Kurmacher.
