4902 4599
2631 1416 3361 1652 Potsdam, 27. Nov.
1475 1536 1853 1753 sorme
1633 1628 2825 1864 Mein lieber Herr Doctor -
1652 1801 3262 1954 Das Stück die Kolle -, alles hat mich
1501 1888 3283 2138 entrückt —, aber ich kann's am Kl. The
1492 2020 3328 2207 nicht spielen - da fehlen:- Sauer und
1489 2148 3339 2355 Bassermann -. Wie gern ich wieder
1510 2263 3311 2473 immel etwas von Ihnen creirt
1487 2372 3384 2596 hatte, - bedarf wir nicht der Erwähn¬
1508 2509 3318 2764 =nny. Eigentlich war ja même
