4157 4665
1225 1273 2162 1521 Lieber Herr Doctor!
1111 1600 2878 1850 Verzeihen Sie mir, damit muß
1063 1764 2794 2025 ich erst diesen Brief beginnen
1063 1904 3101 2192 für Ihre liebenswürdige Antheilnahme
1063 2076 2891 2321 s. Z. an bewußtem Angriff gegen
1015 2192 3012 2438 mich, für den herzlichen Brief um
1018 2344 2908 2554 daß wirklich nette Bild, vielen
1038 2478 3038 2724 vielen dank. Wir haben jetzt nicht
1038 2620 2936 2850 mir den Poeten, sondern an¬
1018 2751 2913 3030 den Menschen freundschaftlichst
1012 2934 2898 3207 in unser Herz geschlossen und
1050 3103 2838 3265 wir, mein Mann und kf., bi¬
1048 3225 2820 3513 Sie, auch stets mit den pleno
