4902 4599
1487 1596 3262 1830 und Barnovskys Absicht, Liebeler,
1410 1744 3319 1927 Im dieser Saison zu bringen - aber
1432 1861 3278 2047 Reinharde wusste wol darum. —
1451 1994 3366 2149 schade, - es wäre bei mis besser behan¬
1477 2113 3338 2266 delt worden. Nun hoffentlich geben
1463 2237 3340 2447 Sie mir in nicht allzu langer Zeit
1451 2349 3362 2549 gelesenheit einen Schläger zu spie¬
1475 2473 3338 2647 fen, man sagt hier -, daß sie mit
1451 2602 3345 2771 seiner großen Arbeit beschäftigt sei in
1401 2711 3274 2892 Hazlichen Dank und ebensdlichen Gruß.
