4792 4503
561 1204 2341 1539 Befühlen unsere zu gedenken.
429 1370 2070 1693 Die Verzögerung meiner
412 1599 2224 1852 Antwort finden Sie gewiß
382 1763 2296 1988 entschuldigt, wenn ich Ihnen
365 1902 2128 2140 sage, daß ich seit 14 Tagen
377 2013 2309 2289 täglich Proben — fast jeden Abend
392 2162 1385 2420 beschäftigt bin.
362 2373 2222 2562 „Liebeln“ macht uns Allen nach
377 2497 2262 2768 wie vor stets die gleiche Freude,
367 2659 2219 2882 merkwürdig, mir wird das
348 2798 2172 3071 herrliche Stück von Tag zu Tag
357 2947 2257 3230 lieber, und wenn es nach mir
372 3123 2329 3371 ginge, - spielte ich überhaupt nichts
355 3240 2227 3555 Andres mehr in dieser Saison.
2537 1281 4290 1472 So wirds auch kannen, denn
2485 1427 4243 1656 das Interesse des Publikum
2512 1586 4203 1807 steigert sich, – wir hatten
2470 1701 4394 1956 um dinstag ein nahezu zur
2495 1844 4051 2041 ausverkauftes Haus.
2550 1961 4223 2177 Wie gehts mit der neuen
2567 2090 4498 2284 Arbeit, Dr. Br. hat mir verrathen
2517 2232 4498 2445 daß er im Erichling sie erwartet
2535 2343 4387 2554 nur hoffentlich werden Sie
2532 2455 4406 2694 mich auch bei Zeiten davon
2522 2594 4496 2842 in Kenntniß setzen, Sie wissen
2530 2738 4508 2981 welch mündlich depus Interesse
2525 2867 4523 3096 ich an Ihrem Schaffen nehme
2492 3006 4215 3245 Üebrigens ist es zur nicht
2492 3113 4069 3379 ausgeschlossen, daß Sie
2455 3299 4337 3528 persönlich alles erzählen könne.
2654 3404 4096 3699 Mein Mann beabsicht.
