4952 4585
528 1074 2095 1239 werden Sie nur zu
541 1189 2207 1420 übermüthig... Auf die
474 1327 2404 1548 Kolle der Anna muß ich aber
448 1463 2345 1687 erzichten –, theils, weil sie
437 1572 2369 1828 nicht so wichtig als daß der
437 1732 2215 1967 J Erfolg Ihres Stückes davon
442 1876 2446 2111 abhängt -, theils, weil ich mo¬
368 2001 2422 2249 mentan und voraussichtlich
368 2167 2396 2401 diese ganze Saison derartig in
413 2303 2385 2534 Anspruch genommen bin, daß
402 2438 2255 2686 es eine Nothwendigkeit ist,
349 2582 2167 2822 mich in einer Premiere
354 2726 2422 2985 nicht zu beschäftigen — die nicht
389 2860 2385 3155 absolut eine „Torma“ verlangt.
426 3046 2359 3230 Seien Sie mir ob meiner
405 3214 2396 3491 Ehrlichkeit nicht böse, ich kann
3926 815 4578 927 W. SCHÖNEBERGER UTER 39.
3614 994 4605 1255 Berlin, d. 3. 10. 90
2678 1258 4467 1564 Lieber Herr Doctor, es ist ganz
2574 1444 4640 1703 unglaublich wie lange ich Ihnen
2606 1599 4674 1794 schad eine Antwort und meinen
2582 1719 4653 1956 Dank schulde! All Herr Liebenswürdig –
2604 1850 4554 2100 keiten duftende, wie „süße haben
2561 1964 4568 2151 uns herzlich erfreut, Ihre Depesch¬
2558 2076 4515 2281 Thien Brief Alles habe ich erhalten
2550 2223 4515 2388 und da nur es mir bis heute
2529 2297 4589 2556 unmöglich zu antworten. Ein
2537 2412 4570 2676 Berg von Arbeit erwartete mich.
2542 2542 4602 2756 Statt einer Kolle im Sudermann -
2532 2636 4629 2889 Abend bekam ich deren drei. täglich
2532 2758 4594 3025 nun 6 Stunden Proben, Toiletten
2513 2884 4632 3185 auswahl und was sonst eine große
2516 3035 4664 3281 Prennere mit sich bringt. Das wissen
2526 3155 4645 3382 Sie ja auch zu beurtheilen, dann
2580 3267 4459 3558 darf ich hoffen, daß Sie mir
