4967 4584
486 1131 2315 1364 nicht allzusehr grollen – ob
486 1264 2417 1541 meines langen Schweigens.
468 1447 2443 1703 Was alß das Evermannsche Stück
486 1594 2281 1839 anbelangt, so habe ich mein
402 1743 2362 1988 Wirzlichstes gethan – zum Theil
426 1860 2440 2137 aus egvistischem Interesse — welches
350 2001 2380 2270 das begreiflich, - aber Dr Brahm
376 2179 2328 2419 ist von seiner Ueberzeugung
314 2299 2236 2565 nicht abzubringen, daß man
314 2440 2328 2683 dem Dichter keinen Gefallen in
266 2589 2336 2842 Berlin erweist, ihn mit diesem
314 2743 2236 2970 Werk einzuführen. Wie sehr
355 2858 2437 3143 ich diese Puthheidung bedaure,
353 2994 2424 3273 brauche ich nicht zu sagen, um
342 3140 2262 3451 so mehr, als die Aufnahme in
2599 1084 4514 1372 Wien auch einen großen
2573 1257 4520 1455 Erfolg in Berlin erwarten
2599 1426 4475 1669 läßt. Aber Sie kennen ja
2534 1573 4538 1810 meinen gestrengen director.
2594 1701 4533 1936 so lebenswürdig er sonst ist,
2586 1829 4546 2077 in literarischen Sachen ist
2594 1978 4480 2202 er nicht zu beeinflussen.
2610 2093 4507 2377 Nun zum zweiten, was
2584 2262 4658 2474 ich Ihnen mittheilen muß,
2618 2390 4577 2633 dass habe Ihr Stück gelesen, es
2592 2547 4350 2816 hat mich außerordentlich
2579 2662 4674 2955 gefühselt – ich halte seine Wirkung
2610 2832 4574 3085 für ganz einfehlbar — alle
2571 2950 4666 3190 übrigen Complimente, denken¬
2586 3104 4548 3362 Sie sich nun, wenn ich Sie
2594 3226 4530 3503 Ihnen Schwaz auf Weiß gebe
