3384 4104
2552 399 2689 547 26
1370 692 1767 801 Königin:
722 826 2866 998 Wie klein du bist! Und wenn die Bilder fallen,
730 1004 2653 1130 Wenn du die Bürsten stürzest in den Sand
733 1097 2937 1294 Wird dann nicht nach wie vor durch's ganze Land
747 1280 2861 1551 Sein ewiger Geist in seinen Liedern schallen?
774 1477 2883 1723 ... Der Wanderer singt's vergnügt in Feld und
2699 1614 2965 1761 Wald,
771 1808 2825 1999 Aus jeder Hütt' im Reich der Sang erschallt,
771 2002 2855 2158 Es hört's von seines Liebchen's süssem Munde
785 2163 2579 2286 Der junge Träumer in beglücker Stunde!
796 2333 2705 2478 Nimm ihnen, die begeistert sind und jung,
793 2516 2442 2691 Nimm ihnen eines Lied's Erinnerung.
801 2661 2451 2844 Ohnmächtig ist hier deine Tyrannei!
812 2798 2926 2976 Was gross und schön ist, König, das ist frei!
848 2937 2973 3129 ... Längst modert hier dein königlich Gepränge
826 3118 2814 3293 Vergessen Assad's Tron und Macht und Recht
826 3260 2817 3471 Noch träumen von Geschlechte zu Geschlicht
834 3457 2888 3695 Sich unvergänglich fort - der Lieder Klänge.
