3672 4104
2916 417 3067 577 38
1052 691 2955 837 Und düster dastand in des Morgen Grauen,
1055 845 3045 974 Zu seh'n der Scheiterhaufen stolzen Brand,
1061 1013 2695 1159 Der Monumente Stürzen anzuschauen.
1083 1164 2872 1324 Ich Narr! Ich unerhört betrog'ner Tor!
1114 1296 3314 1475 .. Was hör' ich draussen? Dringt nicht an mein
2995 1475 3154 1626 Ohr
1078 1626 3067 1788 Das Höhnen meines Volkes vor den Fenstern?
1106 1822 3115 1990 ... Der König Assad jagte nach Gespenstern;
1086 1962 2687 2180 Es hat die junge Königin indessen
1106 2149 2944 2306 In eines Buhlen Arm ihn gern vergessen!
1128 2281 3185 2466 Hört Ihr, von ihres Hohngelächters Tönen
1100 2452 3140 2611 Die Fenster klirren und die Balken stöhnen?
1114 2594 3140 2793 In meines Schlosses Hof sind sie gedrungen,
1114 2802 2774 2967 Das grosse Tor ward ihnen aufgetan.
1122 2913 3370 3084 Nun wird gelacht, geschrie'n, gejohlt, besungen;
1131 3090 3056 3227 Wir woll'n ihn seh'n, den tollen Ehemann!
1114 3207 3121 3456 Hört Ihr's!... Es dringt der roten Fackeln
2846 3375 3160 3510 Schein
