<?xml version="1.0" encoding="UTF-8" standalone="yes"?>
<PcGts xmlns="http://schema.primaresearch.org/PAGE/gts/pagecontent/2013-07-15" xmlns:xsi="http://www.w3.org/2001/XMLSchema-instance" xsi:schemaLocation="http://schema.primaresearch.org/PAGE/gts/pagecontent/2013-07-15 http://schema.primaresearch.org/PAGE/gts/pagecontent/2013-07-15/pagecontent.xsd">
    <Metadata>
        <Creator>prov=READ-COOP:name=TrHtr:version=2.1.0:model_id=51170:date=15_08_2023_05:03</Creator>
        <Created>2023-05-10T13:39:53.969+02:00</Created>
        <LastChange>2023-08-15T05:03:03.778+02:00</LastChange>
        <TranskribusMetadata docId="1428835" pageId="55433008" pageNr="12" tsid="132839097" status="IN_PROGRESS" userId="64420" imgUrl="https://files.transkribus.eu/Get?id=QLQUAXLGMMVNDJKADDQQIFSG&amp;fileType=view" xmlUrl="https://files.transkribus.eu/Get?id=PFVPFWJMPSCJMSVQCJVGYXMD" imageId="44707044"/>
    </Metadata>
    <Page imageFilename="1428835_0012.jpg" imageWidth="3544" imageHeight="4104">
        <ReadingOrder>
            <OrderedGroup id="ro_1711802342503" caption="Regions reading order">
                <RegionRefIndexed index="0" regionRef="tr_1"/>
                <RegionRefIndexed index="1" regionRef="tr_2"/>
            </OrderedGroup>
        </ReadingOrder>
        <TextRegion id="tr_1" custom="readingOrder {index:0;}">
            <Coords points="964,436 3119,436 3119,2478 964,2478"/>
            <TextLine id="tr_1_tl_1" custom="readingOrder {index:0;}">
                <Coords points="2899,523 2922,521 2941,508 3032,515 3027,267 2988,264 2935,303 2894,293"/>
                <Baseline points="2910,486 2954,486 2999,486 3035,489"/>
                <TextEquiv>
                    <Unicode>11</Unicode>
                </TextEquiv>
            </TextLine>
            <TextLine id="tr_1_tl_2" custom="readingOrder {index:1;}">
                <Coords points="950,822 2998,774 3022,654 955,699"/>
                <Baseline points="967,790 1008,787 1053,787 1098,787 1143,784 1187,784 1232,784 1277,781 1322,781 1367,779 1411,776 1456,776 1501,773 1546,770 1590,770 1635,767 1680,764 1725,767 1769,764 1814,761 1859,761 1904,758 1949,758 1993,758 2038,755 2083,752 2128,752 2172,749 2217,749 2262,746 2307,746 2351,743 2396,740 2441,737 2486,737 2531,737 2575,734 2620,734 2665,734 2710,731 2754,728 2799,728 2844,728 2889,725 2933,722 2978,722 3023,722"/>
                <TextEquiv>
                    <Unicode>Der Augen etwas matt, so will's mich dünken!</Unicode>
                </TextEquiv>
            </TextLine>
            <TextLine id="tr_1_tl_3" custom="readingOrder {index:2;}">
                <Coords points="947,1015 2530,1002 2807,884 3048,929 3053,806 952,882"/>
                <Baseline points="964,949 996,949 1041,946 1086,946 1131,946 1175,943 1220,943 1265,940 1310,937 1355,937 1399,934 1444,934 1489,931 1534,931 1578,931 1623,925 1668,925 1713,922 1758,922 1802,919 1847,919 1892,916 1937,916 1981,913 2026,910 2071,910 2116,910 2160,904 2205,901 2250,901 2295,898 2340,898 2384,895 2429,895 2474,892 2519,892 2563,889 2608,886 2653,886 2698,883 2742,880 2787,877 2832,877 2877,877 2922,874 2966,871 3011,871 3056,868"/>
                <TextEquiv>
                    <Unicode>Doch täusch' ich leicht mich so im Rückwärts</Unicode>
                </TextEquiv>
            </TextLine>
            <TextLine id="tr_1_tl_4" custom="readingOrder {index:3;}">
                <Coords points="2773,1115 2805,1120 2935,1054 2985,1062 3043,1044 3069,1062 3113,1052 3111,955 3061,950 3017,976 2894,960 2818,973 2771,965"/>
                <Baseline points="2787,1032 2832,1032 2877,1032 2922,1032 2966,1029 3011,1029 3056,1032 3101,1035 3119,1035"/>
                <TextEquiv>
                    <Unicode>blicke,</Unicode>
                </TextEquiv>
            </TextLine>
            <TextLine id="tr_1_tl_5" custom="readingOrder {index:4;}">
                <Coords points="960,1366 1873,1245 2318,1237 2794,1326 2807,1083 1973,1183 1687,1149 1546,1209 971,1183"/>
                <Baseline points="981,1289 1014,1286 1059,1286 1104,1286 1149,1286 1193,1283 1238,1283 1283,1280 1328,1280 1372,1280 1417,1274 1462,1268 1507,1265 1552,1262 1596,1259 1641,1259 1686,1256 1731,1253 1775,1250 1820,1250 1865,1247 1910,1247 1954,1244 1999,1244 2044,1241 2089,1238 2134,1235 2178,1232 2223,1229 2268,1226 2313,1223 2357,1223 2402,1217 2447,1217 2492,1214 2537,1211 2581,1211 2626,1205 2671,1205 2716,1202 2760,1202 2805,1199"/>
                <TextEquiv>
                    <Unicode>Weil er ja Brillen trug sowie Perrücke!</Unicode>
                </TextEquiv>
            </TextLine>
            <TextLine id="tr_1_tl_6" custom="readingOrder {index:5;}">
                <Coords points="1627,1570 1648,1578 1771,1541 1810,1551 1889,1538 1910,1554 1957,1536 2020,1570 2025,1431 1967,1431 1933,1413 1865,1418 1850,1434 1761,1426 1703,1447 1630,1444"/>
                <Baseline points="1644,1510 1671,1507 1716,1507 1760,1504 1805,1504 1850,1501 1895,1501 1940,1498 1984,1498 2029,1498"/>
                <TextEquiv>
                    <Unicode>Königin:</Unicode>
                </TextEquiv>
            </TextLine>
            <TextLine id="tr_1_tl_7" custom="readingOrder {index:6;}">
                <Coords points="999,1724 2614,1695 2860,1667 2865,1570 2229,1627 1931,1549 1005,1604"/>
                <Baseline points="1014,1716 1029,1716 1074,1710 1119,1710 1164,1707 1208,1707 1253,1704 1298,1701 1343,1698 1387,1695 1432,1692 1477,1689 1522,1689 1566,1686 1611,1686 1656,1683 1701,1680 1746,1680 1790,1677 1835,1674 1880,1671 1925,1668 1969,1668 2014,1665 2059,1662 2104,1659 2149,1656 2193,1653 2238,1653 2283,1653 2328,1650 2372,1647 2417,1647 2462,1644 2507,1644 2551,1638 2596,1635 2641,1635 2686,1632 2731,1629 2775,1626 2820,1626 2865,1629"/>
                <TextEquiv>
                    <Unicode>Ich aber seh' ihn anders - jung vor mir,</Unicode>
                </TextEquiv>
            </TextLine>
            <TextLine id="tr_1_tl_8" custom="readingOrder {index:7;}">
                <Coords points="986,1907 1415,1928 2263,1826 2818,1868 2917,1839 2922,1719 992,1821"/>
                <Baseline points="1002,1892 1044,1892 1089,1889 1134,1889 1178,1886 1223,1883 1268,1883 1313,1880 1358,1877 1402,1874 1447,1874 1492,1871 1537,1868 1581,1865 1626,1862 1671,1859 1716,1856 1760,1853 1805,1850 1850,1847 1895,1844 1940,1841 1984,1838 2029,1835 2074,1835 2119,1832 2163,1829 2208,1826 2253,1826 2298,1826 2343,1820 2387,1817 2432,1814 2477,1811 2522,1811 2566,1808 2611,1805 2656,1802 2701,1802 2745,1799 2790,1796 2835,1796 2880,1796 2925,1796"/>
                <TextEquiv>
                    <Unicode>Denn ew'ge Jugend ist des Künstlers Zier.</Unicode>
                </TextEquiv>
            </TextLine>
            <TextLine id="tr_1_tl_9" custom="readingOrder {index:8;}">
                <Coords points="1002,2083 3001,2007 3022,1894 2587,1860 2169,1949 2075,1884 1837,1970 1724,1918 1007,1991"/>
                <Baseline points="1020,2056 1056,2059 1101,2056 1146,2053 1190,2053 1235,2050 1280,2050 1325,2047 1369,2044 1414,2041 1459,2038 1504,2035 1549,2035 1593,2032 1638,2026 1683,2026 1728,2023 1772,2023 1817,2020 1862,2017 1907,2014 1952,2011 1996,2005 2041,2008 2086,2002 2131,1999 2175,1999 2220,1996 2265,1993 2310,1990 2354,1990 2399,1990 2444,1987 2489,1984 2534,1981 2578,1981 2623,1975 2668,1972 2713,1972 2757,1969 2802,1966 2847,1966 2892,1963 2936,1963 2981,1963 3026,1963"/>
                <TextEquiv>
                    <Unicode>Wenn seines Geistes Flammen nicht erkalten,</Unicode>
                </TextEquiv>
            </TextLine>
            <TextLine id="tr_1_tl_10" custom="readingOrder {index:9;}">
                <Coords points="1010,2224 1211,2274 1580,2192 2778,2198 2896,2179 2901,2051 1585,2153 1243,2088 1012,2148"/>
                <Baseline points="1023,2223 1065,2220 1110,2217 1155,2217 1199,2214 1244,2211 1289,2208 1334,2205 1378,2202 1423,2199 1468,2199 1513,2193 1558,2193 1602,2190 1647,2187 1692,2184 1737,2184 1781,2181 1826,2178 1871,2178 1916,2175 1960,2172 2005,2169 2050,2169 2095,2166 2140,2163 2184,2160 2229,2160 2274,2157 2319,2154 2363,2151 2408,2149 2453,2146 2498,2146 2542,2146 2587,2146 2632,2140 2677,2140 2722,2137 2766,2137 2811,2134 2856,2134 2901,2140"/>
                <TextEquiv>
                    <Unicode>Erspäh' ich nimmer seiner Stirne Falten;</Unicode>
                </TextEquiv>
            </TextLine>
            <TextLine id="tr_1_tl_11" custom="readingOrder {index:10;}">
                <Coords points="1020,2410 2773,2308 2967,2360 3017,2219 1026,2284"/>
                <Baseline points="1038,2381 1050,2378 1095,2375 1140,2375 1184,2375 1229,2372 1274,2369 1319,2369 1364,2369 1408,2369 1453,2369 1498,2369 1543,2363 1587,2360 1632,2354 1677,2351 1722,2348 1766,2345 1811,2340 1856,2340 1901,2337 1946,2334 1990,2331 2035,2331 2080,2331 2125,2328 2169,2328 2214,2325 2259,2322 2304,2322 2348,2319 2393,2319 2438,2319 2483,2319 2528,2316 2572,2316 2617,2310 2662,2307 2707,2304 2751,2301 2796,2301 2841,2298 2886,2295 2931,2289 2975,2286 3020,2286"/>
                <TextEquiv>
                    <Unicode>Sein Aug', selbst wenn es trüb, ja, wenn's</Unicode>
                </TextEquiv>
            </TextLine>
            <TextLine id="tr_1_tl_12" custom="readingOrder {index:11;}">
                <Coords points="2519,2501 2543,2496 2564,2519 2669,2491 2760,2509 2810,2478 2860,2506 2930,2488 2988,2514 2996,2355 2886,2373 2802,2360 2773,2386 2724,2381 2629,2415 2525,2415"/>
                <Baseline points="2537,2468 2545,2468 2590,2465 2635,2465 2680,2462 2725,2459 2769,2456 2814,2456 2859,2453 2904,2450 2948,2453 2993,2459"/>
                <TextEquiv>
                    <Unicode>er blindet,</Unicode>
                </TextEquiv>
            </TextLine>
        </TextRegion>
        <TextRegion id="tr_2" custom="readingOrder {index:1;}">
            <Coords points="1044,2573 3122,2573 3122,3526 1044,3526"/>
            <TextLine id="tr_2_tl_1" custom="readingOrder {index:0;}">
                <Coords points="1031,2721 2962,2661 2967,2540 2669,2491 2389,2525 2302,2606 1033,2640"/>
                <Baseline points="1044,2719 1047,2719 1092,2713 1137,2710 1181,2710 1226,2707 1271,2704 1316,2704 1361,2701 1405,2698 1450,2695 1495,2692 1540,2692 1584,2689 1629,2686 1674,2686 1719,2686 1763,2683 1808,2680 1853,2677 1898,2677 1943,2674 1987,2671 2032,2668 2077,2665 2122,2662 2166,2659 2211,2659 2256,2659 2301,2656 2345,2653 2390,2653 2435,2650 2480,2647 2525,2644 2569,2641 2614,2638 2659,2638 2704,2635 2748,2635 2793,2629 2838,2626 2883,2626 2928,2623 2972,2629"/>
                <TextEquiv>
                    <Unicode>Des Innern Glanz geheimnisvoll verkündet!</Unicode>
                </TextEquiv>
            </TextLine>
            <TextLine id="tr_2_tl_2" custom="readingOrder {index:1;}">
                <Coords points="1044,2907 2951,2833 3116,2807 3119,2729 1049,2818"/>
                <Baseline points="1059,2883 1062,2886 1107,2883 1152,2880 1196,2880 1241,2877 1286,2877 1331,2874 1375,2871 1420,2868 1465,2868 1510,2862 1555,2862 1599,2859 1644,2856 1689,2853 1734,2853 1778,2853 1823,2850 1868,2850 1913,2847 1957,2844 2002,2844 2047,2841 2092,2838 2137,2835 2181,2832 2226,2832 2271,2826 2316,2826 2360,2823 2405,2820 2450,2817 2495,2817 2540,2814 2584,2811 2629,2808 2674,2805 2719,2805 2763,2802 2808,2802 2853,2799 2898,2796 2942,2796 2987,2793 3032,2793 3077,2790 3122,2793"/>
                <TextEquiv>
                    <Unicode>Und nun - lasst uns geweihten Raum betreten!</Unicode>
                </TextEquiv>
            </TextLine>
            <TextLine id="tr_2_tl_3" custom="readingOrder {index:2;}">
                <Coords points="1049,3100 1389,3105 1766,3014 2880,3009 2888,2833 2462,2846 2315,2943 1057,2969"/>
                <Baseline points="1065,3038 1095,3038 1140,3035 1184,3032 1229,3029 1274,3029 1319,3026 1364,3023 1408,3023 1453,3023 1498,3023 1543,3020 1587,3017 1632,3014 1677,3011 1722,3008 1766,3005 1811,3002 1856,2999 1901,2999 1946,2999 1990,2999 2035,2993 2080,2990 2125,2990 2169,2990 2214,2987 2259,2987 2304,2984 2348,2981 2393,2978 2438,2975 2483,2975 2528,2972 2572,2969 2617,2969 2662,2966 2707,2963 2751,2960 2796,2960 2841,2963 2886,2963"/>
                <TextEquiv>
                    <Unicode>Den König auch hab' ich zu mir gebeten,</Unicode>
                </TextEquiv>
            </TextLine>
            <TextLine id="tr_2_tl_4" custom="readingOrder {index:3;}">
                <Coords points="1067,3249 1313,3265 1491,3181 2744,3168 2750,3048 1073,3121"/>
                <Baseline points="1083,3211 1098,3211 1143,3205 1187,3202 1232,3196 1277,3193 1322,3190 1367,3187 1411,3184 1456,3181 1501,3181 1546,3181 1590,3178 1635,3175 1680,3172 1725,3169 1769,3166 1814,3163 1859,3160 1904,3157 1949,3157 1993,3154 2038,3151 2083,3151 2128,3148 2172,3145 2217,3145 2262,3142 2307,3142 2351,3142 2396,3136 2441,3133 2486,3130 2531,3130 2575,3125 2620,3125 2665,3122 2710,3122 2754,3127"/>
                <TextEquiv>
                    <Unicode>Auf dass er nach des Tages Einerlei</Unicode>
                </TextEquiv>
            </TextLine>
            <TextLine id="tr_2_tl_5" custom="readingOrder {index:4;}">
                <Coords points="1067,3375 1682,3330 1886,3372 2185,3307 2653,3338 2687,3242 1070,3278"/>
                <Baseline points="1083,3348 1125,3345 1170,3345 1214,3342 1259,3339 1304,3336 1349,3336 1393,3336 1438,3333 1483,3333 1528,3330 1572,3330 1617,3327 1662,3324 1707,3322 1752,3322 1796,3319 1841,3319 1886,3319 1931,3316 1975,3313 2020,3310 2065,3310 2110,3307 2154,3304 2199,3304 2244,3301 2289,3298 2334,3298 2378,3295 2423,3292 2468,3292 2513,3289 2557,3289 2602,3289 2647,3292 2692,3295"/>
                <TextEquiv>
                    <Unicode>Sich freuen mag an holder Melodei,</Unicode>
                </TextEquiv>
            </TextLine>
            <TextLine id="tr_2_tl_6" custom="readingOrder {index:5;}">
                <Coords points="1086,3521 1750,3576 1988,3477 3014,3467 3061,3357 1994,3422 1520,3367 1224,3461 1091,3385"/>
                <Baseline points="1101,3516 1137,3510 1181,3507 1226,3507 1271,3504 1316,3504 1361,3504 1405,3501 1450,3498 1495,3495 1540,3495 1584,3489 1629,3489 1674,3486 1719,3483 1763,3483 1808,3480 1853,3477 1898,3477 1943,3474 1987,3471 2032,3471 2077,3468 2122,3465 2166,3462 2211,3462 2256,3459 2301,3456 2345,3456 2390,3453 2435,3453 2480,3450 2525,3447 2569,3447 2614,3444 2659,3444 2704,3441 2748,3438 2793,3438 2838,3435 2883,3432 2928,3432 2972,3429 3017,3426 3062,3429"/>
                <TextEquiv>
                    <Unicode>Wie sie dem Sinn des müden Denkers fromnt!</Unicode>
                </TextEquiv>
            </TextLine>
        </TextRegion>
    </Page>
</PcGts>
