3320 4168
2511 382 2658 532 34
563 604 2284 790 Noch immer jenes Anderen Angedenken
579 820 2472 951 Und während ich verlacht, vergessen bin.
585 917 2527 1120 Weiss ich Euch Jenem Eure Liebe schenken!
1242 1200 1649 1369 König in:
596 1339 1807 1544 Nein, König Assad nein!
1314 1632 1618 1749 Assad:
1527 1754 2480 1945 Warum doch nennt
629 1957 2453 2137 Ihr König Assad mich? Weil Ihr erkennt,
637 2081 2868 2286 Dass ich nichts Anderes mehr für Euch bedeute!?
648 2264 2580 2464 Doch König bin ich für die anderen Leute
654 2441 2777 2638 Hier soll mein Weib sich mir in Liebe neigen!
668 2635 2879 2813 Doch sie empfängt mich in bedrängtem Schweigen,
671 2777 2569 2976 Auf ihrem Antlitz les' ich Unmut, Angst,
690 3001 1588 3145 Ich seh' es klar...
928 3059 2885 3301 :Heftig:  Sprich's aus, wovor du tangst
1355 3392 1763 3558 König in:
715 3564 1491 3747 Ich bange nicht,
