3560 4072
1696 635 2004 835 Irsil:
1027 807 3079 982 ... Das letzte Werk des unvergess'nen Toten!
1640 971 2049 1146 König in:
996 1160 3158 1363 Vergilbt ist das Papier - verwischt die Noten
999 1346 3003 1490 Und doch durchströmt nun des Gemaches Luft
988 1496 3172 1668 Ein anderer, frischer - nicht des Moders Duft!
996 1677 3130 1840 Der Frühling selber ist’s, der uns umschwebt!
1008 1812 3226 2024 Ein jedes dieser Zeichen klingt und libt
1016 2035 3285 2171 Und sagt uns, dass nichts Grosses sterblich ist,
1010 2185 3062 2362 Dass nur der Arme starb - den man vergisst!
1121 2365 3215 2526 Wie kommt das Blatt zu Euch jedoch? - sagt
2958 2529 3119 2628 an!
1756 2698 2052 2862 Irsdl:
1050 2854 2986 3003 Mein Vater war ein kunstbefliss'ner Mann;
1070 2981 2763 3187 In unserem Hause, jedem Edlen offen,
1058 3144 2885 3347 Hat man der Künstler beste angetroffen
1067 3336 2870 3545 Alkandi auch ging bei uns aus und ein.
