3432 4104
2849 480 2992 626 39
827 718 2766 858 Zudringlich durch die Fenster uns herein
841 847 1945 1010 Seht Ihr's? Hört Ihr’s?
961 1001 2909 1155 :Man hört Lärm, sieht der Fackeln Schein:
1556 1198 2897 1341 Die Scheiben fliegen auf,
815 1341 3115 1487 Der Lärm, das Licht dringt grell und laut herauf,
809 1510 3032 1653 Kommt, folgt mir hin, dem Volke Euch zu zeigen,
809 1696 2940 1828 Denn ich will Ruhe, Dunkelheit und Schweigen.
852 1862 3100 2016 :Schleppt die Zwei zum Fenster, das aufgeflogen
1573 2059 1785 2156 ist:
829 2202 3000 2322 Was wollt ihr? Warum schreit Ihr? Und wesshalb
812 2348 2869 2514 Hebt ihr die Feckeln hoch, die rötlich falb
824 2497 2717 2660 Den Rauch in meine Augen steigen lassen?
821 2643 2763 2831 Was trieb zusammen Euch aus allen Gassen?
841 2823 2763 2972 Ihr wollt es seh'n, das buhlerische Paar?
827 2989 2863 3157 Seht her! Seht den, der einst ein König war
835 3100 2717 3309 Und den man als Betrog'nen nun verlacht.
841 3266 2537 3469 Noch aber hab' ich alle meine Macht!
847 3438 2688 3649 In meinen Händen, Irsil, liegt dein Los
