3432 4088
2689 396 2824 615 29
865 586 2818 790 Ohnmächtig bleibst du vor Alkandi's Geist!
859 781 2755 957 Und kommt dir irgendwo auf deinen Wegen
870 954 2640 1106 Im Traum versunken, ein Poet entgegen:
850 1063 2941 1247 So denk', dass stumm durch seine Seele zieht,
865 1209 2818 1385 Was du nicht töten kannst: Alkandi's Lied!
2482 1479 3059 1597 Im Orchester
911 1471 2450 1655 :Es senkt sich ein Mittelvorhang.
862 1623 3094 1755 ertönt die selbe Weise, die früher zu hören war.
865 1784 3120 1942 Die Szene stellt eine Landstrasse nahe dem Walde
859 1939 3094 2108 dar; in der Ferne eine Stadt. Es erglüht im Hin¬
873 2077 2993 2258 tergrund von einem erlöschenden Feuer. Ein ge-
879 2249 3148 2396 stürztes Monument in der Ferne. König Assad,
882 2436 2993 2548 in einen Mantel gehüllt, tritt auf, Grauender
870 2554 3177 2697 Morgen. Während des nun folgenden Selbstgesprächs
885 2740 2887 2893 klingt im Orchester die Musik leise weiter:
1580 2973 1884 3102 Assad:
885 3120 2663 3303 Dem Ende nah'n sich meine Wanderungen,
890 3286 2726 3481 Mein Herz ist ruhig, und ich atme frei.
896 3490 3008 3657 Der Vorsatz ist erfüllt, das Werk gelungen...
