3336 4056
2720 467 2867 586 25
1002 685 2473 829 :Er schlägt die Büste zu Boden:
801 807 2652 999 ... Da liegt nun dein Alkandi - Königin!
781 993 2660 1152 Vor die zerbroch'ne Büste wirf dich hin.
770 1149 3034 1282 Lass' mich den Staub, die Blumen noch zertreten!
775 1344 2442 1486 Nun kniee nieder, um ihn anzubeten.
1435 1506 2275 1709 Königin: stolz:
778 1769 2621 1873 König Assad! Das war fürstlich nicht!
784 1936 2714 2035 So - hält ein zorn'ger Knabe nur Gericht.
778 2100 2855 2207 Zersprang dies Bildnis auch von deiner Hand,
778 2267 2473 2394 Es ragen andere noch im weiten Land
1483 2493 1794 2638 Assad:
790 2657 2988 2796 Sie stehen heute! Morgen - sind sie fort!
784 2816 2680 2969 Aus meinem Munde dringt ein einzig Wort,
795 2943 2776 3144 Und was man allzu hoch versucht zu stellen,
784 3102 3054 3260 Erbeben wird’s - wirdõinken – wird zerschellen!
798 3260 2768 3421 Wo immer man sein Standbild aufgerichtet -
787 3427 2872 3651 Ein Zucken meines Aug's - es ist vernichtet!
