3560 4056
1043 564 2967 733 So - diese hier - und diese - jene nicht!
1041 725 3151 875 Ein Ruhmeskranz, den die Begeist'rung flicht,
1049 920 2978 1022 Darf in den reinsten Farben nur erblüh'n!
1038 1078 3159 1194 Matt sind die Rosen - und sie sollten glüh'n!
1054 1257 3115 1349 Ich hatte gern den schönsten Kranz gewunden.
1892 1468 2105 1663 Zoe:
1057 1636 3075 1779 Die Blumen, Königin, hab' i c h gefunden;
1059 1826 2761 1934 Sie wachsen in dem wundersamen Beet,
1062 1953 2980 2137 Das unter deinen Fenstern prangend steht!
1715 2256 2116 2382 König in:
1072 2437 3043 2559 0, selber pflücktest duö! Mein gutes Kind!
1816 2677 2105 2798 Irsil:
1107 2822 2632 2988 am Eingange stehend, ungesehen:
1075 2959 3004 3144 Wie Sie entzückt, wie sie andächtig sind!
1736 3217 2126 3428 Königin:
1078 3415 3083 3615 Du liebst ihn so, wie ich - und seine Sänge
