3464 4136
2724 340 3000 550 45
1621 647 1918 804 Irsil:
904 812 1462 939 Me in König!
1621 976 1923 1101 Assad:
1454 1101 2700 1244 0, erlasst mir Euren Dank.
923 1262 3086 1416 Der Stadtluft Dumpfheit macht den Sänger krank.
928 1457 2865 1597 Zu lang schon trugt Ihr Euer Los geduldig,
939 1602 2997 1734 Der König ist dem Künstler Freiheit schuldig!
963 1759 3108 1940 Lebt wohl! Der Abschied in der Morgenstunde
955 1934 2943 2096 Sei Euch erlassen. Denn gewiss, Ihr wollt
966 2058 2970 2269 Schon in der Früh davon. Ihr gebt mir Kunde,
976 2198 2986 2436 Wenn Ihr am Ziele! Sei das Glück Euch hold!
1033 2382 3191 2576 :Der König, dessen Worte immer befehlender
985 2530 3134 2733 geklungen, hat sich von I r s il abgewendet,
987 2698 2805 2873 der sich tief verbeugt und geht. Pause:
1662 2978 2055 3086 Königin:
1009 3070 2973 3286 Wenn ich den Sinn der Worte recht verstand,
1009 3191 2768 3429 Habt Ihr von unsem Hofe ihn verbannt.
1778 3545 1980 3666 Zoe:
