3544 4056
2874 334 2967 485 5
1011 606 3126 819 Berauschen dein jungfräulich Herz wie meines!
1721 819 2589 970 Irsil: wie oben:
1011 995 2981 1121 Für meine Melodei'n jedoch schlägt keines
1008 1132 2992 1318 Als wenn mir nie ein schönes Lied gelänge!
1666 1362 2063 1482 Königin:
2956 1400 3135 1529 xx
1003 1523 3203 1671 Du schweigst, mein Kind?! Und überkömmt's dich
2872 1655 3154 1852 nicht
1011 1836 2765 1976 Vor diesem Bild - in seinem Angesicht
1003 1951 2713 2148 Mit einer heiligen und siissen Scheu?
1756 2200 1965 2354 Zoe:
1017 2378 2548 2543 O Königin! Auch ich verehre treu
1011 2493 3126 2699 Wie du - der grossen Hingeschied'nen Geister,
1238 2715 2433 2874 :Gewahrt lrsil; errötend:
1099 2893 3266 3011 .. Doch lieber sind mir die lebend'gen Meister!
1715 3093 2011 3230 Irsil:
1003 3230 3184 3430 Da schmückt sie nun den kalten Marmelstein -!
1008 3409 3077 3633 Mit dieser Hand, so warm, so zart, so klein,
