3656 4120
3035 362 3165 539 40
1115 611 3015 775 Und strafen will ich königlich und gross.
1109 797 2968 932 Hier von der Brüstung in die tolle Menge
1126 943 3142 1095 Stürz' ich hinunter dich! Der Fackeln Licht
1134 1093 2824 1250 Sei deines Sterbetages Festgepränge,
1131 1242 3320 1425 Hinuter... stirb! Es hält mein Volk Gericht!
1198 1383 3402 1582 :Der König stürzt den sich wehrenden I
1165 1591 3331 1759 1 1 nach kurzem Ringen zum Fenster hinunter;
1173 1737 3181 1934 die Königin schreit auf. Plötzliche
1170 1931 3367 2077 Stille, Dunkelheit. Der König stürzt nach
1184 2075 3281 2252 vorn, während die König in fassungslos
1184 2227 3380 2404 stehen bleibt, und sinkt auf den Divan. Der Vor¬
1189 2396 3372 2553 hang zum Musikgemach ist gefallen; im Orchester
1201 2526 3250 2700 erklingt jene Melodie. Der König liegt
1198 2667 3422 2863 schwer atmend, unruhig schlafend, auf dem Divan.
1203 2830 3156 3021 Pauss. König, Zoe und Irsil treten heraus:
1864 3090 2263 3237 König in:
1225 3225 3165 3391 Ich dank' Euch, lrsil! Mir gefiel es sehr,
1212 3394 3129 3610 Nun wollen wir des Königs Meinung wissen.
