2936 4024
2198 371 2336 565 22
399 559 2657 767 Ich liebe dich! Das hier ist kalt, ist Stein!
396 759 2328 936 Besinne dich! Dein Gatte, steh' ich hier,
416 894 2291 1105 Ich, Maja! küsste deines Kleides Falten
402 1049 2333 1237 Erinnere dich, die Lippen küsst' ich dir,
419 1217 2249 1406 In meinen Armen hab' ich dich gehalten!
427 1380 2437 1563 Ich war es, der dein stolzes Herz begehrte,
433 1521 2302 1726 Vor dir im Staub lag ich, erinn’re dich,
433 1701 2361 1906 Die Meine warst du, und du liebtest mich,
439 1892 2499 2083 Ich war es, der die Trunkenheit dich lehrte.
1085 2165 1462 2336 Königin
641 2328 1810 2502 :sich nach ihm umwendend:
444 2494 2522 2668 Ja... dunkel noch besinn' ich mich der Zeit,
450 2645 2156 2822 Da König Assad um sein Weib gefreit.
450 2803 2381 2971 Doch Eurer Liebe Frist war kurz gemessen,
461 2949 2432 3109 Ein kurzer Rausch nach einem süssen Trunk,
461 3112 2249 3284 Und heuchlerisch nennt Ihr Erinnerung,
469 3239 2502 3407 Was nichts ist als ein langsames Vergessen.
472 3407 2044 3624 Nun aber weile lang ich im Palast
