3352 4104
2623 367 2764 510 24
752 651 2777 771 ... Hätt' ich aus wohlverschlossenem Gemach
731 779 2461 885 Dein buhlerisches Lachen tönen hören,
736 898 2753 1042 So dürft' ich gen Lebendiges mich empören!
725 1039 2796 1262 Die Türe schlüg' ich ein mit meinem Schwert,
725 1233 2618 1374 Zu rächen mich an dem, der mich entehrt!
736 1382 2583 1525 Nun aber, wie zur Wahrheit ich erwache,
747 1541 2684 1719 Grinst mich versteinert dieses Bildnis an
741 1714 2719 1895 Fühlloser Marmor dort - und hier ein Mann!
744 1879 2410 2054 Bet rogen bin ich so um meine Rache!
744 2081 2487 2222 Das Leben Tausender in meinen Händen,
744 2214 2772 2349 Und von dem starren Tod werd' ich verlacht;
725 2373 2535 2485 Es soll des Königs nie gekränkte Macht
741 2511 2618 2665 Von diesem stummen Aug' bezwungen enden.
1063 2650 1927 2788 :Auf die Büste zu:
731 2785 2429 2974 Hinab mit dir! Und diese Blumen all
949 2942 2169 3117 :Die Königin erhebt sich:
763 3128 2894 3253 ... Mit denen man dein Haupt zu kränzen wagte,
744 3234 2796 3436 Dieweil man mir die kleinste Gunst versagte,
728 3407 2673 3617 Zerschmett're sie in deinem letzten Fall!
