3480 4088
2810 395 2958 527 28
862 610 2576 801 Des Königs Majestät hat er gekränkt,
873 763 2539 980 Und so in seines Genius Vermächtnis
878 919 2901 1096 Vertilg' ich ihn, vertilge sein Gedächtnis!
897 1104 2807 1303 ... Und noch, bevor die Fraue Frühe naht,
884 1244 2592 1432 Ruf' ich zusammen meiner Weisen Rat,
889 1391 2904 1617 Wie mein Befehl am schnellsten zu besorgen,
886 1585 2960 1759 Das ganze Land erfährt's am nächsten Morgen!
900 1749 2595 1921 Ich selber aber, allzutief ergrimmt,
900 1888 2743 2066 Um unter einem Dach mit Euch zu weilen,
908 2079 3068 2256 Dieweil das Volk des Fürsten Schmach vernimmt,
921 2270 2982 2410 Will meinem Groll und Eurer Schuld enteilen.
924 2404 2796 2595 Und selber will ich, einsam - unerkannt,
916 2571 2890 2756 Mich auf die trauervolle Wand'rung machen
929 2737 2834 2912 Selbst den Gehorsam prüfen rings im Land
935 2877 2780 3108 Und über meinen heil'gen Willen wachen!
1271 3078 2369 3301 :Wendet sich zum Gehen:
1593 3288 2012 3479 König in:
951 3409 2982 3643 Tu' immerhin, was dich der Wahnsinnheisst -
