3368 4088
2699 460 2831 561 18
790 626 2634 813 Wann hat man deine Grösse denn erkannt?
790 844 2551 979 Wie einsam irrtest du als junger Fant
805 971 2457 1122 In meines königlichen Vaters Gau'n!
797 1177 2714 1275 Wie spät erfuhr man deines Genius Kraft -
810 1296 2779 1439 Wann beugte man sich deiner Meisterschaft?
808 1478 2766 1649 Erst als dein Haar zu bleichen dir begann
821 1639 2696 1797 Vom Greise sagten sie: das ist ein Mann!
810 1836 2795 2008 Begeist'rung heb nun an in Nord und Düden,
834 2000 2470 2148 Ist dir in deine Klause nachgeeilt.
834 2172 2868 2327 "Ja, wisst Ihr, wer in uns’rer Mitte weilt?
844 2346 2678 2470 Verspätet fand der Ruhm den Allzumüden!
831 2481 2813 2662 Der Menge Ruf, der tosend zu dir schallte,
852 2652 2574 2813 Vor einer Krankenstube Tür verhallte,
852 2785 2709 2995 Und wenn ein Weib zu deinen Füssen sank
857 2925 2491 3146 Ihr wurde nimmer deiner Liebe Dank!
860 3081 2951 3252 Was nützt dem Sterbenden des Ruhmes Zoll...?
857 3249 2753 3449 Nun, da du tot bist, sind sie Alle toll!
865 3468 2686 3649 Sie bau'n dir Monumente! Erz und Stein
