3560 4088
2878 410 3002 538 10
1573 658 2016 844 Königin:
966 790 2714 991 Wie musste dieses Haus beneidet sein!
969 969 2070 1149 Und Ihr - Ihr saht ihn?
1667 1172 1975 1358 Irsil:
2052 1348 2926 1494 Ach, zu jener Zeit
1017 1509 3069 1659 ... Ein Knabe war ich - und mein ganzer Sinn
976 1692 2679 1896 Auf eitel Spiel gerichtet - Königin!
1004 1909 2908 2080 Verschlossen war mir aller Kunst Bereich,
997 2031 2921 2225 Und Stümper oder Meister galt mir gleich!
1649 2256 2049 2432 Königin:
994 2488 3015 2618 Doch habt Ihr im Gedächtnis noch sein Bild,
1007 2656 2850 2824 Das tiefe Aug' — die Haare lockig wild?
1731 2913 2019 3030 Irsil:
1012 3008 2895 3214 Ja, noch gedenk' ich seiner, doch er war
1009 3199 2872 3341 Ein Greis zu jener Zeit; das wilde Haar
1017 3385 2969 3510 Ein wenig zahm geworden; auch das Blinken
