3496 4104
2696 335 2817 524 44
901 601 2825 788 Die ich für Euch ersann. Im Schloss das
2516 796 2893 928 Treiben,
917 933 3028 1057 Schon lange merk' ich's, es behagt Euch nicht,
914 1117 2680 1252 Ich sehe klar, was Eure Miene spricht:
920 1265 2978 1397 "0, könnt' ich fort, o misst' ick hier nicht
2656 1410 3059 1592 bleiben!
1634 1602 1929 1744 Irsil:
917 1758 2200 1931 Mein Köng, diese Meinung
1647 2024 1942 2140 Assad:
2153 2148 2619 2290 O, gemach,
954 2256 3033 2466 Ich fühl' es Euch, dem wahren Künstler, nach,
959 2490 2856 2653 Ich geb' Euch Eure Freiheit drum vollauf.
949 2635 2909 2825 Und wenn Ihr einen Rat mir noch gestattet:
964 2785 2972 3001 So sucht, vom Lärm des Hofes tief ermattet,
975 2954 2801 3115 Am Strande unsern eig'nen Landsitz auf.
972 3096 3072 3262 Die Jahreszeit ist spät... Ihr solltet eilen,
970 3244 2825 3462 Zumal der Wag dahin dreihundert Meilen.
1710 3462 2000 3655 Irsil:
