3544 4088
913 586 3039 771 Berührt sie eine Stirn, die nichts empfindet.
927 783 2828 930 Der Kranz, den sie um jene Stirne windet
919 936 2799 1078 Bald welkt er auf dem kalten Marmor hin
924 1063 3146 1248 Dem nie bewusst, welch Glück ihm heut erschien.
1589 1283 1996 1499 Königin:
945 1499 3253 1664 0, dass uns schon sein grosser Geist entschwebte!
945 1687 2767 1820 Wie musste man ihn lieben, da er lebte
956 1826 2825 2042 Ihn, der für alles, was uns tief erregt,
959 1990 3085 2187 Den reinsten Ton, das schönste Lied ersonnen,
974 2172 2796 2351 So dass die Seel', im Innersten bewegt,
968 2375 3290 2559 Mitklingt, mitrauscht gleich jenem Märchenbronnen
968 2513 2819 2669 Aus dessen Tiefen Nixen Antwort singen,
985 2663 3238 2851 Wenn fernher Sturmwind naht auf Wolkenschwingen!
1699 2926 1987 3146 Irsil:
982 3082 2964 3235 So raubt mir jener längstverstorbene Mann,
1008 3285 2834 3452 Was mich Lebendigen nur entzücken kann!
1005 3469 2672 3648 Vergebens in die starren Augen dort
