3416 4072
2613 394 2751 532 16
1501 644 1814 759 Assad:
1092 779 2674 917 Ich meine: dass nur dann ein Lied
811 975 2737 1098 In wahrhaft reiner Schönheit uns umfängt,
811 1118 2921 1259 Wenn es wie Geisterhauch die Luft durchzieht,
814 1282 2797 1412 Uns nicht mit körperlicher Macht umdrängt,
811 1409 2748 1541 Den Ton zu hören, will ich mich gewöhnen,
811 1607 3116 1722 Das körperlose Spiel - das nicht zu fassen,
814 1736 3056 1903 Mich durch die Spielerei nicht stören
2642 1906 2984 2047 lassen.
816 2056 2901 2240 Nicht ahnen will ich, dass die Tasten tönen,
822 2251 2708 2398 Nicht wissen, wie's der arme Atem macht,
822 2406 2754 2527 Bis er mit Muh' den Klang hervorgebracht.
819 2559 2757 2682 Das ist’s, warum Natur so herrlich wirkt,
828 2717 2731 2861 Weil sie uns ihre Arbeit stets verbirgt,
831 2898 2769 3002 Wir sehen das Geschaff'ne wahr und gross,
831 3062 2668 3220 Kunst ringt sich niemals ganz vom
2093 3137 3102 3372 Künsteln los.
1489 3344 1892 3536 Königin:
831 3493 2803 3674 Mit einem Wort - dieweil im reichen Segen
