3432 4088
2649 379 2786 522 31.
821 622 3114 810 wandlung. Es ist wieder die Szene wie im
838 790 3062 1021 Anfang zu sehen. Anfangs bleibt die Bühne leer.
1172 952 2518 1166 König Assad tritt auf:
1560 1203 1862 1323 Assad:
861 1300 2908 1511 Sie schlafen Alle... Durch den dunklen Gang
861 1534 2903 1665 hat Sehnsucht mich in dies Gemach geleitet,
872 1679 2928 1845 Wo mir so schlimmer Abschied ward bereitet.
887 1868 2692 2027 Nun aber, da ich meinen Feind bezwang,
881 2053 2680 2210 Ein Sieger, zur Geliebten wiederkehre,
907 2204 3022 2398 Ist's nur Versöhnung, die ich heiss begehre
1514 2429 2084 2572 Die Königin
972 2540 3019 2757 :tritt aus ihrem Schlafgemach, erblickt den
1052 2737 2250 2897 König und fährt zusammen:
935 2883 2318 3059 Ihr seid es — mein Gemal.! I?
1631 3079 2925 3248 Assad :neigt sich vor ihr:
1736 3213 2888 3416 Ja...! Euch zu Füssen...
