3384 4072
2705 318 2844 501 23
766 589 2825 753 Als Königin nicht mehr - nein, nur als Gast,
780 739 2738 879 Und wahrlich, meine Heimat ist nicht hier!
780 914 2639 1032 Es ist ein Reich, wo körperlos und rein
772 1038 2620 1191 Die Luft erklingt von ewigen Melodei'n.
780 1213 2020 1361 Mein Heim ist bei Alkandi!
1002 1358 2294 1549 :Vor die Büste hinstürzend:
1881 1517 2620 1700 ... Ja, bei dir!
1486 1692 2486 1878 Assad: 1:ausser sich:
805 1897 2781 2015 Nun weiss ich's doch, wer Eurer Küsse Glut
808 2050 2732 2212 Seit Monden mir zu rauben sich vermessen,
816 2239 2696 2390 Ich fühlt' es ja, ich fühl't' es allzugut
816 2365 2639 2513 In me inen Armen hast du mich vergessen!
810 2516 2636 2658 Dieweil, von deines Atems Duft umwallt,
829 2724 2573 2814 Ich dich umfing in seligem Vertrauen
821 2852 2732 2989 Sch ich dein Auge matt ins Leere schauen,
816 3011 2751 3140 Es blieb dein Mund an meinen Lippen kalt.
829 3102 2885 3277 Nie ward ein Mann mit ärg' rer List betrogen!
832 3329 2644 3455 Wärst du mit einem Andern fortgezogen -
827 3488 3025 3646 So könnt' ich finden ihn - und eilt' Euch nach
