3560 4120
2840 308 2989 446 12
892 586 2754 743 Nun wollen wir, bevor mein Gatte kommt
1543 746 2051 873 Zu Irsil:
908 870 2943 1049 Und Ihr sollt auf der Harfe mich begleiten
908 1040 2775 1278 Zum Vortrag dieses Liedes uns bereiten.
1294 1289 2300 1478 :Der König tritt ein:
1670 1546 1886 1740 Zoe:
940 1721 1819 1881 Der König naht -!
1603 1884 2003 2076 König in:
1754 2021 3132 2243 Ich grüss' Euch - mein Gemal!
1684 2319 1984 2494 Assad:
976 2494 2840 2662 Hier bin ich, wie's die Königin befahl!
992 2665 3162 2802 Wer folgte nicht dem Ruf aus solchem Munde -?
1016 2800 2981 3008 ... Ah, Zoe! Wahrlich schöner jede Stunde!
997 2967 2654 3124 Und Irsil! - unser lieber Musicus -
1003 3119 2908 3313 Da wartet meiner wol ein Kunstgenuss -?
1646 3378 2057 3613 König in:
997 3527 1446 3694 Musik...!
