3352 4136
2717 411 2835 528 33
1377 633 1775 794 König in:
733 770 2854 944 Ihr bliebt so lang und ohne Nachricht fort...
1443 1060 1746 1174 Assad:
762 1192 2817 1356 ... Warum habt Euren Blick Ihr fortgewendet?
839 1337 2804 1522 Zürnt Ihr dem Gatten? Seid Ihr noch ver¬
2587 1501 2970 1622 blendet?
799 1717 2656 1899 .. Was zittert in der meinen Eure Hand?
789 1841 2521 2047 Zog darum einsam ich hinaus ins Land,
791 2057 2809 2260 Um hier den selben alten Schmerz zu finden,
810 2210 2508 2392 Der mich aus Eurer Nähe fortgebannt?
1472 2477 1857 2595 König in:
841 2653 1369 2819 ... O nein!
1522 2804 1833 2914 Assad:
1116 2914 2764 3110 ... Ich fühle alle Freude schwinden,
868 3081 2872 3244 Ich fühl' es, ja! Denn wenn es anders wäre,
868 3241 2825 3405 Ihr küsstet mich, nun, da ich wiederkehre.
857 3458 2775 3663 So aber herrscht in dem verstockten Sinn
