3400 4120
2750 353 2891 519 19
805 572 2650 827 Wetteifern, deine Grösse auszuschrei'n!
807 765 2787 920 Der Künstler stumm auf deinem Grabe kniet,
816 928 2658 1060 Wo Frauen lieben, singen sie dein Lied
819 1057 2938 1217 Der junge Bursche, den sein Schatz verlassen,
830 1197 2616 1357 Poeten, Dirnen singen's in den Gassen
830 1368 3042 1536 Durch's offene Fenster klingt’s in meinen Saal,
836 1531 2944 1707 Und schliess' ich's - singt's mein königlich
2630 1663 2919 1808 Gemal!
900 1862 3098 2052 :Er sinkt auf den Divan nieder; hinter dem Vor-
858 2036 2992 2187 hang hört man die Stimme der Königin,
875 2170 3073 2338 die ein Lied singt. Leise, süsse Musik. Der Kö-
1531 2341 2111 2498 nig lauscht:
889 2504 1396 2708 Wie süss.
1595 2630 1929 2762 :Pause:
1506 2764 3064 2944 Wie wohl das aus der Ferne tut...
934 2891 3121 3093 :Er streckt sich aus; die Musik klingt weiter,
917 3073 3143 3238 der König schläft ein. Nach einiger Zeit öffnet
911 3247 3107 3379 sich der Vorhang. Zoe und Irsil bleiben hinter
922 3373 3174 3552 dem Vorhang stehen, der sich rasch wieder senkt,
934 3516 3182 3695 wie die Königin herausgetreten. Sie wendet sich
