3640 4088
2945 428 3093 553 37
1027 643 3367 809 Steht ihr das Zeichen ewiger Schmach geschrieben
1045 815 3093 986 O, Dirne du! Du hast mich fortgetrieben
1697 1068 2095 1190 Königin:
1042 1248 1539 1411 O, Gnade
1740 1414 2052 1528 Æκαλα
1755 1513 2040 1603 Ars il:
1403 1630 2686 1793 Meine Schuld ist es allein¬
1045 1790 3146 1958 Ich schlich mich ungeseh'n zur Nachtzeit ein
1752 2075 2063 2191 Assad:
1059 2238 2791 2392 So bin ich einem Schatten nachgejagt,
1056 2366 2831 2520 Bin wie ein Narr im Land umhergezogen
1062 2552 2799 2747 Den toten Meister hab' ich angeklagt,
1062 2750 3000 2884 Lebend'ger Stümper nur hat mich betrogen.
1077 2895 2852 3032 Wahrhaftig! lustig muss die Märe sein
1080 3061 2887 3224 Vom König, der sein junges Weib allein
1074 3184 2954 3338 Mit ihrem Buhlen liess im Königsschloss
1080 3373 3009 3486 Weil ihn Alkandi’s Lied zu sehr verdross,
1091 3472 2849 3687 Vom König, der hinauszog in das Land
