<?xml version="1.0" encoding="UTF-8" standalone="yes"?>
<PcGts xmlns="http://schema.primaresearch.org/PAGE/gts/pagecontent/2013-07-15" xmlns:xsi="http://www.w3.org/2001/XMLSchema-instance" xsi:schemaLocation="http://schema.primaresearch.org/PAGE/gts/pagecontent/2013-07-15 http://schema.primaresearch.org/PAGE/gts/pagecontent/2013-07-15/pagecontent.xsd">
    <Metadata>
        <Creator>prov=READ-COOP:name=TrHtr:version=2.1.0:model_id=51170:date=15_08_2023_05:03</Creator>
        <Created>2023-05-10T13:39:57.048+02:00</Created>
        <LastChange>2023-08-15T05:03:12.384+02:00</LastChange>
        <TranskribusMetadata docId="1428835" pageId="55433150" pageNr="31" tsid="132839116" status="IN_PROGRESS" userId="64420" imgUrl="https://files.transkribus.eu/Get?id=FWNBEGJSDZIQVGCHCADQNBWJ&amp;fileType=view" xmlUrl="https://files.transkribus.eu/Get?id=HUEBKVDSIOHRXRVOAYYKHUVL" imageId="44707186"/>
    </Metadata>
    <Page imageFilename="1428835_0031.jpg" imageWidth="3448" imageHeight="4072">
        <ReadingOrder>
            <OrderedGroup id="ro_1711802376523" caption="Regions reading order">
                <RegionRefIndexed index="0" regionRef="tr_1"/>
                <RegionRefIndexed index="1" regionRef="tr_2"/>
            </OrderedGroup>
        </ReadingOrder>
        <TextRegion id="tr_1" custom="readingOrder {index:0;}">
            <Coords points="859,409 3056,409 3056,2237 859,2237"/>
            <TextLine id="tr_1_tl_1" custom="readingOrder {index:0;}">
                <Coords points="2829,452 2858,455 2884,481 2895,475 2932,493 2970,490 2970,381 2944,375 2932,381 2901,367 2875,341 2852,349 2827,344"/>
                <Baseline points="2845,462 2889,459 2934,459 2976,465"/>
                <TextEquiv>
                    <Unicode>30</Unicode>
                </TextEquiv>
            </TextLine>
            <TextLine id="tr_1_tl_2" custom="readingOrder {index:1;}">
                <Coords points="856,702 2403,725 2365,601 1538,630 1186,581 856,630"/>
                <Baseline points="871,692 916,692 961,692 1006,695 1050,695 1095,698 1140,695 1185,695 1229,695 1274,695 1319,695 1364,692 1409,695 1453,692 1498,692 1543,692 1588,692 1632,692 1677,689 1722,689 1767,689 1812,689 1856,689 1901,689 1946,689 1991,686 2036,686 2080,686 2125,686 2170,689 2215,686 2259,686 2304,689 2349,689 2394,692 2409,695"/>
                <TextEquiv>
                    <Unicode>Verklungen ist Alkandi’s Melodei.</Unicode>
                </TextEquiv>
            </TextLine>
            <TextLine id="tr_1_tl_3" custom="readingOrder {index:2;}">
                <Coords points="842,888 2013,853 2491,931 2958,868 2961,753 845,765"/>
                <Baseline points="859,847 904,850 949,850 994,850 1038,850 1083,847 1128,847 1173,847 1218,844 1262,844 1307,844 1352,841 1397,841 1441,841 1486,844 1531,844 1576,844 1621,844 1665,841 1710,841 1755,841 1800,838 1844,838 1889,841 1934,838 1979,841 2024,841 2068,838 2113,838 2158,838 2203,838 2247,838 2292,838 2337,838 2382,838 2427,838 2471,838 2516,838 2561,835 2606,835 2650,835 2695,835 2740,835 2785,835 2830,838 2874,841 2919,847 2964,850"/>
                <TextEquiv>
                    <Unicode>Es glüh'n die letzten Funken aus dem Scheite,</Unicode>
                </TextEquiv>
            </TextLine>
            <TextLine id="tr_1_tl_4" custom="readingOrder {index:3;}">
                <Coords points="853,999 1071,1045 1996,994 2222,1051 2752,1014 2778,936 856,934"/>
                <Baseline points="868,994 913,994 958,994 1003,994 1047,994 1092,994 1137,994 1182,994 1226,991 1271,991 1316,991 1361,991 1406,991 1450,991 1495,991 1540,991 1585,988 1629,988 1674,988 1719,988 1764,988 1809,988 1853,985 1898,985 1943,985 1988,985 2033,982 2077,982 2122,982 2167,982 2212,982 2256,982 2301,982 2346,982 2391,982 2436,982 2480,982 2525,982 2570,982 2615,982 2659,982 2704,982 2749,985 2782,994"/>
                <TextEquiv>
                    <Unicode>Darauf sein letztes Notenblatt verbrennt,</Unicode>
                </TextEquiv>
            </TextLine>
            <TextLine id="tr_1_tl_5" custom="readingOrder {index:4;}">
                <Coords points="862,1137 3050,1154 3050,1071 2586,1025 862,1080"/>
                <Baseline points="877,1134 922,1131 967,1131 1012,1134 1056,1134 1101,1134 1146,1134 1191,1137 1235,1134 1280,1134 1325,1131 1370,1131 1415,1131 1459,1128 1504,1128 1549,1128 1594,1131 1638,1131 1683,1128 1728,1131 1773,1128 1818,1128 1862,1128 1907,1128 1952,1125 1997,1125 2041,1125 2086,1125 2131,1125 2176,1125 2221,1125 2265,1125 2310,1125 2355,1125 2400,1125 2444,1125 2489,1125 2534,1125 2579,1125 2624,1125 2668,1125 2713,1125 2758,1125 2803,1122 2848,1122 2892,1122 2937,1125 2982,1128 3027,1137 3056,1140"/>
                <TextEquiv>
                    <Unicode>Noch sprüht des Marmors Staub hinaus ins Weite,</Unicode>
                </TextEquiv>
            </TextLine>
            <TextLine id="tr_1_tl_6" custom="readingOrder {index:5;}">
                <Coords points="865,1303 2274,1335 2554,1303 2554,1203 865,1209"/>
                <Baseline points="880,1286 925,1289 970,1289 1015,1292 1059,1289 1104,1289 1149,1289 1194,1286 1238,1292 1283,1292 1328,1292 1373,1289 1418,1289 1462,1289 1507,1289 1552,1289 1597,1286 1641,1286 1686,1286 1731,1286 1776,1286 1821,1286 1865,1286 1910,1286 1955,1286 2000,1286 2044,1286 2089,1286 2134,1286 2179,1286 2224,1283 2268,1286 2313,1283 2358,1283 2403,1283 2447,1283 2492,1283 2537,1286 2561,1286"/>
                <TextEquiv>
                    <Unicode>Von dem gefall'nen letzten psnument!</Unicode>
                </TextEquiv>
            </TextLine>
            <TextLine id="tr_1_tl_7" custom="readingOrder {index:6;}">
                <Coords points="865,1486 3004,1486 3007,1357 865,1363"/>
                <Baseline points="880,1453 907,1450 952,1450 997,1450 1041,1450 1086,1450 1131,1450 1176,1450 1221,1450 1265,1447 1310,1447 1355,1447 1400,1444 1444,1444 1489,1447 1534,1447 1579,1444 1624,1444 1668,1444 1713,1444 1758,1444 1803,1444 1847,1441 1892,1441 1937,1441 1982,1441 2027,1441 2071,1441 2116,1441 2161,1441 2206,1441 2250,1441 2295,1441 2340,1441 2385,1438 2430,1438 2474,1438 2519,1438 2564,1438 2609,1435 2653,1435 2698,1435 2743,1435 2788,1435 2833,1435 2877,1435 2922,1435 2967,1441 3012,1447"/>
                <TextEquiv>
                    <Unicode>Verstummt die einst so viel gesung'nen Lieder,</Unicode>
                </TextEquiv>
            </TextLine>
            <TextLine id="tr_1_tl_8" custom="readingOrder {index:7;}">
                <Coords points="876,1627 1177,1609 1297,1667 2311,1595 2509,1638 2509,1524 2434,1506 876,1529"/>
                <Baseline points="892,1606 904,1606 949,1606 994,1606 1038,1609 1083,1609 1128,1606 1173,1606 1218,1603 1262,1603 1307,1603 1352,1603 1397,1600 1441,1600 1486,1600 1531,1600 1576,1600 1621,1597 1665,1597 1710,1597 1755,1597 1800,1597 1844,1594 1889,1594 1934,1591 1979,1591 2024,1594 2068,1594 2113,1594 2158,1594 2203,1594 2247,1594 2292,1591 2337,1591 2382,1591 2427,1591 2471,1591 2516,1594"/>
                <TextEquiv>
                    <Unicode>Vergessen meines Volkes Sangesheld!</Unicode>
                </TextEquiv>
            </TextLine>
            <TextLine id="tr_1_tl_9" custom="readingOrder {index:8;}">
                <Coords points="856,1798 2973,1796 2973,1684 856,1704"/>
                <Baseline points="871,1770 916,1770 961,1770 1006,1767 1050,1767 1095,1764 1140,1764 1185,1761 1229,1761 1274,1761 1319,1761 1364,1758 1409,1758 1453,1758 1498,1758 1543,1755 1588,1755 1632,1755 1677,1755 1722,1755 1767,1752 1812,1752 1856,1752 1901,1749 1946,1749 1991,1749 2036,1746 2080,1746 2125,1746 2170,1749 2215,1749 2259,1746 2304,1746 2349,1746 2394,1743 2439,1743 2483,1743 2528,1740 2573,1740 2618,1737 2662,1740 2707,1737 2752,1737 2797,1737 2842,1740 2886,1740 2931,1746 2976,1752"/>
                <TextEquiv>
                    <Unicode>Zu meinem Schloss kehr' ich zufrieden wieder,</Unicode>
                </TextEquiv>
            </TextLine>
            <TextLine id="tr_1_tl_10" custom="readingOrder {index:9;}">
                <Coords points="873,1942 2532,1944 2597,1930 2597,1824 873,1844"/>
                <Baseline points="889,1922 904,1922 949,1922 994,1922 1038,1922 1083,1922 1128,1919 1173,1919 1218,1919 1262,1919 1307,1916 1352,1916 1397,1916 1441,1916 1486,1916 1531,1913 1576,1913 1621,1913 1665,1910 1710,1910 1755,1907 1800,1907 1844,1910 1889,1907 1934,1907 1979,1907 2024,1907 2068,1907 2113,1904 2158,1904 2203,1901 2247,1901 2292,1901 2337,1901 2382,1901 2427,1901 2471,1901 2516,1898 2561,1898 2606,1898"/>
                <TextEquiv>
                    <Unicode>Gehöre neu dem Reich an und der Welt!</Unicode>
                </TextEquiv>
            </TextLine>
            <TextLine id="tr_1_tl_11" custom="readingOrder {index:10;}">
                <Coords points="891,2099 1601,2133 2254,2062 2569,2119 2978,2076 2981,1939 1561,2019 1352,1959 891,2053"/>
                <Baseline points="907,2089 925,2086 970,2086 1015,2086 1059,2080 1104,2077 1149,2074 1194,2071 1238,2071 1283,2071 1328,2068 1373,2068 1418,2068 1462,2068 1507,2068 1552,2065 1597,2065 1641,2065 1686,2065 1731,2062 1776,2062 1821,2059 1865,2059 1910,2059 1955,2056 2000,2056 2044,2056 2089,2053 2134,2053 2179,2053 2224,2050 2268,2050 2313,2050 2358,2050 2403,2050 2447,2050 2492,2050 2537,2053 2582,2047 2627,2047 2671,2044 2716,2044 2761,2044 2806,2041 2850,2044 2895,2044 2940,2047 2985,2050"/>
                <TextEquiv>
                    <Unicode>... Seit ich vor Monden meine Burg verlassen,</Unicode>
                </TextEquiv>
            </TextLine>
            <TextLine id="tr_1_tl_12" custom="readingOrder {index:11;}">
                <Coords points="868,2259 2520,2237 2469,2128 868,2154"/>
                <Baseline points="884,2226 916,2227 961,2224 1006,2224 1050,2224 1095,2224 1140,2221 1185,2221 1229,2218 1274,2218 1319,2215 1364,2215 1409,2215 1453,2212 1498,2212 1543,2212 1588,2212 1632,2212 1677,2209 1722,2212 1767,2212 1812,2209 1856,2209 1901,2209 1946,2206 1991,2209 2036,2206 2080,2206 2125,2203 2170,2203 2215,2203 2259,2203 2304,2203 2349,2200 2394,2200 2439,2200 2483,2206 2528,2206"/>
                <TextEquiv>
                    <Unicode>Erstarb in meinem Lande aller Sang.</Unicode>
                </TextEquiv>
            </TextLine>
        </TextRegion>
        <TextRegion id="tr_2" custom="readingOrder {index:1;}">
            <Coords points="892,2296 3185,2296 3185,3613 892,3613"/>
            <TextLine id="tr_2_tl_1" custom="readingOrder {index:0;}">
                <Coords points="879,2397 2798,2380 2798,2291 879,2314"/>
                <Baseline points="895,2382 925,2379 970,2379 1015,2379 1059,2376 1104,2376 1149,2376 1194,2373 1238,2370 1283,2370 1328,2370 1373,2367 1418,2367 1462,2367 1507,2364 1552,2364 1597,2364 1641,2364 1686,2364 1731,2364 1776,2361 1821,2361 1865,2361 1910,2361 1955,2361 2000,2358 2044,2355 2089,2358 2134,2355 2179,2355 2224,2352 2268,2352 2313,2349 2358,2349 2403,2349 2447,2349 2492,2349 2537,2346 2582,2346 2627,2346 2671,2346 2716,2346 2761,2349 2806,2355"/>
                <TextEquiv>
                    <Unicode>Durch tote Städte zog ich, stumme Gassen,</Unicode>
                </TextEquiv>
            </TextLine>
            <TextLine id="tr_2_tl_2" custom="readingOrder {index:1;}">
                <Coords points="876,2529 2798,2534 2838,2434 879,2446"/>
                <Baseline points="892,2519 916,2522 961,2522 1006,2522 1050,2522 1095,2522 1140,2519 1185,2519 1229,2519 1274,2519 1319,2516 1364,2513 1409,2513 1453,2513 1498,2510 1543,2510 1588,2510 1632,2510 1677,2510 1722,2510 1767,2507 1812,2504 1856,2504 1901,2504 1946,2504 1991,2501 2036,2501 2080,2501 2125,2501 2170,2498 2215,2498 2259,2498 2304,2498 2349,2495 2394,2495 2439,2495 2483,2492 2528,2492 2573,2492 2618,2492 2662,2492 2707,2492 2752,2492 2797,2495 2842,2498"/>
                <TextEquiv>
                    <Unicode>Nur mir im Sinn blieb der verhasste Klang.</Unicode>
                </TextEquiv>
            </TextLine>
            <TextLine id="tr_2_tl_3" custom="readingOrder {index:2;}">
                <Coords points="885,2709 2895,2666 2895,2575 2695,2546 1990,2609 888,2575"/>
                <Baseline points="901,2671 931,2671 976,2668 1020,2668 1065,2668 1110,2665 1155,2665 1200,2665 1244,2662 1289,2665 1334,2662 1379,2662 1424,2662 1468,2659 1513,2659 1558,2659 1603,2659 1647,2656 1692,2656 1737,2656 1782,2653 1827,2653 1871,2653 1916,2650 1961,2650 2006,2647 2050,2647 2095,2647 2140,2645 2185,2647 2230,2647 2274,2647 2319,2645 2364,2645 2409,2642 2453,2642 2498,2642 2543,2642 2588,2642 2633,2639 2677,2639 2722,2636 2767,2639 2812,2639 2856,2642 2901,2647"/>
                <TextEquiv>
                    <Unicode>Nun aber will auch dieser Gram sich neigen,</Unicode>
                </TextEquiv>
            </TextLine>
            <TextLine id="tr_2_tl_4" custom="readingOrder {index:3;}">
                <Coords points="879,2841 3142,2827 3182,2718 879,2732"/>
                <Baseline points="895,2827 901,2827 946,2821 991,2821 1035,2821 1080,2821 1125,2821 1170,2818 1215,2818 1259,2815 1304,2818 1349,2815 1394,2815 1438,2815 1483,2812 1528,2812 1573,2812 1618,2812 1662,2809 1707,2809 1752,2809 1797,2809 1841,2806 1886,2806 1931,2806 1976,2806 2021,2806 2065,2803 2110,2803 2155,2803 2200,2800 2244,2800 2289,2800 2334,2800 2379,2800 2424,2800 2468,2797 2513,2797 2558,2797 2603,2797 2647,2797 2692,2797 2737,2794 2782,2797 2827,2794 2871,2794 2916,2791 2961,2791 3006,2791 3051,2791 3095,2791 3140,2794 3185,2800"/>
                <TextEquiv>
                    <Unicode>Dass mir im Herzen selbst das Lied nicht schlief.</Unicode>
                </TextEquiv>
            </TextLine>
            <TextLine id="tr_2_tl_5" custom="readingOrder {index:4;}">
                <Coords points="882,3024 2786,2950 2786,2867 2649,2844 1269,2932 885,2867"/>
                <Baseline points="901,2970 913,2970 958,2970 1003,2970 1047,2970 1092,2970 1137,2970 1182,2970 1226,2967 1271,2967 1316,2967 1361,2967 1406,2964 1450,2964 1495,2961 1540,2961 1585,2961 1629,2961 1674,2961 1719,2958 1764,2958 1809,2958 1853,2958 1898,2955 1943,2955 1988,2955 2033,2952 2077,2952 2122,2949 2167,2949 2212,2949 2256,2949 2301,2949 2346,2946 2391,2946 2436,2946 2480,2946 2525,2946 2570,2946 2615,2946 2659,2946 2704,2943 2749,2940 2794,2946"/>
                <TextEquiv>
                    <Unicode>Auch meine Seele trinkt ein ewiges</Unicode>
                </TextEquiv>
            </TextLine>
            <TextLine id="tr_2_tl_6" custom="readingOrder {index:5;}">
                <Coords points="2566,3187 2609,3193 2658,3153 2904,3170 2932,3147 2953,3167 2970,3153 3050,3159 3047,3053 3013,3038 2924,3038 2884,3013 2852,3036 2824,3024 2712,3041 2695,3027 2666,3041 2563,3001"/>
                <Baseline points="2579,3101 2624,3098 2668,3098 2713,3098 2758,3095 2803,3098 2848,3098 2892,3098 2937,3098 2982,3101 3027,3104 3054,3110"/>
                <TextEquiv>
                    <Unicode>Schweigen,</Unicode>
                </TextEquiv>
            </TextLine>
            <TextLine id="tr_2_tl_7" custom="readingOrder {index:6;}">
                <Coords points="888,3322 2486,3259 3056,3310 3058,3162 888,3219"/>
                <Baseline points="904,3268 913,3268 958,3268 1003,3268 1047,3268 1092,3268 1137,3268 1182,3268 1226,3268 1271,3268 1316,3271 1361,3271 1406,3271 1450,3268 1495,3265 1540,3265 1585,3265 1629,3262 1674,3259 1719,3262 1764,3262 1809,3259 1853,3259 1898,3259 1943,3259 1988,3259 2033,3259 2077,3259 2122,3259 2167,3257 2212,3257 2256,3257 2301,3254 2346,3254 2391,3254 2436,3254 2480,3254 2525,3254 2570,3257 2615,3257 2659,3257 2704,3257 2749,3254 2794,3254 2839,3254 2883,3251 2928,3251 2973,3254 3018,3257 3062,3262"/>
                <TextEquiv>
                    <Unicode>Und heil'ge Still' umfängt mich süss und tief.</Unicode>
                </TextEquiv>
            </TextLine>
            <TextLine id="tr_2_tl_8" custom="readingOrder {index:7;}">
                <Coords points="948,3488 2864,3448 2958,3505 3179,3471 3179,3325 1483,3385 948,3331"/>
                <Baseline points="964,3433 991,3427 1035,3427 1080,3424 1125,3424 1170,3424 1215,3424 1259,3427 1304,3424 1349,3427 1394,3427 1438,3430 1483,3430 1528,3427 1573,3424 1618,3421 1662,3418 1707,3418 1752,3418 1797,3418 1841,3418 1886,3418 1931,3418 1976,3418 2021,3415 2065,3415 2110,3415 2155,3415 2200,3412 2244,3415 2289,3415 2334,3415 2379,3415 2424,3415 2468,3415 2513,3415 2558,3415 2603,3418 2647,3421 2692,3421 2737,3418 2782,3412 2827,3412 2871,3412 2916,3412 2961,3409 3006,3409 3051,3406 3095,3409 3140,3409 3185,3409"/>
                <TextEquiv>
                    <Unicode>:Der König, der diese Worte einrönig, wie traum-</Unicode>
                </TextEquiv>
            </TextLine>
            <TextLine id="tr_2_tl_9" custom="readingOrder {index:8;}">
                <Coords points="902,3626 2978,3608 2981,3497 905,3531"/>
                <Baseline points="919,3600 925,3597 970,3597 1015,3600 1059,3600 1104,3600 1149,3600 1194,3603 1238,3600 1283,3603 1328,3603 1373,3603 1418,3603 1462,3600 1507,3600 1552,3597 1597,3597 1641,3597 1686,3597 1731,3597 1776,3597 1821,3600 1865,3603 1910,3600 1955,3600 2000,3597 2044,3594 2089,3594 2134,3594 2179,3591 2224,3591 2268,3591 2313,3591 2358,3588 2403,3588 2447,3585 2492,3588 2537,3588 2582,3591 2627,3594 2671,3591 2716,3588 2761,3588 2806,3588 2850,3588 2895,3585 2940,3585 2985,3582"/>
                <TextEquiv>
                    <Unicode>verloren gesprochen, geht langsam ab. Ver</Unicode>
                </TextEquiv>
            </TextLine>
        </TextRegion>
    </Page>
</PcGts>
