3528 4088
2999 424 3136 567 14
1642 645 2038 844 Königin:
991 793 3034 950 Dies Bildnis schmück' ich, wann's mein Herz
2765 958 3103 1118 gebeut!
986 1067 2889 1253 Doch is t's ein Festtag wahrlich ohne
2612 1278 3047 1438 Gleichen,
981 1428 2989 1576 Denn hört: zu singen ist mir heut vergönnt,
976 1601 2955 1753 Aus einem alten Blatt, das Niemand kennt -
978 1708 2996 1901 Und dieses sind des Meisters eigne Zeichen,
983 1886 2224 2097 Nun! Ist's ein Festtag -?
1662 2193 1969 2310 Assad:
1997 2389 3154 2523 Ja - nun seh' ich's ein.
1624 2625 2018 2745 König in:
976 2719 2732 2915 Ich harrte Euer - tretet mit uns ein
1662 2983 1972 3126 Assad:
961 3131 2816 3273 Zu viel der Gnade giesst Ihr über mich!
973 3276 2831 3451 Wie ich so hohes Glück nur tragen lerne
