3448 4088
2611 307 2742 520 27
1544 603 1870 723 Assad:
880 744 3030 928 Ohnmächtig nennst du mich - und spottest mein?
878 907 2697 1099 So höre - um allmächtig mich zu nennen:
880 1075 2836 1262 Wer jemals wagt, Alkandi's Lied zu kennen,
872 1219 2809 1382 Dem Tode lass' ich den Verweg'nen weih'n!
888 1355 2905 1523 Im ganzen Land lass' ich es laut verkünden,
880 1518 2686 1729 Bis in den letzten Winkel jeder Stadt.
907 1694 2825 1902 Ich lasse Scheiterhaufen rings entzünden,
910 1881 2700 2070 Verbrennen lass' ich jedes Notenblatt.
910 2067 2878 2222 Erklingt sein Lied aus einem Schlafgemach,
915 2227 2758 2406 Die Späher schleichen dem Gesange nach.
928 2409 2980 2563 Wird es im Wald, auf freiem Platz vernommen:
936 2558 2865 2729 Vor seine Richter muss der Sänger kommen.
939 2737 2758 2884 Und wo er immer sich mit List verbirgt
947 2838 3041 3017 Verfolgen lass' ich ihn als Staatsverbrecher,
944 3022 2697 3185 Sein Leben hat er gnadenlos verwirkt!
939 3113 2729 3318 So werd' ich meiner Königsehre Rächer!
939 3289 2812 3478 Denn, wer Alkandi’s jemals noch gedenkt,
