3576 4072
3063 349 3157 528 3
1020 642 3299 821 Die Szene stellt einen Saal vor, der durch einen
1037 798 3259 949 Vorhang abgeteilt ist; dieser ist zu Beginn des
1034 992 3148 1122 Stückes geschlossen. links vom Zuschauerraum,
1040 1105 3205 1287 gegen die Mitte der Bühne zu, ein Divan, links
1051 1267 3245 1469 und rechts je eine Tür. links, dem Vorhange na-
1048 1443 3228 1620 he, stark in die Coulisse gerückt, eine auf ho¬
1051 1625 3245 1773 hem Sockel stehende Marmorbüste. - Die Königin
1054 1816 3213 1960 Maja vor der Büste, ihr zu Füssen Zoe, Blumen
1071 1978 3216 2139 aus einem Korb der Königin reichend. Die Köni-
1068 2159 3344 2307 gin schmückt die Stirn der Büste mit den Blumen.
1750 2483 2051 2628 ennuksi
1742 2799 2333 2944 Die Königin:
1100 2975 2688 3145 Dem grossen Meister aller Melodei
1100 3094 3233 3290 Nah' ich mich nun in Ehrfurcht und Entzücken.
1114 3273 3233 3427 Die schönsten Blumen, Mädchen! bring' herbei,
1128 3469 3026 3660 Um diese edle Marmorstirn' zu schmücken!
