3544 4088
925 615 2839 783 Ist meiner hehren Fürstin Blick gewendet.
914 745 2865 942 Und ach, der glühenden Begeist'rung Wort
925 940 2938 1044 Wie ist's an dieses taube Ohr verschwendet!
925 1058 3071 1218 0, könnt' ich doch mit diesem Marmor tauschen,
928 1195 3262 1375 Statt hier zu steh'n, ohnmächtig, und zu lauschen
937 1392 2952 1525 Von fern, wie ein Verdammter und zu leiden!
1665 1656 1888 1821 Zoe:
974 1833 2909 1981 ... Dort an der Türe, Königin! bescheiden
934 1995 2549 2198 Lehnt unser junger Musicus allein.
1598 2265 1992 2430 König in:
945 2427 2346 2598 Ach, lrsil! Ruf' ihn näher - :
1685 2680 2352 2888 Zoe:.:freudig:
2407 2828 2941 2984 Tretet ein!
1679 3109 1952 3271 Irsil:
1018 3225 2477 3460 :tritt ein, verbeugt sich tief:
