3368 4104
2811 324 2940 497 17
822 608 2762 832 Uns eines Meisters letzter Gruss umglüht,
832 816 2389 992 In ungeahnten Tönen niedersprüht,
840 940 2678 1149 Will König Assad hier der Ruhe pflegen.
1546 1192 1854 1316 Assad:
870 1281 2835 1532 O, nicht doch! Hören will ich Eure Lieder!
1522 1594 1921 1724 König in:
881 1749 3032 1938 Bleibt immerhin und ruht: es wird mein Singen
1408 1967 1932 2097 : Spött isch:
905 2113 2927 2289 Verhallend nur in Euren Schlummer dringen!
905 2262 3075 2435 Kommt, lrsil!..Zoe! Lass den Vorhang nieder!
970 2416 3046 2597 Königin, Zoe, Insil ab. - Der Mittelvorhang
1338 2616 2051 2794 rauscht nieder:
1624 2813 2357 2946 Assad: : allein:
946 2962 2846 3129 Ich aber trag' mein Los! In allen Landen
943 3062 2900 3246 Bleibt Kenner sowie Künstler unverstanden
1084 3213 2481 3416 :Zu Alkandi's Biiste gewendet:
954 3351 2935 3527 An deinem Schicksal kann ich mich erbau'n.
