3368 4120
2707 432 2849 604 30
628 743 2465 909 Habt Ihr dergleichen je gehört? Er will
634 888 2556 1067 Hier liegen bleiben! Auf den Altarstufen!
631 1039 2082 1251 Seht, seht, Ihr zittert selbst.
1272 1224 1710 1405 Aegidius.
631 1360 1592 1514 Dort drüben war es!¬
637 1483 2846 1677 O liebe Brüder, lasst mich hier, ich bitt Euch!
1287 1680 1680 1843 Severin.
656 1789 2743 1982 (Immer ängstlicher zu Augustin) O weh, o weh.
628 1967 1831 2160 Kommt, rufen wir den Abt!
1278 2118 1713 2266 Augustin.
634 2263 2381 2456 Aegidtus! Mein Bruder! Wollt Ihr wohl
634 2423 2344 2595 Ein wenig nur auf meine Worte hören?
634 2568 3058 2746 Ich sagt' Euch schon; Der Abt ists, der mich sendet.
628 2743 2471 2906 Der Bruder Reophas ist krank, und dieser
634 2903 2308 3076 Sollt' eben heute in der Abendmesse
628 3033 1807 3218 Die Predigt halten - und
1290 3193 1671 3348 Severin.
665 3323 2030 3532 (Fasst Mut) Und der ist krank-
