3352 4088
2648 404 2792 541 58
491 726 1869 905 muss den Organisten sprechen.
1293 883 1722 1020 Basilius.
495 1005 2814 1208 Schliesst auf, Bruder Barnabas, ich kenn den Mann.
1243 1193 1671 1321 Barnabas
1609 1299 1722 1383 G.H.
501 1355 2911 1506 So treten herein, Herr Anselm Zopf, hier ist der Or
507 1471 2285 1637 ganist Bruder Basilius, den Ihr sucht.
1108 1628 2432 1815 ppf mit Taktstockt steht da)
595 1665 973 1844 Anselmus
1258 1819 1687 2000 Basilius.
526 1909 2786 2103 Gott zum Grusse in den heiligen Hallen des Weins.
1255 2128 1509 2307 zopf.
504 2210 2964 2410 Herr Bruder Organist, ich warte die l채ngste Zeit auf
520 2394 3036 2595 Euch. Der Chor steht oben versammelt, die Notenbl채tter
538 2538 3014 2729 in der Hand. Die Mitglieder der Kapelle sitzen an den
526 2745 3045 2870 Pulten, die Geigen sind gestimmt, die Register aufge -
529 2873 2379 3017 zogen, die And채chtigen versammelt und..
1265 3030 1703 3218 Barnabas
541 3168 2629 3358 ( ihm aufwartend )Ein Glas, Herr Anselm Zopf.
1268 3337 1493 3502 Zopf
601 3462 2132 3684 sieht halb versch채mt aufs Glas)
