3336 4088
2730 371 2870 549 92
539 714 2829 932 früher und alles hinschuand, was man einst Tugend
539 945 2870 1069 und Ruhe nannten. Und ein Unverständiger, der nicht
549 1110 2870 1259 glaubt, dass es ein Jenseits gibt, ein Jenseits wo
542 1256 3003 1395 alles sich versöhnt, wo es nicht Widerstreit des et -
549 1386 2968 1557 genen Innern gibt, wo nicht Leidenschaft waltet, ein
523 1544 2905 1744 Rasender, der den lasterhaften Gedanken hegt, unter
498 1684 3044 1868 den Menschen sei alles mit dem Tode geendet und für das
530 1814 3000 1979 Elend hienteden gäbs drüben keinen Trost, gäbst drü -
545 1979 2879 2122 ben kein Glück, ein Unglückseliger, in dessen Hirn
549 2112 2864 2290 der Wahn tobt,-das Leben hat keinen Sinn, wenn wir
542 2296 3013 2429 aufhören zu atmen ist alles, alles aus und der Mensch
545 2474 2905 2623 tot nur Staub, Asche und nichts, nicht ist in ihm,
549 2616 2892 2721 das der Verwesung entflieht und eingeht zu seligen
545 2759 2990 2886 Gefielden - der möchte angesichts solchen unlösbaren,
549 2870 2883 3029 irdischen Zwiespalts wohl ausrufen: wie schal, wie
542 3044 2924 3241 nutzlos ist das Leben. Alles wie es nun besteht ist
545 3159 2883 3384 schlecht und elend und wer nach Veränderung strebt
539 3368 2813 3526 und sich aus den Netzen heraussehnt, die ihn um
