3336 4104
2648 359 2829 600 148
1216 787 1665 965 Leonhard.
477 962 2196 1143 Wie heute abends, als die Sonne eben
465 1059 2458 1255 Erst unterging, das wette Meer des Aethers
480 1216 2678 1430 So hell und leuchtend war! Sahst Du, mein Kind,
474 1418 2516 1605 Des Hegasus still glänzend Bild? Mich dünkt
474 1574 2253 1755 Der Abend heute war den Dichtern hold.
483 1716 2902 1891 Und nordwärts stand des Schwans vielsternig Zetchen.
483 1861 2359 2063 So blindend in der bläulich klaren Luft,
483 2021 2407 2226 Als wollt er dort in ewgan Zügen prangen.
486 2175 2452 2353 Ja, ewig seid ihr, Leuchten unsres Himmels
486 2353 2416 2500 Und oben, wo euch ein erhabnes Gleichmass
477 2479 2407 2672 Die Stelle eures Daseins wies, unendlich,
483 2666 2419 2826 Unwandelbar dahinzustehn - das ist ja die
483 2811 2374 2980 Bestimmung, die von dieser Welten Anfang
480 2950 2123 3137 Euch bis in alle Zettenfernen ward.
1203 3101 1704 3285 Felicitas
489 3236 2552 3387 Gib mir das Licht, mein Vater. Wenn Du lange
468 3369 2329 3592 Die Blicke angestrengt, versagt Dir oft
