3368 4104
2698 473 2822 650 49
602 793 2760 973 Bruder, man fühlt den Hauch der Welt, wenn man
589 914 1414 1096 Mit Euch spricht.
1236 1059 1658 1252 Barmabas
580 1182 2693 1360 Mit Dir spricht, Bruder Alexius. Wenn wir uns
567 1360 2550 1540 der Zeit erinnern, wo wir da droben waren,
562 1505 2362 1682 Müssen wir uns Du sagen. Ach, Alexius,
578 1685 1801 1857 Was waren wir für Kumpane.
1204 1854 1594 2002 Alexius.
567 1970 1844 2163 Was waren wir für Gesellen!
1212 2161 1653 2300 Barmabas.
556 2271 2679 2440 Fang doch an: Es war einmal— Du bist doch ein
548 2470 2610 2610 Poet gewesen, damals, weisst Du noch Bruder¬
540 2612 900 2763 Damals!
1185 2774 1612 2919 Alexius.
535 2916 2537 3056 Als ich noch was zu besingen hatte, Bruder.
1174 3066 1610 3233 Barmabas
532 3220 2677 3389 Ich weiss was. Feurige Augen, wallende Locken,
527 3327 1180 3531 Weiche Lippen
