3400 4152
2558 369 2753 620 169
484 764 2183 959 o wären wir gestorben Herz an Herzen
484 887 2266 1152 Noch unberührt von kaltem Windeshauche
481 1064 1991 1320 Der herbstlichen Alltäglichkeit.
502 1259 1507 1438 Wie träumt ich schön!
502 1339 2496 1585 In seinen Armen träumt ich ewigen Frühling.
505 1523 2159 1742 In Wolkenhöhe schwebten wir vereint
524 1665 2154 1889 Und fanden alles in dem Augenblick,
529 1825 2534 2039 Entrückt dem menschlichen Erinnern, Hoffen.
534 1994 2547 2202 Zerrissen sind die Wolken - hin die Träume,
532 2077 2686 2330 Der Frühling hin— und völlig menschlich greift
548 2234 2659 2467 Ein wüster Schmerz an mein verweifelnd Herz.-
1277 2427 1726 2614 Hilarius.
561 2568 2408 2793 Mit diesem Fluch kam jeder auf die Welt¬
561 2713 2710 2958 Nie mehr als Mensch zu sein- drum tröste Dich.
575 2881 2622 3087 Ich will auf Heilung denken und komm wieder,
580 3071 1497 3244 Find ich sie erst..
1323 3183 1796 3325 Feltottas.
596 3351 1595 3565 Komm niemals wieder -
612 3431 2571 3712 (Hilartus geht, kehrt aber gleich zurück.)
