3368 4120
2745 382 2927 548 100
568 802 2991 971 und beissen möchte. Er sollte sich sagen: o ich bin
571 984 2793 1116 einucht, ein Dummkopf, in eingebildeter Esel.
564 1084 2934 1270 Aber ich vergesse meinen Auftrag und stehe da, als
580 1238 2940 1408 hätte die herrliche Faustina, die ich einstmals so
590 1395 2940 1581 unendlich liebte - wenn man liebt so glaubt man ja
580 1565 3043 1741 mit einem Male die Unendlichkeit begreifen zu können
580 1735 3027 1876 da stehe ich, als hätte Faustina nicht einen Einfall
587 1872 2857 2023 bekommen, der mir, ihr und vielleicht noch einem
587 2014 2895 2167 andern die Zeit auf ganz amüsante Weise ausfüllen
580 2167 2988 2325 wird... denn mehr ists ja doch nicht, mag sies auch
577 2318 3149 2488 mit köstlichem Flittertand aufputzen! Also ins Kloster.
571 2510 2902 2652 Aber wie? Die Glocke ziehn, das will ich nun ein
587 2636 3075 2825 für alle Male nicht. Ich will an ein Fenster klopfen.
593 2793 2443 2975 ( schleicht zu einem Fenster und klopft
1055 2908 1379 3059 lEtte
923 2924 1004 3040 G.H.
1318 2985 1661 3084 Stimme.
590 3062 1039 3274 Wer tsts?
1282 3222 1703 3431 Benedikt.
590 3427 3001 3585 Oeffnet wertgeschätztes Fräulein. Ich hab Euch ganz
