3352 4120
2976 337 3101 474 99
601 729 2830 866 Sinnen heut, bei dem höchst sonderlichen Rumoren
623 845 2967 1000 in meiner Brust, auf so recht alltägliche Weise in
614 972 3048 1178 dies Kloster einzugehn. Sollt ich wirklich diese ein
614 1141 2917 1309 fältige Glocke ziehn, bei deren Klang, weil er so
611 1318 3010 1449 oft gehört ward, man sich gewöhnt hat nichts zu den
605 1462 3004 1614 ken. Hm Benedikt, wie das? Als Du gestern unter den
592 1602 3041 1767 Kameraden und Dirnen dasassest, und sahst in die Ver
601 1726 3101 1913 wirrung hinein, in den Trubel los gelöster, entfessel
601 1898 2936 2085 ter Gefühle und Dtr so seltsam kalt im Herzen war,
601 2113 3060 2244 da sagtest Du zu Dir selbst: Hinaus bin ich über die
592 2209 2895 2387 se Zett, still ists in mir, ich kann wollen bevor
601 2368 3035 2543 ich empfinde und die Leidenschaft ist weit. Benedikt
586 2505 2967 2717 Du hast Dich selbst betrogen. Sie mögen wohl selte
595 2664 2998 2864 ner kommen die Augenblicke stürmischen Ringens, sel
601 2814 2188 3038 tener als einst, aber sie kommen.
580 3007 2898 3194 Am liebsten wäre es mir, ich könnte einen Kerl da
589 3163 3026 3300 haben, der sich recht gewaltig fühlt und dem ich mit
592 3306 3076 3472 vermaledetter Ironte recht ins Indische hinab zwicken
