3288 4056
2531 311 2699 493 171
399 624 2138 829 An Deinem Halse weinen, wie ein Kind!
399 804 2851 993 (er verbirgt sein Antlitz an ihrem Busen. Sie fährt
411 960 2784 1066 Ihm durchs Haar und küsst ihn leise auf die Stirne.
399 1115 1270 1307 Leonhard tritt auf
1139 1249 1569 1435 Leonhard.
396 1389 2221 1551 Es dunkelt Kind, ich gehe an mein Werk.
399 1554 1715 1733 Wollt Ihr mit mir ins Freie?
1121 1669 1615 1828 Feliet tas.
393 1831 1215 2035 Gern, mein Vater.
1167 1992 1605 2184 Aegidius.
390 2142 2041 2340 Und ich verlass mein Mädchen nicht.
1161 2294 1621 2486 Leonhard.
393 2397 2751 2644 ( ihn wohlgefällig betrachtend ) Sehn ich Dich so
387 2623 1587 2769 Gestalt und Antlitz stolz
390 2723 2355 2940 Und mild zugleich — dabei dies rätselhafte
393 2894 2081 3092 In Deinem ganzen Wesen und Gebahren,
390 3049 2294 3244 Ich könnte Dich für einen Prinzen halten,
372 3211 2205 3406 Der, wie im Märchen, aus dem Osten kam,
384 3351 2254 3561 Um ein beglücktes Mädchen hier zu frein,
