3352 4168
2584 336 2774 516 195
522 687 1658 924 Ist menschliches Gefühl.
1166 861 1608 1085 Hilarius.
532 936 1256 1228 Ich liebe Dich
538 1113 2264 1390 Und keine andre liebt ick je vor Dir.
1222 1319 1695 1515 Felicitas
529 1412 1048 1620 Lass mich!
1266 1605 1714 1782 Ht Iartus
544 1707 1850 1941 Die Ruh des Herzens schwand,
541 1885 2367 2099 In meinen Pulsen rast die Leidenschaft,
550 2049 2370 2242 Wie vor dem Mond die Wolken eben jagen.
550 2208 1487 2379 Sei mein, Feltottas.
541 2317 3042 2522 sie reist sich los und stürzt sich über das Brücken
578 2466 2886 2684 geländer in den Fluss. Der Abt schreit laut auf. )
588 2656 3007 2799 ( Die Courtine hebt sich. Die Scene zeigt die Kirche.
560 2802 3004 3017 Abendmesse. Bruder Cleophas steht auf der Kanzel. Un
578 2998 2849 3172 ten die Andächtigen. Die Lichter sind angezündet,
585 3107 2535 3300 eben fängt die Orgel leise an zu spielen.
1256 3297 1695 3483 Cleophas.
572 3377 2930 3598 Und so geliebte Anddichtigen, lebet fort im Glauben
