7560 5144
227 736 3511 1103 Luft machte in jenem wilden Schrei, mit dem der alle
282 962 2613 1321 Angidius seine Worte plötzlich abbrach¬
475 1052 3583 1458 Lasset es Euch nicht verwundern, liebe Anlächtige;
363 1257 3699 1629 er ist noch Jung und nur der völlig gereifte, echt christ¬
308 1437 3703 1770 liche Sinn vermag in stets gleicher, frommer Seetenruhe,
342 1629 3703 1941 in beneidenswerthem Gleichmaß des Innern, jene Un¬
312 1749 3558 2160 seligen zu lassen bedauern, ohne sie zugleich ihrer
308 1903 3622 2296 melden, höhnenden Gesinnung halber zu hassen und zu
316 2104 3699 2450 verdammen. Unser lieber frommer Brüder Angelius
316 2301 3733 2673 ist heute noch ein Jüngling; er wird ein Mann werden
539 2450 3660 2818 aus Kömpfen wird sich auskämpfen Leidenschaft
359 2685 3656 2968 wider Leitenschaft in seinem aufgeregten Herzen
419 2882 3742 3190 Friebe und selige Ruhe wird in seine Seele kommen¬
445 3002 3729 3310 wie sie jedem wird, der da in Ehrfurcht niederkniet
376 3199 3767 3541 vor dem Höchsten, und das Edelste, Größte anstrebt, was
449 3340 3759 3729 dem Menschen werden kann – Gottähnlichkeit der
475 3524 2981 3883 Naue das Herrn sei gelobt. Amen.
612 3708 3690 4015 Eder Abt verläßt die Kanzel, die Leute ent¬
650 3861 3729 4161 ferner sich aus der Kirche, Orgel. Augustin scheint
530 4024 3536 4362 den Abt etwas zu fragen. der Abt erwidert)
543 4272 1510 4571 Abt Hilarius
629 4409 2155 4751 Lasset ihn ruhe (ab.)
3921 227 7124 582 Aegiduis liegt unbeweglich beim Altare, unbemerkt.
3985 411 7248 706 Vom Tore kommen Leute herunter, in eifrigem Gespräch
3951 526 7180 936 Faustina verschleiert eilt zum Altare sie küsst den
3981 723 7146 1112 Angilius u. eilt fort. Regidius fährt wie aus ei¬
3951 898 7060 1219 nem wüsten Traume auf; sie ist verschwunden.
3968 1116 7094 1377 das Orgelspiel endet in einem gewaltig fort¬
3891 1270 7227 1574 klingenden Akkord, in dem Leiben schläft. Leidenschaft
3853 1381 7295 1843 u. Versöhnung sich mischen und der Vorhang fällt.
