3304 4104
2806 322 2975 472 110
518 726 2886 888 "Hochwürdiger Herr. Ichnhabe von der Selenkrankheit
512 892 2862 1054 des Bruders Aegidtus gehört. Hier send ich Euch et
509 1051 2886 1210 nen Arzt, der sich auf Gemüt und Geist des Menschen
502 1241 2938 1397 wohl versteht. Vertrauet ihm unbesorgt Euern kranken
484 1351 2834 1510 Mönch an. Er wird ihn mit der Hilfe Gottes heilen.
1244 1550 1670 1682 Benedikt.
1247 1685 1351 1777 m
515 1719 1170 1893 Ich dank Euch.
1244 1878 1725 2068 Aebtissin.
515 2062 2904 2221 Grüsst mir Faustina und lebt wohl. Ich wünsch Euch
515 2194 1143 2390 Glück. (ab)
1247 2338 1688 2463 Benedikt.
1216 2451 1324 2531 lwis
502 2472 2966 2623 Mir wünscht sie Glück? Ob Ihr das Wort wohl über die
506 2653 2819 2791 Lippen gekommen wäre, hätte sie gewusst, dass sie
515 2819 2972 2972 mich leichtsinnigen Kumpan damit mit einemmale melan
533 2996 2454 3119 choltsch machte. Glück! (geht langsam ab
2420 3033 2518 3119 8
1924 3061 2154 3153 (4)
1275 3266 2025 3450 * * * *’ *
