3336 4104
702 735 2457 920 Steh ich in meiner Zelle. Kahle Wände
705 911 2466 1129 Umgeben mich - dort des Erlösers Bild
696 1083 2748 1235 Dort unberührt mein Bett - in allen Winkeln
699 1229 2475 1422 Bestaubte Bilcher - Dumpfheit überall!
699 1368 3132 1549 Ich will, ich hanns nicht sehen. Bald muss die Nacht
705 1516 2736 1686 Zu Ende sein. Ich will beim Fenster bleiben
699 1664 2557 1861 Und in den Sternenhimmel sehn. Erwarten
696 1855 2872 2028 Will ich das Morgengraun. Ah, wie die Luft mir
2412 1985 2857 2164 wohl tut.
690 2146 3041 2309 Nun löschen dort die letzten Lichter aus. Sieh da,
690 2306 2463 2469 Der Bruder Augustin winkt mir herüber
699 2442 2905 2597 Gut Nacht, gut Nacht, schlaf wohl! Schlaff wohl,
2324 2606 2899 2781 schlaf wohl,
684 2754 2848 2932 Ja, ja, Du kannst es noch. Sein Licht ist aus.
687 2902 2760 3105 Nun spricht er sein Gebet- und geht zu Bette.
696 3057 1419 3241 O Gott, o Gott!
702 3172 2848 3386 (Er geht zur Türe seiner Zelle und öffnet sie)
684 3353 2899 3538 Das Lämpehen im Gang brennt heute matter noch
2506 3513 2987 3725 als sonst.
