3320 4104
2542 439 2727 567 139
1182 715 1624 934 Aegidius.
442 812 2793 1085 Aber die Küsse will ich nicht. ( reisst sich los)
451 1050 2759 1232 Nichtelang träumt ich von einem Kuss und eben den
448 1138 2847 1392 will ein Weib mir verweigern, ein wahnsinnig gelieb
458 1339 2749 1489 tes Weib, einen Kuss, ein Nichts. Wahrlich er ist
448 1505 2969 1674 nichts. Mehr will ich, mehr. Völlig will ick besitzen,
445 1636 2887 1793 was ich liebe. Nun ist mir ebenso, dass meine Leiden
439 1787 2875 1953 schaft ein ganzes Sein ausfüllen muss und warum eine
451 1941 2790 2151 so rasende. Nach der Oede in mir, dies verzehrende
436 2091 2746 2263 Gefühlt Warum will ichs befriedigen? Dass es dann
442 2282 2765 2452 von neuem leer in mir werde? Ist das die Freiheit,
433 2398 2781 2564 zu der mich Benedikt führe? Von einem nur fühl ich
429 2583 2828 2724 mich völlig frei: vom Glück. Und eben darum xxx
420 2715 2690 2884 will ich in ihre Arme, für eine Nacht wenigstens
417 2859 2768 3019 Seligheit, Genuss suchen, finden. Finden? Ha, will
414 3000 2818 3204 sie mich toll machen? Ich will sie bitten. Zu thren
417 3148 2853 3364 Füssen will ich mich niederwerfen. Nicht Genuss, nur
420 3317 2847 3502 Vergessen gib mir. Und sie wird es mir erfüllen, das
423 3452 2806 3637 cantonische Weib. Und ich werde mein Antlitz fest an
