3320 4104
2821 412 3014 637 116
516 715 2394 939 Der überschätzt, was seine Kunst vermag.
519 985 2567 1158 Jedennoch richt ich., lieber Mönch Äegidtus,
519 1124 2530 1322 Mit einem Selbstvertraun die Bitt an Euch,
522 1291 2112 1374 Dass Ihr Euch sorglos meinem Wort,
524 1397 2731 1544 Und gilt Euch das nicht, doch dem edlen Fürwort
522 1565 2449 1688 Marteens, der hochwürdgen Frau, vertraut.
533 1662 2564 1838 (Hier gibt der Abt Aegidius Marteens Brief.)
1348 1809 1905 1916 de la rivrement le dernier étrangème.
991 1807 1242 1939 mme
1279 1887 1749 2072 Benedikt.r
545 2040 1092 2216 (zum Abt)
530 2155 2481 2299 Ihr lasst ihn völlig mir und meiner Kunst.
536 2351 2291 2472 Zu jeder Stund des Tags gehört er mir.
536 2469 2495 2645 Stets hab ich freien Zutritt zu dem Bruder
533 2622 2340 2757 Und völl'ge Freiheit über all sein Tun¬
533 2726 2498 2907 Wofern es nicht den menschlichen Gesetzen,
522 2896 2841 3051 Dem Recht der Christen und dem Recht des Klosters
530 3028 2043 3204 In schroffer Weise widerspricht.
1262 3256 1481 3411 Abt.
536 3293 974 3607 Die Frau,
530 3564 2642 3760 Die Euch empfiehlt, führt ein gewichtig Wort.
