3320 4088
2824 326 2994 506 136
615 659 2953 818 Und doch will ich von etwas grossesm, von Frethett
621 785 1050 994 sprechen?
1338 918 1777 1126 Benedikt.
591 1056 2953 1271 Du haste ja schon getan. Auf Deiner Kanzel hast Du
597 1244 2521 1447 haarklein bewiesen, wie unstnnig sie ist.
1368 1427 1827 1603 Aegidius.
594 1559 1282 1750 Und die Liebel
1371 1700 1824 1906 Benedikt.
603 1841 2882 2041 Bist Du so verrückt sie als etwas grosses darzu -
606 2000 2956 2156 stellen. Sieh mich an und erinnere Dich Detner Pre
612 2127 2950 2324 digt und denk an Deine Raseret. Aber Du beisst Dir
606 2288 2950 2453 in die Lippen. Hast Du noch Lust Dir etwas grosses
594 2479 1091 2674 zu denken?
1365 2594 1788 2777 Aegidius
1803 2612 1915 2768 e
594 2753 1874 2959 Ja, ja ich habs! Die Kunst.
1344 2894 1768 3115 Benedtkt.
582 3079 2909 3215 Nun ja die Kunst, Bist Du zu Ende? Die Kunst. Sie
597 3203 2903 3424 ist Kunst, nicht wahr. Erlogen, erdichtet, gehört
597 3382 1344 3588 nicht zum Leben.
