3336 4104
2783 460 2925 638 42
635 806 1959 969 Begehr ich Unumschränktheit!
638 942 2777 1080 Und dies verwehrt Ihr mir? Ihr starrt mich an,
626 1140 2419 1282 Als wär es unerklärlich, so zu denken.
650 1282 2503 1420 O, dass es doch der Menschen Sitte ward,
641 1384 3054 1556 Nicht, was ein Vorjahr schlechtes schuf, zu bessern,
647 1534 2693 1703 Nein, selber noch für jene Schulff zu büssen.
653 1724 3018 1865 Statt dass Ihr kilhn die Lasten von euch schleudert,
650 1844 2609 2019 Schleppt Ihr Euch damit milde bis zum Grab,
641 2028 2329 2169 Ruft Eure Erben dann am Grab herbei,
665 2160 2717 2320 Gebt ihm die Last und sagt: Nun schleppe Du!
1291 2311 1703 2500 Severin.
698 2455 2582 2675 (Zu Augustin) Was wollt Ihr nun beginnen?
1309 2609 1724 2801 Augustin
662 2756 1896 2955 Lasst mich nur. -Aegidius!
1309 2912 1730 3105 Aegidius
659 3039 2260 3240 Nun glaubt Ihr's wohl, Ihr Lieben,
659 3240 2094 3406 Dass ich vollständig nach bin?
1306 3382 1754 3577 Augustin.
665 3541 1351 3734 Kommt zum Abt,
