3384 4104
2776 396 2910 525 15
601 689 2287 894 In allen Blicken brannte Liebesglut,
598 877 2470 1027 Bald sehnend kühne, bald verhaltne Glut
596 1019 2519 1194 Jedoch - es glüht x in allen diesen Augen.
596 1189 2558 1331 Ich sah es wohl - und Stolz erfasste mich.
601 1323 2519 1495 Ich fühlte, dass ich über alle herrschte,
596 1459 2369 1640 Ich fühlte mich als Königin. Als sich
590 1626 2604 1806 Mein Busen schneller atmend hob und senkte,
598 1779 2795 1937 Und das Gewand, sich lüstern um ihn schmiegend,
585 1921 2618 2118 Als wär es selbst in ihn verliebt, jedweder
593 2074 2241 2265 Bewegung folgte, jeder unbewussten,
585 2252 2604 2429 Die dem Begehren doch so bald bewusst ward,
587 2394 2623 2571 Da sah ich sie gar wohl, die stolzen Männer
585 2533 2448 2702 Die stolzen, die im Treiben unsrer Welt
585 2716 2495 2888 Die ersten sind - da sah ich sie vergehn
590 2858 1959 3044 In - eines Weibs Betrachtung!
590 3003 1262 3194 Und ich weiss,
582 3167 2342 3339 Hätt ich zu einem dieser Herrscher da
585 3328 2358 3484 Mit süssem Flüsterwort gesagt: 0 komm.
579 3437 2686 3672 Und küsse mich - mein Sklavi### wär er geworden,
