7320 4936
344 630 2557 876 Wenn auch die Kirche ihren Segen bietet.
258 817 2104 1075 damit die Ehe etwas heil'ges sei,
149 985 2373 1267 Mieß auf das Haupt des beiden Ehegatten
203 1169 2256 1447 Der Kiester die gereichten Haupt legen
207 1333 2033 1623 Und ihnen eine schöne Rede halten
227 1482 2350 1752 Wien sehr oft das Wörtlein, strenger Pflicht,
176 1670 2287 1908 Dedoch sehr selten möge lieb sich findet.
203 1857 2455 2107 Dann spricht er noch von Treue, von Enthagung
211 1994 2976 2295 Und dann - von Gott. Gott ist der Lückenbußer.
289 2205 2663 2471 Ach, so im Priester ist ein Tausendkunstler.
246 2369 2542 2639 Ob er nur selber an die Weihe glaubt?
282 2526 2471 2839 Er segnet, wie der Thürmer oben läutet;
246 2694 2585 2964 6. ist sein Beruf - die Menschen wollten’s so.
262 2874 2807 3159 Doch - wenn der Priester wirklich glaubt? Wenn er
258 3050 2643 3253 Sich wirklich mit dem fabelhaften Gotte
274 3218 2921 3437 Verbunden wähnt? Ha welch Gedanke! Tesseln
285 3382 2448 3617 des mederes mit höherem verketten
332 3542 3472 3797 Tage – dem Mensch und Mensch sind gleich. doch Mensch
246 3742 3011 3949 Und Gott -! Und diese Ketten sprengen: Sie
282 3883 3116 4184 Versucht' ich das. Nie hab ich den verführt,
3683 555 6014 790 Der sich, sein Leben jenem hohen Wesen,
3695 719 6405 1024 Das so allmächtig dem scheint, der es fürchtet
3718 888 6072 1189 Für erge Zeit gereicht. Ich will auch das
3726 1067 6248 1372 Versuchen will ich, ob die sel'ge Hoffnung
3734 1251 6158 1533 Auf Himmelsfreuden, die im andern sollen,
3722 1412 6150 1705 Verführerscher lockt als meine Schönheit
3750 1591 6115 1900 Und als die Hoffnung iedischen Genusses
3773 1814 6670 2018 dort drüben liegt die Kirche in nächtigem dunkel
3746 1955 6397 2225 Ein Licht erblick' ich, zitternd, fast erlöschend,
3758 2107 6283 2397 Gerichs, ein Mönch trägt dieses schwanke Licht
3730 2291 6412 2588 Ein Mönch, der noch zu später Nachtstund betet,
3734 2471 6326 2741 Erhofft und fleht - um jahre Himmelsfreude
3746 2651 5826 2925 Die Seligkeiten ungezählter Jahre
3738 2796 6205 3065 Von eines Augenblickes Seligkeit
3734 2995 6354 3280 In meinen Armen völlig aufgewogen
3711 3144 6393 3449 Gewelch ein Sieg. Neinem, ich bin nicht schon,
3734 3320 6021 3605 Mislingt er mir. - Wohlan, Verändern
3722 3394 6760 3793 Ein neues Bild - im Mönch zu meinen Füßen
