7304 4840
271 413 3532 794 Stimme. Ich bin, ich bin, macht mir auf Herr Grund so, der
324 640 1746 915 eben bei der Thürsteht.
344 814 2438 1089 Bamabas. Die Stimme kann ich nicht.
373 996 3556 1312 kenne. Ich Wetter, ich bin der Kapellmeister Anselm Jopf,
425 1179 2410 1454 ich muß den Organisten sprechen.
397 1349 3475 1652 Baselius. Schließt auf, Bruder Barnabas. Ich kenne
498 1507 1187 1713 de Mann
433 1620 3455 1972 Barnabas. So-tretet herein, Herr Anselm., ogf. Hier
466 1855 3183 2118 ist des Organist bruder Basilius den ihr suchtet.
1012 2017 2961 2264 Ancelmus Zopf mit Taktstock steht da
328 2179 3507 2523 Karnalina. Gott zum Gruße in den heiligen Hallen der
373 2349 956 2588 Weins.
369 2458 3572 2754 Am Zopf. Herr Bruder Organist, ich warte die längste seit
348 2722 3532 2985 auf auch. Der Chor steht oben versammelt, die Notenblätter
348 2876 3548 3159 in der Hand; die Mitglieder der Kegelle sitzen an den Sulte;
320 3033 3532 3317 die Geigen sind gestimmt; der Register aufgezogen, die An¬
369 3195 1920 3467 dächtigen verhämmelt, und¬
360 3366 3301 3714 karnaben (ihm aufwartend) Ein Glas, Herr Anselm zogf.
364 3532 2697 3823 Zopf (sicht halb verschämt aufs Glas)
316 3722 3475 4054 Kasilius-Trinkt, Kapelmeister; des Wein fließt von
332 3860 1822 4180 Feuer durch die Achm.
3795 433 6820 814 Zopfs hat gefrunken) Aber das schnackl sehr gute Ihr
3852 680 6784 984 habt wohl, Herr Bruder Organist, von wegen der
3852 867 6755 1150 künstlerischen Begeisterung den Wein getrunken, da¬
3856 1033 6634 1260 mit ihr mitmehr Feuer, mit mehr Morain,
3852 1199 6634 1450 mit mehr Ostut, mit mehr — Noch ein Glas
3872 1365 5415 1636 Bruder Kellemeister.
3827 1454 6699 1802 Lornabas. Gevarum dann auch nicht! – Laßt er
3839 1693 6618 1972 auch gut schmecken. Dransten in der ganzen
3916 1863 6209 2114 weiten Welt gibt's kein Gewächs¬
3860 2017 6225 2268 Sopf: Noch ein Gler, Bruder Kellermeister.
3819 2175 6593 2430 Boulus. So, aber nun denk' ich selbst. Herr
3880 2349 6209 2620 zopf, daß es Zeit sein wird, zu bey immer.
3815 2503 6585 2799 Joseph (aufstehend) Nun freilich, manwartet die langste
3831 2677 6622 2981 zeit. Commt. Herr Druck Organist, wiederfen
3827 2847 4864 3114 nicht verweilen.
3795 2928 6002 3289 Basilius. Gott, um Gruß, habe bruder,
3807 3102 6581 3451 Soph. Ich empfehle mich, meine Herren. Für den Wein¬
3779 3333 6472 3629 Herr Kellermeister — Noch ein Gas, wenn ich bitten
3839 3515 4208 3722 darf.
3880 3588 6209 3969 Bernabas. Marien dem auch nicht so.
