<?xml version="1.0" encoding="UTF-8" standalone="yes"?>
<PcGts xmlns="http://schema.primaresearch.org/PAGE/gts/pagecontent/2013-07-15" xmlns:xsi="http://www.w3.org/2001/XMLSchema-instance" xsi:schemaLocation="http://schema.primaresearch.org/PAGE/gts/pagecontent/2013-07-15 http://schema.primaresearch.org/PAGE/gts/pagecontent/2013-07-15/pagecontent.xsd">
    <Metadata>
        <Creator>prov=READ-COOP:name=TrHtr:version=2.1.0:model_id=51170:date=28_07_2023_11:36</Creator>
        <Created>2023-05-10T11:24:24.142+02:00</Created>
        <LastChange>2023-07-28T11:36:28.245+02:00</LastChange>
        <TranskribusMetadata docId="1428155" pageId="55386989" pageNr="77" tsid="131342678" status="IN_PROGRESS" userId="64420" imgUrl="https://files.transkribus.eu/Get?id=GIVAFEKIOZBGMYJKLTKWDQXL&amp;fileType=view" xmlUrl="https://files.transkribus.eu/Get?id=ROUQKKPZNUYJZRVGFEGHPOXW" imageId="44661886"/>
    </Metadata>
    <Page imageFilename="1428155_0077.jpg" imageWidth="3336" imageHeight="4120">
        <ReadingOrder>
            <OrderedGroup id="ro_1711820483537" caption="Regions reading order">
                <RegionRefIndexed index="0" regionRef="tr_1"/>
                <RegionRefIndexed index="1" regionRef="tr_2"/>
            </OrderedGroup>
        </ReadingOrder>
        <TextRegion id="tr_1" custom="readingOrder {index:0;}">
            <Coords points="623,439 2863,439 2863,1747 623,1747"/>
            <TextLine id="tr_1_tl_1" custom="readingOrder {index:0;}">
                <Coords points="2716,513 2729,513 2753,534 2768,528 2779,537 2807,510 2857,517 2857,412 2807,404 2770,428 2755,423 2744,428 2737,421 2716,425"/>
                <Baseline points="2728,492 2773,489 2818,489 2863,495"/>
                <TextEquiv>
                    <Unicode>68</Unicode>
                </TextEquiv>
            </TextLine>
            <TextLine id="tr_1_tl_2" custom="readingOrder {index:1;}">
                <Coords points="617,829 1134,862 1350,809 1394,842 1824,803 2015,851 2053,746 1627,694 1365,759 1230,702 619,739"/>
                <Baseline points="629,821 668,818 713,815 758,818 803,815 847,815 892,812 937,812 982,809 1027,812 1071,809 1116,809 1161,806 1206,806 1250,806 1295,806 1340,806 1385,806 1430,803 1474,803 1519,803 1564,803 1609,803 1653,800 1698,800 1743,800 1788,800 1833,797 1877,797 1922,797 1967,797 2012,800 2057,800"/>
                <TextEquiv>
                    <Unicode>Vom Edelhandeln und vom Fehlen.</Unicode>
                </TextEquiv>
            </TextLine>
            <TextLine id="tr_1_tl_3" custom="readingOrder {index:2;}">
                <Coords points="617,990 2334,966 2334,883 2068,818 619,853"/>
                <Baseline points="629,967 638,967 683,964 728,967 773,967 818,967 862,964 907,964 952,961 997,961 1041,961 1086,958 1131,958 1176,958 1221,955 1265,958 1310,955 1355,955 1400,955 1444,955 1489,952 1534,952 1579,952 1624,949 1668,949 1713,946 1758,949 1803,946 1848,949 1892,949 1937,949 1982,946 2027,949 2071,946 2116,946 2161,946 2206,943 2251,943 2295,946 2340,952"/>
                <TextEquiv>
                    <Unicode>Von Christensünd und Christenpflicht.</Unicode>
                </TextEquiv>
            </TextLine>
            <TextLine id="tr_1_tl_4" custom="readingOrder {index:3;}">
                <Coords points="617,1154 2057,1119 2057,1056 1867,984 1509,979 1359,1038 1206,1001 617,1027"/>
                <Baseline points="629,1128 674,1125 719,1125 764,1125 809,1125 853,1122 898,1122 943,1119 988,1116 1032,1116 1077,1113 1122,1113 1167,1113 1212,1116 1256,1116 1301,1116 1346,1116 1391,1116 1436,1119 1480,1119 1525,1116 1570,1113 1615,1113 1659,1110 1704,1107 1749,1107 1794,1107 1839,1107 1883,1104 1928,1104 1973,1104 2018,1107 2062,1113"/>
                <TextEquiv>
                    <Unicode>Von der Bestrafung jeder Sünde,</Unicode>
                </TextEquiv>
            </TextLine>
            <TextLine id="tr_1_tl_5" custom="readingOrder {index:4;}">
                <Coords points="619,1298 1920,1298 1920,1217 1826,1176 1405,1222 1328,1152 1174,1150 1056,1230 971,1224 877,1152 622,1180"/>
                <Baseline points="632,1274 671,1277 716,1277 761,1280 806,1280 850,1277 895,1274 940,1274 985,1274 1030,1271 1074,1271 1119,1268 1164,1268 1209,1268 1253,1268 1298,1268 1343,1268 1388,1268 1433,1268 1477,1265 1522,1265 1567,1268 1612,1265 1656,1262 1701,1259 1746,1259 1791,1259 1836,1259 1880,1262 1925,1262"/>
                <TextEquiv>
                    <Unicode>Von guten Taten, evgem Lohn,</Unicode>
                </TextEquiv>
            </TextLine>
            <TextLine id="tr_1_tl_6" custom="readingOrder {index:5;}">
                <Coords points="613,1451 1904,1446 2101,1420 2101,1357 613,1370"/>
                <Baseline points="626,1436 629,1436 674,1436 719,1433 764,1433 809,1433 853,1433 898,1430 943,1430 988,1427 1032,1427 1077,1427 1122,1424 1167,1424 1212,1424 1256,1424 1301,1424 1346,1424 1391,1424 1436,1424 1480,1424 1525,1424 1570,1421 1615,1421 1659,1418 1704,1418 1749,1418 1794,1418 1839,1418 1883,1415 1928,1418 1973,1415 2018,1415 2062,1415 2107,1418"/>
                <TextEquiv>
                    <Unicode>Wie alles einstmals Sühne finde,</Unicode>
                </TextEquiv>
            </TextLine>
            <TextLine id="tr_1_tl_7" custom="readingOrder {index:6;}">
                <Coords points="611,1616 2138,1592 2207,1573 2210,1488 1584,1499 1529,1542 613,1512"/>
                <Baseline points="623,1588 647,1588 692,1585 737,1585 782,1585 826,1588 871,1585 916,1582 961,1582 1006,1582 1050,1579 1095,1579 1140,1579 1185,1579 1230,1579 1274,1576 1319,1576 1364,1576 1409,1573 1453,1573 1498,1570 1543,1570 1588,1567 1633,1567 1677,1567 1722,1567 1767,1564 1812,1564 1856,1564 1901,1564 1946,1561 1991,1564 2036,1561 2080,1558 2125,1558 2170,1555 2215,1558"/>
                <TextEquiv>
                    <Unicode>Dass man bei Gottes Braut und Sohn</Unicode>
                </TextEquiv>
            </TextLine>
            <TextLine id="tr_1_tl_8" custom="readingOrder {index:7;}">
                <Coords points="613,1758 1972,1745 1991,1636 753,1701 615,1642"/>
                <Baseline points="626,1737 650,1737 695,1734 740,1734 785,1734 829,1731 874,1731 919,1731 964,1731 1009,1728 1053,1728 1098,1728 1143,1728 1188,1728 1233,1725 1277,1728 1322,1725 1367,1725 1412,1722 1456,1722 1501,1722 1546,1719 1591,1719 1636,1719 1680,1716 1725,1716 1770,1719 1815,1716 1859,1713 1904,1713 1949,1710 1994,1716"/>
                <TextEquiv>
                    <Unicode>Um seine Seligkeit muss flehn</Unicode>
                </TextEquiv>
            </TextLine>
        </TextRegion>
        <TextRegion id="tr_2" custom="readingOrder {index:1;}">
            <Coords points="618,1815 2373,1815 2373,3571 618,3571"/>
            <TextLine id="tr_2_tl_1" custom="readingOrder {index:0;}">
                <Coords points="604,1909 2284,1889 2284,1821 2175,1795 606,1834"/>
                <Baseline points="618,1892 632,1892 677,1889 722,1886 767,1886 812,1886 856,1886 901,1883 946,1883 991,1880 1035,1883 1080,1880 1125,1880 1170,1880 1215,1877 1259,1880 1304,1880 1349,1877 1394,1877 1439,1877 1483,1874 1528,1871 1573,1874 1618,1871 1662,1871 1707,1871 1752,1871 1797,1871 1842,1871 1886,1868 1931,1868 1976,1868 2021,1865 2065,1865 2110,1865 2155,1865 2200,1865 2245,1871 2289,1877"/>
                <TextEquiv>
                    <Unicode>Das schwört er alles hoch und teuer,</Unicode>
                </TextEquiv>
            </TextLine>
            <TextLine id="tr_2_tl_2" custom="readingOrder {index:1;}">
                <Coords points="611,2061 2020,2059 2061,1978 1058,2002 973,1961 611,2022"/>
                <Baseline points="623,2057 632,2054 677,2051 722,2051 767,2048 812,2048 856,2045 901,2045 946,2045 991,2045 1035,2042 1080,2042 1125,2039 1170,2042 1215,2039 1259,2039 1304,2039 1349,2039 1394,2036 1439,2036 1483,2036 1528,2036 1573,2033 1618,2033 1662,2036 1707,2036 1752,2036 1797,2036 1842,2033 1886,2033 1931,2030 1976,2030 2021,2033 2065,2039"/>
                <TextEquiv>
                    <Unicode>Als hätt er Höll und Fegefeuer,</Unicode>
                </TextEquiv>
            </TextLine>
            <TextLine id="tr_2_tl_3" custom="readingOrder {index:2;}">
                <Coords points="613,2223 1717,2183 1863,2223 2063,2210 2066,2135 615,2131"/>
                <Baseline points="626,2203 635,2200 680,2197 725,2194 770,2194 815,2194 859,2191 904,2191 949,2188 994,2188 1038,2188 1083,2188 1128,2191 1173,2188 1218,2188 1262,2188 1307,2185 1352,2185 1397,2185 1442,2185 1486,2182 1531,2182 1576,2182 1621,2182 1665,2182 1710,2182 1755,2182 1800,2179 1845,2179 1889,2176 1934,2176 1979,2176 2024,2176 2068,2182"/>
                <TextEquiv>
                    <Unicode>Den Himmel selber schon gesehn.</Unicode>
                </TextEquiv>
            </TextLine>
            <TextLine id="tr_2_tl_4" custom="readingOrder {index:3;}">
                <Coords points="626,2380 794,2347 1014,2375 1071,2336 1525,2378 1658,2330 1954,2358 2015,2343 2018,2273 1708,2249 1621,2286 1060,2297 992,2251 628,2227"/>
                <Baseline points="638,2346 677,2343 722,2340 767,2340 812,2337 856,2334 901,2334 946,2334 991,2334 1035,2334 1080,2334 1125,2334 1170,2334 1215,2334 1259,2334 1304,2331 1349,2331 1394,2331 1439,2331 1483,2331 1528,2328 1573,2331 1618,2331 1662,2328 1707,2331 1752,2328 1797,2325 1842,2325 1886,2322 1931,2319 1976,2319 2021,2316"/>
                <TextEquiv>
                    <Unicode>Ich hörte eine Predigt halten</Unicode>
                </TextEquiv>
            </TextLine>
            <TextLine id="tr_2_tl_5" custom="readingOrder {index:4;}">
                <Coords points="609,2498 1952,2502 1952,2428 1880,2415 1001,2441 746,2369 609,2399"/>
                <Baseline points="620,2495 659,2495 704,2492 749,2492 794,2492 838,2492 883,2489 928,2486 973,2486 1018,2486 1062,2486 1107,2489 1152,2489 1197,2486 1241,2483 1286,2486 1331,2483 1376,2480 1421,2480 1465,2480 1510,2480 1555,2480 1600,2480 1645,2480 1689,2480 1734,2477 1779,2477 1824,2474 1868,2474 1913,2472 1958,2466"/>
                <TextEquiv>
                    <Unicode>Acht Tage sind es eben heut</Unicode>
                </TextEquiv>
            </TextLine>
            <TextLine id="tr_2_tl_6" custom="readingOrder {index:5;}">
                <Coords points="617,2655 1996,2650 2013,2541 1710,2530 1472,2598 923,2528 617,2572"/>
                <Baseline points="629,2645 674,2645 719,2642 764,2642 809,2642 853,2642 898,2639 943,2639 988,2639 1032,2639 1077,2639 1122,2639 1167,2636 1212,2636 1256,2636 1301,2633 1346,2633 1391,2633 1436,2633 1480,2633 1525,2633 1570,2630 1615,2630 1659,2630 1704,2630 1749,2630 1794,2630 1839,2630 1883,2627 1928,2627 1973,2627 2018,2630"/>
                <TextEquiv>
                    <Unicode>Von Gottes wundersamem Walten,</Unicode>
                </TextEquiv>
            </TextLine>
            <TextLine id="tr_2_tl_7" custom="readingOrder {index:6;}">
                <Coords points="617,2792 925,2831 1762,2788 2007,2829 2066,2809 2068,2692 1712,2733 1601,2665 1163,2731 918,2676 619,2733"/>
                <Baseline points="629,2791 635,2791 680,2788 725,2788 770,2788 815,2788 859,2788 904,2788 949,2785 994,2785 1038,2785 1083,2785 1128,2785 1173,2782 1218,2782 1262,2782 1307,2782 1352,2782 1397,2779 1442,2779 1486,2779 1531,2779 1576,2779 1621,2776 1665,2776 1710,2776 1755,2779 1800,2776 1845,2776 1889,2776 1934,2773 1979,2773 2024,2776 2068,2779"/>
                <TextEquiv>
                    <Unicode>Von himmlischer Barmherzigkeit.</Unicode>
                </TextEquiv>
            </TextLine>
            <TextLine id="tr_2_tl_8" custom="readingOrder {index:7;}">
                <Coords points="617,2966 2116,2971 2251,2962 2253,2868 1760,2881 1708,2842 1180,2916 696,2840 617,2888"/>
                <Baseline points="629,2949 644,2949 689,2946 734,2946 779,2946 824,2946 868,2943 913,2946 958,2943 1003,2943 1047,2940 1092,2940 1137,2940 1182,2940 1227,2940 1271,2940 1316,2940 1361,2940 1406,2940 1450,2940 1495,2940 1540,2940 1585,2937 1630,2934 1674,2934 1719,2934 1764,2934 1809,2934 1854,2931 1898,2931 1943,2931 1988,2931 2033,2931 2077,2931 2122,2931 2167,2931 2212,2931 2257,2934"/>
                <TextEquiv>
                    <Unicode>Das war Dir da ein förmlich singen,</Unicode>
                </TextEquiv>
            </TextLine>
            <TextLine id="tr_2_tl_9" custom="readingOrder {index:8;}">
                <Coords points="624,3119 1996,3084 2074,3124 2340,3091 2343,3006 2149,3025 1985,2960 1307,3045 1001,2988 624,3023"/>
                <Baseline points="635,3101 644,3098 689,3095 734,3095 779,3098 824,3095 868,3095 913,3095 958,3095 1003,3095 1047,3095 1092,3095 1137,3095 1182,3092 1227,3092 1271,3092 1316,3090 1361,3090 1406,3090 1450,3090 1495,3090 1540,3087 1585,3087 1630,3084 1674,3084 1719,3084 1764,3081 1809,3081 1854,3081 1898,3081 1943,3081 1988,3078 2033,3078 2077,3078 2122,3075 2167,3075 2212,3078 2257,3078 2301,3078 2346,3078"/>
                <TextEquiv>
                    <Unicode>Von Gott, Gottsohn und heilgem Geist.</Unicode>
                </TextEquiv>
            </TextLine>
            <TextLine id="tr_2_tl_10" custom="readingOrder {index:9;}">
                <Coords points="617,3261 999,3287 1071,3252 1163,3296 1344,3246 2116,3252 2116,3193 1928,3187 1854,3137 1649,3193 1448,3145 1278,3187 1160,3145 986,3187 617,3158"/>
                <Baseline points="629,3260 644,3257 689,3251 734,3251 779,3251 824,3248 868,3248 913,3248 958,3248 1003,3245 1047,3245 1092,3245 1137,3245 1182,3242 1227,3242 1271,3239 1316,3242 1361,3242 1406,3242 1450,3239 1495,3239 1540,3239 1585,3239 1630,3239 1674,3239 1719,3236 1764,3236 1809,3236 1854,3236 1898,3233 1943,3236 1988,3236 2033,3236 2077,3236 2122,3239"/>
                <TextEquiv>
                    <Unicode>Er tät die drei zusammenbringen,</Unicode>
                </TextEquiv>
            </TextLine>
            <TextLine id="tr_2_tl_11" custom="readingOrder {index:10;}">
                <Coords points="624,3429 2288,3416 2303,3322 1695,3263 1623,3316 1333,3276 931,3344 626,3289"/>
                <Baseline points="635,3400 650,3400 695,3397 740,3397 785,3397 829,3397 874,3397 919,3397 964,3394 1009,3394 1053,3394 1098,3391 1143,3388 1188,3388 1233,3391 1277,3388 1322,3388 1367,3388 1412,3388 1456,3385 1501,3388 1546,3385 1591,3385 1636,3385 1680,3385 1725,3385 1770,3382 1815,3379 1859,3379 1904,3376 1949,3382 1994,3379 2039,3376 2083,3376 2128,3376 2173,3376 2218,3376 2263,3379 2307,3385"/>
                <TextEquiv>
                    <Unicode>Wusst selber nicht wie jeder heisst.</Unicode>
                </TextEquiv>
            </TextLine>
            <TextLine id="tr_2_tl_12" custom="readingOrder {index:11;}">
                <Coords points="617,3569 2144,3588 2367,3562 2369,3416 619,3459"/>
                <Baseline points="629,3561 671,3558 716,3558 761,3555 806,3555 850,3555 895,3552 940,3552 985,3549 1030,3552 1074,3549 1119,3546 1164,3546 1209,3546 1253,3546 1298,3543 1343,3543 1388,3543 1433,3543 1477,3540 1522,3543 1567,3540 1612,3540 1656,3540 1701,3543 1746,3540 1791,3540 1836,3537 1880,3537 1925,3540 1970,3540 2015,3537 2060,3537 2104,3534 2149,3534 2194,3534 2239,3531 2283,3531 2328,3531 2373,3531"/>
                <TextEquiv>
                    <Unicode>Bald hat der Geist sein Wort genommen</Unicode>
                </TextEquiv>
            </TextLine>
        </TextRegion>
    </Page>
</PcGts>
