3352 4104
2914 427 3048 558 76
1310 747 1796 939 Mütterchen
640 918 2311 1038 Wo bist Du mit den Gedanken gewesen?
622 1078 2260 1284 Du sollst mir Dein Gebetbuch leihn.
1361 1233 1743 1409 Mädchen.
1326 1342 3005 1599 (f ) Mir ist es so seltsam im Gottes
737 1406 1289 1588 schlägt es
2570 1503 2842 1663 haus,
1366 1681 1900 1780 Mütterchen.
627 1841 2274 2018 Ei, ei, da fällt eine Blume heraus.
1412 1996 1809 2103 Mädchen.
651 2143 2370 2279 Es ist eine Nolke, die hab ich gerne.
657 2287 2509 2413 Ich hab sie erst heute selbst gepflückt.
1377 2450 1900 2551 Mütterchen.
665 2586 2421 2706 Jugend, Jugend wie bist Du beglückt.
654 2743 2797 2861 Noch fühl ich mit Dir und die meine ist ferne.
665 2888 2423 3013 Doch jetzt sei still und bete mit mir.
689 3026 2453 3237 "Heilige Maria." (murmelt weiter)
1406 3211 1799 3379 Mädchen.
683 3349 2581 3581 (steht sich um) Er ist noch nicht hier.
