3336 4088
2725 328 2914 555 135.
1243 829 1678 1000 Aegidius
524 883 2961 1139 Es sollte nichts hohes geben? Und wahrhaftig es wahr
536 1098 2864 1299 mir einmal also! Und wüste Momente gibts, da der
552 1221 2829 1479 selbe Gedanke trostlos vor mir starrt, leer elend!
536 1378 2845 1561 Nichts grosses, nichts, das höher reicht, als wir
558 1542 2930 1807 selber mit unserm armseligen Verstande? Und was wir
555 1753 949 1914 ahnen...
1290 1867 1719 2059 Benedikt.
593 1977 2901 2264 ( nimmt ein Glas und werfts zu Boden ) Dieses Glas
577 2135 2914 2337 ist wahr, denn Du hörst, „dass es zerbricht. Dieses
565 2334 3043 2488 Weib dort ist wahr ( obwohl es sehr falsch ist) denn
558 2444 3043 2681 Du selbst wie es den Narren dort küsst. Dass der dort
583 2618 3116 2769 ein Narr ist, ist auch wahr, denn wir sind alle Narren.
1299 2769 1735 2977 Aegidtus
577 2939 2917 3091 Elend, elnd! Der öde Stoffglauebe wider das Ideel.
583 3072 2924 3229 Hatt ich eines? Und wird eines errungen? Kanns der
571 3220 2974 3387 Mensch erringen? Ists für ihn? Ists überhaupt? Und
587 3365 2927 3567 waltet denn überhaupt etwas andres, als der Mensch?
