3352 4104
2873 414 3001 556 64
587 697 2252 881 Du seufzest auf? O sprich doch wann
590 847 2199 1046 Hast Deine Ruhe xxxx Du verloren?
1326 975 1746 1174 Erstes G.
606 1166 2703 1345 (salbngsvoll) Es wird ein jeder grosser Mann
585 1300 2184 1468 Mit einem grossen Schmerz geboren.
582 1460 1864 1636 An meiner Wiege ward er mir
592 1609 2218 1775 Und elend fühl ich mich gleich Dir.
1313 1775 1803 1924 Zueites G.
587 1903 2003 2066 Woher es wohl den Anfang nahm?
577 2076 2094 2262 Dies ewge sich zerrissen fühlen!
1193 2223 1801 2367 Erstes G.
579 2383 1893 2516 Ach wilss te man woher es kam,
564 2503 2165 2708 Dann wäre auch der Gram zu kühlen.
1248 2684 1908 2865 Zweites G.
577 2826 2679 2965 Stets musst ich Dich, mein Freund, benelden.
571 3004 1937 3132 Was konnte Dtr die Lebenslust
558 3135 1900 3263 Mit einem Male so verleiden?
571 3284 1900 3455 Inmitten staubgem Bücherwus t
558 3455 2204 3633 Hast Du Dich selber sets vergessen.
