3368 4088
2808 414 2944 611 33
715 724 3046 895 Das spracht Ihr wahr. Jedoch der Mensch, dem doch
718 892 2412 1097 All das so offen dazuliegen scheint.
715 1051 2406 1216 Als wär es eben nur dazu geschaffen,
712 1210 2765 1392 Dass ers nach Will und innerm Trieb benütze,
712 1366 2695 1514 Der Mensch gehoroht auch andern Satzungen,
703 1531 2495 1685 Als denen in der eignen sündgen Brust.
1346 1691 1772 1861 Aegidius
715 1821 2168 2015 Gehorcht? Muss, muss gehorchen!
1335 1983 1795 2154 Augustin.
701 2122 1448 2316 Freilich Bruder.
703 2284 2736 2388 Jedoch Ihr scherzt. Von jeher kann ich Euch
686 2409 2571 2597 Als gottesfürchtgen Jüngling. Ketner war
692 2568 2319 2750 Wie Ihr gehorsam eben den Gesetzen,
692 2733 2597 2898 Von denen Ihr so - seltsam jetzo spracht.
1323 2878 1763 3054 Aegidius.
677 3011 2854 3167 Hm. Muss gehorchen! Bruder Augustin, wer wars,
677 3176 2475 3361 Der jene Satzungen der Menschheit gab?
1309 3352 1751 3535 Augustin.
669 3488 2739 3711 Aegidtus, kommt. Euch ist nicht völlig wohl.
