3352 4120
2735 332 2862 496 98
1004 685 2116 875 Vor einem Nonnenkloster.
1257 900 1564 1077 Nacht.
1270 1485 1699 1684 Benedikt.
512 1617 2865 1785 Auf, auf, vielteure Schläfertnnen, Ihr Jungfrauen,
521 1782 2739 1965 dte Ihr Euer Leben geweiht habt dem Dienste des
502 1965 2742 2135 „Nichstuns, oder besser gesagt des beschaulichen
505 2110 2824 2227 Lebens, oder noch schöner des Betens, Fastens und
509 2262 2868 2432 Kasteins. Auf dieses Tor, durch welches ich in das
509 2429 2868 2565 Grab eingehe unzähliger tiefer, leidenschaftlicher
518 2555 2953 2732 Gefühle, wo mich der Moderduft dahingegangenen Leids
512 2710 3045 2852 umfängt. Auf, Ihr liebreizenden Nönnchen! Aber wickelt
499 2881 2770 3026 Euch ja recht fest ein in Euer dunkel Gewand. Es
502 3010 2916 3184 mag kalt sein in den steinernen Gängen, wo irdische
490 3184 3013 3336 Liebe nicht weilen darf. Ich dachte ja, dass sie alle
505 3336 2818 3516 schlafen würden - so träumt wohl! Aber wahrhaftig
496 3487 2957 3677 nicht entschliessen kann ich mich, bei meinen tollen
