<?xml version="1.0" encoding="UTF-8" standalone="yes"?>
<PcGts xmlns="http://schema.primaresearch.org/PAGE/gts/pagecontent/2013-07-15" xmlns:xsi="http://www.w3.org/2001/XMLSchema-instance" xsi:schemaLocation="http://schema.primaresearch.org/PAGE/gts/pagecontent/2013-07-15 http://schema.primaresearch.org/PAGE/gts/pagecontent/2013-07-15/pagecontent.xsd">
    <Metadata>
        <Creator>prov=READ-COOP:name=TrHtr:version=2.1.0:model_id=51170:date=28_07_2023_11:36</Creator>
        <Created>2023-05-10T11:24:29.905+02:00</Created>
        <LastChange>2023-07-28T11:36:44.350+02:00</LastChange>
        <TranskribusMetadata docId="1428155" pageId="55387147" pageNr="121" tsid="131342732" status="IN_PROGRESS" userId="64420" imgUrl="https://files.transkribus.eu/Get?id=NDAUZEBLQTHHIJMKXXZRKOAU&amp;fileType=view" xmlUrl="https://files.transkribus.eu/Get?id=XCKHRFWXRCVXTNUBNXSBVTYL" imageId="44662044"/>
    </Metadata>
    <Page imageFilename="1428155_0121.jpg" imageWidth="3320" imageHeight="4104">
        <ReadingOrder>
            <OrderedGroup id="ro_1711820516343" caption="Regions reading order">
                <RegionRefIndexed index="0" regionRef="tr_1"/>
                <RegionRefIndexed index="1" regionRef="tr_2"/>
            </OrderedGroup>
        </ReadingOrder>
        <TextRegion id="tr_1" custom="readingOrder {index:0;}">
            <Coords points="593,535 2990,535 2990,2478 593,2478"/>
            <TextLine id="tr_1_tl_1" custom="readingOrder {index:0;}">
                <Coords points="2808,608 2837,617 2863,611 2877,626 2898,620 2932,635 2961,620 2982,620 2982,481 2950,481 2918,458 2889,466 2851,432 2840,438 2808,426"/>
                <Baseline points="2823,585 2868,585 2913,585 2957,585 2990,585"/>
                <TextEquiv>
                    <Unicode>112</Unicode>
                </TextEquiv>
            </TextLine>
            <TextLine id="tr_1_tl_2" custom="readingOrder {index:1;}">
                <Coords points="588,962 1075,913 1376,979 1904,916 2414,962 2414,736 2008,832 588,820"/>
                <Baseline points="605,913 650,913 695,913 740,916 784,913 829,913 874,913 919,913 964,913 1008,913 1053,913 1098,913 1143,913 1187,916 1232,913 1277,913 1322,913 1367,913 1411,913 1456,910 1501,910 1546,910 1590,913 1635,910 1680,910 1725,910 1769,910 1814,910 1859,910 1904,910 1949,910 1993,910 2038,907 2083,907 2128,907 2172,907 2217,907 2262,907 2307,907 2351,910 2396,913 2420,913"/>
                <TextEquiv>
                    <Unicode>Vom trüben Dunst der Grübelei umqualmt,</Unicode>
                </TextEquiv>
            </TextLine>
            <TextLine id="tr_1_tl_3" custom="readingOrder {index:2;}">
                <Coords points="577,1095 2753,1089 2877,1072 2877,968 577,988"/>
                <Baseline points="593,1068 599,1068 644,1065 689,1068 734,1068 779,1068 823,1068 868,1068 913,1065 958,1065 1002,1065 1047,1065 1092,1065 1137,1065 1181,1065 1226,1065 1271,1065 1316,1065 1361,1062 1405,1062 1450,1065 1495,1065 1540,1062 1584,1062 1629,1065 1674,1062 1719,1065 1763,1065 1808,1062 1853,1059 1898,1062 1943,1059 1987,1059 2032,1059 2077,1059 2122,1062 2166,1062 2211,1062 2256,1062 2301,1062 2345,1059 2390,1059 2435,1059 2480,1059 2525,1056 2569,1056 2614,1059 2659,1056 2704,1056 2748,1056 2793,1056 2838,1053 2883,1050"/>
                <TextEquiv>
                    <Unicode>Das Licht nicht sahn, das freudger Glaube heisst</Unicode>
                </TextEquiv>
            </TextLine>
            <TextLine id="tr_1_tl_4" custom="readingOrder {index:3;}">
                <Coords points="582,1237 2524,1246 2524,1130 2301,1072 582,1150"/>
                <Baseline points="599,1214 605,1217 650,1217 695,1217 740,1220 784,1220 829,1220 874,1220 919,1220 964,1223 1008,1220 1053,1220 1098,1220 1143,1220 1187,1217 1232,1217 1277,1217 1322,1217 1367,1217 1411,1220 1456,1217 1501,1217 1546,1217 1590,1217 1635,1217 1680,1214 1725,1214 1769,1214 1814,1214 1859,1214 1904,1214 1949,1214 1993,1214 2038,1214 2083,1217 2128,1214 2172,1214 2217,1214 2262,1214 2307,1214 2351,1211 2396,1211 2441,1211 2486,1208 2531,1208"/>
                <TextEquiv>
                    <Unicode>Und denk ich, wie sie einst unselig waren</Unicode>
                </TextEquiv>
            </TextLine>
            <TextLine id="tr_1_tl_5" custom="readingOrder {index:4;}">
                <Coords points="594,1382 2683,1414 2683,1275 2530,1252 2173,1315 1788,1249 594,1295"/>
                <Baseline points="611,1369 656,1369 701,1369 746,1372 790,1372 835,1369 880,1369 925,1369 970,1372 1014,1369 1059,1369 1104,1372 1149,1372 1193,1369 1238,1369 1283,1369 1328,1369 1372,1369 1417,1369 1462,1369 1507,1369 1552,1369 1596,1369 1641,1369 1686,1369 1731,1369 1775,1369 1820,1369 1865,1369 1910,1369 1954,1369 1999,1369 2044,1369 2089,1369 2134,1369 2178,1367 2223,1367 2268,1367 2313,1367 2357,1367 2402,1367 2447,1364 2492,1367 2537,1364 2581,1364 2626,1367 2671,1367 2689,1369"/>
                <TextEquiv>
                    <Unicode>Und wie sie jetzt so gläubig, glücklich sind,</Unicode>
                </TextEquiv>
            </TextLine>
            <TextLine id="tr_1_tl_6" custom="readingOrder {index:5;}">
                <Coords points="577,1541 2695,1556 2695,1457 2243,1399 577,1423"/>
                <Baseline points="593,1522 638,1522 683,1522 728,1522 773,1522 817,1522 862,1522 907,1522 952,1522 996,1522 1041,1522 1086,1522 1131,1522 1175,1519 1220,1522 1265,1522 1310,1522 1355,1519 1399,1519 1444,1519 1489,1522 1534,1519 1578,1519 1623,1519 1668,1519 1713,1519 1758,1516 1802,1516 1847,1519 1892,1519 1937,1519 1981,1519 2026,1519 2071,1516 2116,1516 2160,1516 2205,1516 2250,1516 2295,1516 2340,1516 2384,1516 2429,1513 2474,1516 2519,1516 2563,1516 2608,1519 2653,1522 2698,1522 2701,1522"/>
                <TextEquiv>
                    <Unicode>Dann möcht ich fast im Herzen überzeugt sein,</Unicode>
                </TextEquiv>
            </TextLine>
            <TextLine id="tr_1_tl_7" custom="readingOrder {index:6;}">
                <Coords points="577,1707 2695,1710 2695,1602 2460,1565 577,1573"/>
                <Baseline points="593,1668 638,1668 683,1671 728,1671 773,1671 817,1671 862,1671 907,1668 952,1668 996,1668 1041,1668 1086,1668 1131,1668 1175,1665 1220,1668 1265,1668 1310,1668 1355,1668 1399,1668 1444,1668 1489,1668 1534,1668 1578,1665 1623,1665 1668,1665 1713,1665 1758,1665 1802,1662 1847,1662 1892,1665 1937,1665 1981,1665 2026,1665 2071,1665 2116,1665 2160,1665 2205,1662 2250,1662 2295,1665 2340,1665 2384,1665 2429,1665 2474,1665 2519,1665 2563,1665 2608,1665 2653,1665 2698,1671 2701,1671"/>
                <TextEquiv>
                    <Unicode>Dass mir die Heilung auch des Mönchs gelingt.</Unicode>
                </TextEquiv>
            </TextLine>
            <TextLine id="tr_1_tl_8" custom="readingOrder {index:7;}">
                <Coords points="1278,1869 1310,1889 1324,1880 1344,1886 1368,1872 1382,1880 1426,1863 1492,1869 1518,1721 1495,1724 1475,1712 1460,1721 1426,1704 1365,1721 1339,1701 1330,1710 1307,1695"/>
                <Baseline points="1298,1847 1322,1847 1367,1847 1403,1827 1403,1827 1414,1823 1459,1823 1504,1823"/>
                <TextEquiv>
                    <Unicode>Abt.</Unicode>
                </TextEquiv>
            </TextLine>
            <TextLine id="tr_1_tl_9" custom="readingOrder {index:8;}">
                <Coords points="582,1993 1382,2031 1518,1979 1652,2031 1796,1993 1799,1872 582,1892"/>
                <Baseline points="599,1984 638,1981 683,1981 728,1978 773,1978 817,1978 862,1978 907,1978 952,1978 996,1978 1041,1975 1086,1978 1131,1978 1175,1978 1220,1978 1265,1978 1310,1978 1355,1978 1399,1975 1444,1975 1489,1975 1534,1975 1578,1975 1623,1975 1668,1972 1713,1972 1758,1975 1802,1978"/>
                <TextEquiv>
                    <Unicode>So viel verlang ich nicht.</Unicode>
                </TextEquiv>
            </TextLine>
            <TextLine id="tr_1_tl_10" custom="readingOrder {index:9;}">
                <Coords points="1321,2185 1368,2202 1420,2188 1460,2214 1498,2199 1539,2225 1617,2193 1649,2214 1678,2202 1712,2228 1750,2219 1747,2078 1710,2057 1623,2022 1568,2051 1512,2017 1446,2040 1414,2014 1382,2028 1368,2017 1318,2040"/>
                <Baseline points="1337,2131 1381,2131 1426,2134 1471,2134 1516,2134 1561,2137 1605,2137 1650,2137 1695,2134 1740,2143 1755,2146"/>
                <TextEquiv>
                    <Unicode>Benedikt.</Unicode>
                </TextEquiv>
            </TextLine>
            <TextLine id="tr_1_tl_11" custom="readingOrder {index:10;}">
                <Coords points="582,2301 637,2298 695,2332 771,2304 878,2341 924,2312 985,2304 985,2199 919,2185 872,2153 791,2188 756,2164 693,2188 649,2153 582,2162"/>
                <Baseline points="599,2289 635,2286 680,2286 725,2286 770,2286 814,2286 859,2286 904,2286 949,2286 993,2286"/>
                <TextEquiv>
                    <Unicode>Wie das?</Unicode>
                </TextEquiv>
            </TextLine>
            <TextLine id="tr_1_tl_12" custom="readingOrder {index:11;}">
                <Coords points="1295,2489 1362,2480 1382,2495 1437,2498 1466,2477 1512,2492 1539,2483 1553,2498 1599,2489 1602,2353 1559,2353 1498,2295 1484,2304 1472,2289 1428,2312 1298,2298"/>
                <Baseline points="1310,2468 1340,2465 1384,2465 1429,2462 1474,2465 1519,2462 1563,2462 1608,2456"/>
                <TextEquiv>
                    <Unicode>Abt.</Unicode>
                </TextEquiv>
            </TextLine>
        </TextRegion>
        <TextRegion id="tr_2" custom="readingOrder {index:1;}">
            <Coords points="587,2540 2904,2540 2904,3517 587,3517"/>
            <TextLine id="tr_2_tl_1" custom="readingOrder {index:0;}">
                <Coords points="585,2622 753,2602 997,2614 997,2498 947,2509 863,2486 823,2512 777,2474 745,2495 710,2477 585,2530"/>
                <Baseline points="602,2593 647,2593 692,2590 737,2590 781,2590 826,2590 871,2590 916,2590 961,2590 1005,2593"/>
                <TextEquiv>
                    <Unicode>Ihr seid</Unicode>
                </TextEquiv>
            </TextLine>
            <TextLine id="tr_2_tl_2" custom="readingOrder {index:1;}">
                <Coords points="577,2753 2112,2796 2530,2744 2530,2657 2417,2619 1880,2698 577,2628"/>
                <Baseline points="593,2742 608,2742 653,2742 698,2742 743,2742 787,2742 832,2742 877,2742 922,2742 967,2742 1011,2742 1056,2742 1101,2742 1146,2742 1190,2742 1235,2742 1280,2742 1325,2739 1369,2742 1414,2742 1459,2739 1504,2739 1549,2739 1593,2739 1638,2739 1683,2739 1728,2739 1772,2739 1817,2739 1862,2739 1907,2739 1952,2739 1996,2736 2041,2739 2086,2739 2131,2739 2175,2739 2220,2739 2265,2739 2310,2739 2354,2739 2399,2736 2444,2736 2489,2734 2534,2731"/>
                <TextEquiv>
                    <Unicode>Den Jahren nah, wo sich die Stirne faltet</Unicode>
                </TextEquiv>
            </TextLine>
            <TextLine id="tr_2_tl_3" custom="readingOrder {index:2;}">
                <Coords points="580,2918 2619,2898 2590,2825 1666,2842 1570,2787 580,2825"/>
                <Baseline points="596,2895 641,2895 686,2895 731,2898 776,2895 820,2895 865,2895 910,2895 955,2895 999,2892 1044,2892 1089,2892 1134,2892 1178,2892 1223,2892 1268,2895 1313,2895 1358,2895 1402,2895 1447,2895 1492,2892 1537,2892 1581,2892 1626,2892 1671,2895 1716,2892 1760,2892 1805,2892 1850,2895 1895,2895 1940,2892 1984,2892 2029,2892 2074,2892 2119,2892 2163,2889 2208,2892 2253,2892 2298,2892 2343,2892 2387,2892 2432,2892 2477,2892 2522,2892 2566,2892 2611,2892 2623,2895"/>
                <TextEquiv>
                    <Unicode>Und grau das Haupthaar wird. In Euren Augen</Unicode>
                </TextEquiv>
            </TextLine>
            <TextLine id="tr_2_tl_4" custom="readingOrder {index:3;}">
                <Coords points="577,3051 750,3106 942,3045 1449,3106 2822,3057 2776,2961 577,2958"/>
                <Baseline points="593,3044 638,3044 683,3047 728,3044 773,3047 817,3047 862,3047 907,3044 952,3044 996,3044 1041,3044 1086,3044 1131,3044 1175,3044 1220,3044 1265,3044 1310,3044 1355,3044 1399,3047 1444,3044 1489,3044 1534,3044 1578,3044 1623,3044 1668,3044 1713,3047 1758,3050 1802,3047 1847,3047 1892,3044 1937,3044 1981,3044 2026,3044 2071,3041 2116,3041 2160,3041 2205,3041 2250,3041 2295,3041 2340,3044 2384,3044 2429,3044 2474,3041 2519,3041 2563,3044 2608,3041 2653,3041 2698,3041 2742,3044 2787,3047 2829,3050"/>
                <TextEquiv>
                    <Unicode>Strahlt nicht der milde, glücklich stille Glanz,</Unicode>
                </TextEquiv>
            </TextLine>
            <TextLine id="tr_2_tl_5" custom="readingOrder {index:4;}">
                <Coords points="577,3202 2718,3225 2718,3155 2254,3054 1417,3150 577,3066"/>
                <Baseline points="593,3196 638,3196 683,3196 728,3196 773,3196 817,3199 862,3196 907,3196 952,3196 996,3196 1041,3196 1086,3196 1131,3196 1175,3196 1220,3196 1265,3196 1310,3199 1355,3196 1399,3196 1444,3196 1489,3196 1534,3196 1578,3196 1623,3196 1668,3196 1713,3199 1758,3196 1802,3196 1847,3196 1892,3193 1937,3193 1981,3193 2026,3190 2071,3193 2116,3193 2160,3193 2205,3193 2250,3193 2295,3196 2340,3193 2384,3193 2429,3193 2474,3193 2519,3193 2563,3193 2608,3193 2653,3193 2698,3202 2725,3202"/>
                <TextEquiv>
                    <Unicode>Wie in den Augen, die das Licht des Glaubens,</Unicode>
                </TextEquiv>
            </TextLine>
            <TextLine id="tr_2_tl_6" custom="readingOrder {index:5;}">
                <Coords points="571,3390 2883,3390 2900,3260 1852,3208 571,3274"/>
                <Baseline points="587,3348 632,3351 677,3351 722,3351 767,3351 811,3351 856,3351 901,3351 946,3348 990,3351 1035,3348 1080,3348 1125,3351 1170,3351 1214,3348 1259,3348 1304,3348 1349,3348 1393,3351 1438,3351 1483,3351 1528,3348 1572,3348 1617,3348 1662,3348 1707,3348 1752,3345 1796,3348 1841,3348 1886,3348 1931,3348 1975,3348 2020,3345 2065,3345 2110,3345 2154,3348 2199,3348 2244,3351 2289,3348 2334,3345 2378,3345 2423,3345 2468,3345 2513,3345 2557,3342 2602,3345 2647,3342 2692,3345 2736,3345 2781,3348 2826,3348 2871,3348 2904,3354"/>
                <TextEquiv>
                    <Unicode>Das Licht des freudgen Glaubens sahn. Mein Freund,</Unicode>
                </TextEquiv>
            </TextLine>
            <TextLine id="tr_2_tl_7" custom="readingOrder {index:6;}">
                <Coords points="582,3607 884,3509 1234,3607 1518,3515 2393,3570 2454,3561 2454,3364 582,3422"/>
                <Baseline points="599,3507 626,3504 671,3504 716,3504 761,3504 805,3507 850,3504 895,3504 940,3501 984,3501 1029,3501 1074,3501 1119,3501 1164,3501 1208,3501 1253,3504 1298,3501 1343,3501 1387,3504 1432,3504 1477,3504 1522,3504 1566,3504 1611,3504 1656,3501 1701,3501 1746,3501 1790,3501 1835,3501 1880,3501 1925,3501 1969,3501 2014,3501 2059,3501 2104,3501 2149,3501 2193,3501 2238,3501 2283,3501 2328,3504 2372,3504 2417,3504 2462,3504"/>
                <TextEquiv>
                    <Unicode>Verwandt mit meinem Blicke ist der Eure.</Unicode>
                </TextEquiv>
            </TextLine>
        </TextRegion>
    </Page>
</PcGts>
