3368 4120
622 799 2211 944 Und bald Gottvater, bald Gottsohn.
624 951 2352 1150 Und als er dann zum Schluss gekommen,
619 1131 2129 1239 Sprach er in salbungsvollen Ton:
631 1262 2445 1388 "Gott ist barmherzig, müsst ihn lieben,
619 1410 2405 1543 Er liebt auch Euch, das tst sehr klar.
617 1571 2496 1711 Denn so ists in der Schrift geschrieben,
633 1739 2445 1851 Und was die Schrift sagt, das ist wahr.
638 1891 2094 2006 Ich aber tät in Wut entbrennen.
643 2022 2097 2181 O, warum rief ich ihm nicht zu:
629 2195 2288 2319 Kannst Du die Wahrheit so erkennen?
638 2319 2242 2461 Die Bibel weiss nicht mehr als Du!
645 2499 2167 2676 Und leuchtet in den alten Worten
640 2672 1921 2798 Der Poeste stets neue Glut,
645 2817 2085 2990 Es strömt in ihnen aller Orten
645 2978 2106 3097 Der Phantaste hell goldne Flut.
654 3090 2295 3282 Die Wahrheit liegt in jenen Dingen,
654 3251 1975 3366 Die man an jedem Tag erlebt,
659 3417 2401 3579 Wahr ist des blutgen Kriegs Gelingen,
664 3553 2438 3726 Wahr, das der Mensch vergebens strebt.
2873 475 3015 589 69
