3368 4104
2561 387 2715 546 19
516 672 2710 861 Die stets und stets, wenn auch ihr süsser Leib
521 804 2501 987 Dem Mann allmählig weniger süss erscheint,
524 938 2594 1155 Mit ihrem Getst den Mann so mächtig fesseln,
521 1119 2389 1314 Dass er die andern Mängel gern vergisst
532 1264 2597 1429 Und sich beglückt fühlt. Traurig ist es nur,
524 1434 2361 1588 Dass mir noch nie die hohe Freude ward,
538 1563 2534 1747 Ein solches Paar zu sehn. Mein müder Blick
543 1720 2468 1887 Vom schwelgerischen Weltgetrieb ermattet,
535 1873 2611 2060 Erfrischte sich an solch süssholdem Anblick.
543 2018 2205 2260 Jedoch die Ehel Heilig ist die Ehe!
543 2210 2663 2364 Und ugrüm das? Nur dann nennt man sie heilig.
548 2342 2441 2501 Wenn auch die Kirche ihren Segen bietet.
540 2548 2068 2657 Damit die Ehe etwas heilges sei,
548 2657 2405 2830 Muss auf das Haupt der beiden Ehegatten
546 2795 2370 2954 Der Priester die gewethten Hände legen
554 2948 2172 3135 Und ihnen eine schöne Rede halten,
548 3074 2707 3280 Worin sehr oft das Wörtlein "strenge Pflicht",
546 3242 2622 3453 Jedoch sehr selten "inn'ge Lieb" sichfindet.
548 3412 2718 3576 Dann spricht er noch von Treue, von Entsagung,
562 3549 2767 3768 Und dann - von Gott. Gott ist der Liückenbüsser.
