3336 4120
2857 320 2987 477 67.
631 636 2130 765 Als immer streben, niemals ruhn.
1388 813 1853 990 Zweites G.
647 963 2092 1142 Ich bin des Jagens überdrüssig;
631 1111 2355 1245 Es scheint mir schal und überflüssig.
640 1256 2444 1381 Und um nicht stets verstört zu bleiben.
629 1413 2410 1590 Will ich mir nur die Zeit vertret ben -
625 1519 2453 1694 Und wünsche, dass sie bald verstreicht.
622 1719 2255 1812 So ist mein nächstes Ziel erreicht.
622 1801 2080 1994 Was aber, dass ich's nun erfahr,
613 1960 2214 2155 Führt Dich denn hierher zum Altar!
1358 2162 1778 2351 Erstes G.
613 2242 2348 2426 Ich will den Menschengeist verlachen.
613 2412 2076 2573 Und mich darüber lustig machen,
620 2569 2210 2712 Wie man schon hier auf dieser Erde
611 2800 1994 2887 Zukünftger Zeit entgegenlebt -
613 2939 2155 3096 Und doch in Ungewissheit schwebt,
611 3089 1971 3182 Ob man dort oben selig werde.
609 3241 2119 3416 Was weiss der gute Predger nicht
597 3405 1994 3595 Auf seiner Kanzel zu erzählen
