7416 4872
352 842 2069 1222 Stützer (trippeltherein)
450 1103 2200 1398 Hehe! es ist zwar dunkel hier,
465 1298 2209 1562 Jedoch sehr gut gefällt es mir
474 1453 2340 1741 Sehr nett - eines wünscht ich sehr
468 1614 2382 1884 daß irgendwo ein Spiegel wär¬
511 1817 2808 2088 Man kann sich nirgends recht betrachten
501 2042 2647 2246 Und muß sein eignes Ich verachten
453 2167 2638 2401 Wie sitzt mir die Krayatte doch?
492 2319 2276 2610 Hochin, die Nadel hält sie nach¬
474 2553 2777 2774 Mein Schnupftuch mit dem rothen Tüpfel
474 2638 2604 2932 Sieht grad heraus mit einem Zipfel,
435 2869 2729 3096 Und hier die Stelk’ an meinem Busen,
480 3030 2695 3267 Hebt hübsch sich ab von meiner Blau klaufen
474 3154 2917 3464 Auch ist der Schnurebart frü keck gedreht,
1820 3370 2124 3492 wider.
480 3334 2495 3640 kein Maïlel heute nur besteht...
529 3537 2495 3795 O wenn doch eines sichtbar wär¬
520 3671 2522 3990 doch ach der Spiegel fehlt mir sehr.
492 3826 2337 4163 An einer dieser Kirchenthüren
504 4038 2799 4309 Würde’ er doch niemanden genieren.
532 4184 2787 4525 der Abt des Klosters ist ein Thor,
4017 547 6433 839 Mir scheint, er liebt nicht den komfort;
4048 723 6275 988 doch muß die Messe bald beginnen,
4060 906 6187 1149 Auch füllt es mählig sich herinnen,
4054 1054 6457 1334 Ach Mädchen, hübsche Mächchen sch’ ich...
4057 1243 6494 1492 So - mein Monokle - so - jetzt geh ich.
4883 1407 6302 1711 (Scheüffelt weiter).
