3352 4104
616 732 2272 877 Hast niemals, so wie ich, vermessen
616 859 2172 1019 Nach dieses Lebens Zweck gefragt.
639 1017 2405 1173 " Der Mensch," so hast Du stets gesagt
641 1190 2390 1306 "Sei auch im Streben still und sachte,
621 1328 2321 1491 Die Schranken hat ihm Gott gebaut. "
1308 1473 1724 1631 Erstes G
630 1626 2123 1789 Und als ich jenes Gottes dachte,
612 1769 1971 1956 Da wurden meine Zweifel laut.
623 1920 2074 2103 Wohl tat toh vor den andern so,
612 2094 2116 2252 Als wär ich meines Daseins froh,
607 2212 2367 2383 Als würd ich durch der Bücher Zeichen
605 2372 2338 2530 Der Sehnsucht letztes Ziel erreichen.
612 2516 2129 2703 Doch wozu andern mich enthüllen?
625 2703 2403 2859 Glaubst Du, Dir könnten sie vielleicht
607 2844 2087 3019 Die ruhelose Sehnsucht stillen?
616 3004 2405 3171 Hütt toh durch sie mein Ziel erreicht?
616 3142 2249 3291 So bin ich denn für mich geblieben.
612 3335 2323 3467 Ich hab studiert und hab geschrieben
616 3442 2341 3649 Und sprach zu mir: noch bin ich jung.
2726 374 2877 565 65
2476 596 2621 728 G.
