3384 4152
2618 321 2801 608 193
570 691 2793 918 ( Felicitas wendet sich rasch zug gehn. Er fasst
1053 888 1153 998 G.F.P.
575 943 1432 1114 ste bei der Hand )
1255 1037 1687 1236 Hilartus.
520 1206 1479 1405 Lass mir diese Hand.
570 1302 2276 1535 Ich bitte Dich, Feltettas! Du sollst
567 1493 2356 1689 Auf ewig frei von dem Verhassten sein,
575 1634 2140 1855 Wenn Du ihm wenig Augenblicke nur
578 1792 2552 2049 Hier diese Hand lässt ruhen in der seinen.
581 1977 2248 2129 Du hast Aegidtus geliebt. Ich hörte
581 2157 2469 2300 Die Liebe lehre an die Gottheit glauben.
583 2231 2569 2444 Ists also Mädchen? Doch ich fürcht es kann
586 2394 2226 2588 Auch anders kommen, wenn man liebt.
592 2585 2245 2740 Ich hab an etwas über uns geglaubt,
592 2718 2430 2876 An etwas grosses, hebres, hoheitvolles,
592 2834 2295 3064 Nun aber denk ich einen andern Gott,
594 2989 2383 3183 Der lässig sich in seine Wolken hüllt,
603 3191 2571 3337 Hohn um die Lippen, Spott in seinem Blick,
603 3310 2397 3495 Der alles gehn lässt wie es eben geht,
606 3462 2627 3644 Ein König, der es nicht der Mühe wert hält,
