7400 4840
2029 153 2203 323 1
306 373 3662 666 Karnabar. Ich worin es ist doch nicht gar sotoll, in der Kirche
3858 412 7155 709 Alexian. In Brüder, wir waren andere Leut! Was
318 581 1057 836 eingeschlafen.
3879 675 7066 934 waren wir für leichtsinnige Gesellen in der Welt do¬
327 772 3556 1027 Alerius Schalk! hahn. Man fühlt immer – noch ein Glas,
3921 815 6009 1112 ben. Aber der Bruder Clegidius
352 951 3679 1252 Bruck - man fühlt den Hauch der Welt, wenn man mit auch
3853 895 6879 1303 Barnabas. Ist ganz verdünf über den Büchern
437 1133 849 1358 spricht
3866 1188 6939 1490 Alexius. In seiner Zelle ist's stäubig wie auf
335 1176 3713 1566 Sparnabas. Mit dir spricht, Bruder Alexius. Wenn wir mit
3908 1320 5012 1574 der Heerstraße.
323 1460 3582 1698 der Zeit erinnern, wo wir da droben waren, müssen wird
3866 1528 6964 1727 Barnabas. Wenn du vor ihm das Wort Weib aus
335 1625 3645 1905 nes du sagen. Ach Alexius, was waren wir für Kongone
3913 1676 7015 1995 spräch ist, er sich Dichlang an und wüßte nicht, was du
340 1787 2389 2045 Alerius. Was waren wir für Gesellen!
3824 1846 4520 2075 meinst.
301 1939 3620 2194 Barneabas. Ferug Auf vn. Es war animal — die bist doch von
3993 2024 7019 2292 Abzins.  Die Glas -  Und erleichnacheins - Ich auss
348 2105 3531 2364 Poet gewesen - Samals - weißt Nach Breits - damals!
3836 2160 6972 2461 de Gefühle wegtrinken, die das Wort Weib in mir
369 2300 3387 2593 Alexius. Als ich noch was zu besorgen hatte, konnte
3908 2351 5008 2631 wachgerufen hat.
348 2461 3701 2758 Barnabas. Ich weiß, was. Teurige Augen, vollendt Laken
3934 2508 6909 2822 Karnabas. Ich die Weiber! Sie sind Schuld, daß ich
310 2665 1260 2894 weiche Lippre -
3819 2729 6798 2975 im Kloster stecke. Denn hörei. War ich nicht soviel
378 2792 1320 3039 Alexis Ay
3866 2894 6913 3136 hinter ihnen gesteckt, so wär ich nicht in Schuldte gesteckt
293 2966 3713 3272 Barabas. Eins dema trach began! An seinem Gegen, lebst
3836 3013 6824 3310 und dann hätt' mich mein Vater nicht ins Kloster
318 3187 3565 3391 Aletino - " darauft es sich gar so sühs. - Ein Glas, Bruder.
3925 3200 6837 3522 gesteckt. Gott hab' sie alle seelig, die Weiber, die
390 3323 3603 3569 Beide (nachdem sie getrunken) die deinem Hegen, liebste
3862 3370 5623 3654 Schulde und meine guten Vater.
1524 3488 3263 3773 Da ruhter sich gar so führ!
3870 3531 5772 3802 Alexius. Es war doch schön etc. Droben.
429 3535 3633 3938 Karnabas Was, wie wir so jün wie die On¬
3849 3705 6951 4002 Barnabas. sei, Bruckchen, siehst das jetzt um?
310 3807 3026 4091 gutus, da waren wir andere Leute als der
3802 3892 6951 4193 Da fiel's ihm mit dreißig Jahren plötzlich ein, Fromme
