3736 4728
72 334 2641 760 Barnabas. Nichts nichts, es war so u Einfall.
84 642 1813 977 Mevius ge, heraus damit
141 756 3116 1083 Barnabas. Ich mein nur, Alexius, ich bin ge¬
213 954 3059 1315 wiss so u unbewußter Familienvater. Das
274 1155 2371 1509 war nur für sich und diese Wände.
156 1303 2877 1634 Abends. Die Luft hat nichts gehört. Sie ist
266 1486 2261 1775 von Meindunst ganz betäubt.
205 1664 1930 1961 Barnabas. M. Schritte.
232 1809 3116 2094 Alexius. Ei! Noch eines, der sich erfrischen
228 1968 3082 2322 will. Macht auf, Bruder; es hat geklopft.
251 2139 3002 2470 Barnabas kommen schon, kann schon! – Wer ist's
266 2432 650 2611 etwa
201 2394 3264 2808 Basilius (im Hacziistraten) Ich binst, meine lieben Drucht.
179 2671 3131 2972 Will mich mit einem stärken, bevor ich da oben
239 2880 1721 3200 auf der Orgel spiele.
2626 2930 3040 3249 Hier
236 2953 2569 3302 Basnabab. Wählt, Bouder Basilus
224 3181 3025 3466 in diesem Fasse keiner, der schon zwanzig
209 3374 2652 3716 Lahr auf Erlösungwartet in jenem
270 3435 3063 3880 Basibus kählt ihr für mich, Bruckeller¬
281 3663 2998 4020 meister; ich bin nicht so bewandert in den
293 3899 1201 4195 guten Steinen.
