3336 4120
2727 417 2859 561 10
672 734 2677 904 Das hohe öffnen, Strass' und Menschen sehn
675 860 2853 1051 Und sein wie ste! Doch oben lässt des Fensters
681 1030 2823 1189 Durchsichtges Glas die Augen weiter schweifen
687 1239 2803 1356 Und wehrt den sehnsuchtsvollen Blicken nicht.
681 1368 2850 1517 Nach neuer Freiheit lässt mich dies...Hal Wie?
681 1538 2721 1664 Ja, ja! Es ist ein Weib - dort oben - bloss
693 1682 2850 1846 Und weiss der Busen - Hin mein Licht! Erlisch!
687 1834 2888 1987 Sie soll nicht ahnen, dass ein menschlich Auge,
690 1958 2600 2113 Ein so begehrlich Menschenaug sie sieht.
699 2128 2941 2245 Ganzainsam glaubt sie sich. O welch ein Antlitz!
696 2283 2961 2439 Betm Fenster steht sie - neben ihr hell leuchtend
684 2424 2774 2580 Die Lichter im vielarmgen Leuchter - strahlt
675 2577 2034 2750 Auf sie noch heller! Heller!
699 2712 2721 2879 O himmlische Gestalt! Sie tritt zum Spiegel
693 2867 2642 3049 o wärens zehn, dass ich sie zehnmal sähe!
687 3055 3047 3184 Doch nein, nicht so; ists denn der Formen Anblick,
684 3179 2574 3346 Der mich beseligt? Nein, das Leben ists,
684 3340 2823 3513 Das glühend durch die Formen Fliesst, und das
684 3504 2636 3675 macht mich zum Rasenden. wahnsinnig! Ja!
