3352 4120
2635 485 2718 619 3
646 752 2713 960 Du träumtest lang nicht schön genug. Hinaus,
2360 932 2721 1087 hinaus!
649 1062 2818 1245 Dein Leben jetzt gleicht dumpfer Sommerschwüle
641 1251 2557 1392 Erfrischen wird des Lebens Wellentreiben
652 1426 2446 1531 Das matte Herz. O Dämon! D̄imon! Dåmon!
655 1573 2674 1706 Noch nichts genossen! Fünfundwanzig Jahre!
646 1717 2718 1856 Rasch schwinden hin die kurzen Menschentage.
663 1847 1661 2047 Und Du bist Jüngling!
655 2014 2882 2172 Der kurze Schlummer einer Nacht- zum Manne ward
655 2172 2516 2349 Der Jüngling- bieder eine Zett- da sind
652 2322 2441 2463 Die Haare grau— und wieder eine Zeit
652 2480 2752 2646 Da sind sie weiss, der Körper müd, die Seele
655 2621 2607 2777 Dahin und schlaff - das ganze Wetterleben
655 2785 2602 2926 Ein Todeswarten. - Auf das Fenster! Luft!
655 2915 2887 3090 Ah -! - Diese Luft kommt aus der Welt. Sie weht
657 3096 2566 3215 Rings in der Menschen flutender Bewegung
668 3229 2585 3373 Und hat gesehn, wie Sterbliche geniessen.
657 3395 2613 3542 Mit ihr dringt Menschenleben in mein Herz
668 3564 2621 3742 Und Weltlust, Sehnsucht, - Unbefriedigung
