3368 4120
2741 404 2883 567 83
1221 879 1659 1076 Aegidius.
607 1021 2137 1206 besteigt die Kanzel und spricht.
1002 1320 2328 1496 Meine geliebten Andächtigen!
540 1486 2899 1613 Die erleuchtende Hilfe Gottes rufe ich an, auf dass
555 1597 2905 1767 Ich Euer Herz überzeugen und all Euern Glauben zum
552 1770 2316 1971 Wahren und Guten hinletten möge. Amen.
555 1893 2862 2066 Ueber ein Wort will ich heute reden, das viele im
540 2051 2745 2220 Munde führen, viele hoeren und wenige verstehn.
546 2196 2902 2381 Liebe, andächtige Zuhörer! Ihr alle kennt das Wort
549 2359 2930 2519 Fretheit. Ihr habt es oftgehört und selbst oft aus
555 2501 3031 2701 gesprochen; und ist ein Unsinniger unter Euch, so hat
561 2677 2957 2840 er zur selben Zett wohl auch gedacht, dass Frethett
552 2819 2905 2979 nichts anderes hetsse, als frei sein. Doch nur ein
552 2985 2772 3161 Unsinniger, ein Tor hat solches gedacht. Es tst
558 3133 3004 3340 nicht so, meine Lieben und heute will ich Euch durch
564 3327 2991 3451 stille, leidenschaftlslose Betrachtung des irdischen
558 3454 2859 3626 Seins erweisen, was der menschliche Getst in Wahr
567 3654 1514 3805 heit Frethett nennt.
