3352 4104
2592 418 2739 563 14
1303 866 1606 1013 Nacht.
535 1161 1712 1338 Faustina auf ihrem Zimmer
1663 1308 1745 1366 .4
869 1316 1360 1420 1 1/2 1/4
530 1327 658 1390 O
2499 1344 2690 1445 das
2081 1325 2586 1467 ich rasch“.
1224 1306 2095 1573 Spiegel und löst s
2081 1439 2477 1560 de la riviere avec les mêmes.
530 1382 1235 1532 Sie steht beim
1123 1461 1240 1513 G.H.F.P
1491 1458 1573 1502 G.C.F.S
535 1568 765 1732 Haar
524 1745 2603 1950 Ja, ich bin schön! Nicht schale Schmeichelet
530 1942 2201 2103 Und nicht der Liebe holdes-Kosewort
538 2084 2565 2259 Brauchts mir mittheissen Blichen zu gestehen
535 2251 2682 2439 Nein, selbst das Auge, das nichts ist als Auge
530 2404 2592 2592 Ein kaltes Anschaun dessen, was sich bietet,
546 2548 2376 2739 Von jedem Hauch der Leidenschaften frei,
535 2718 2595 2854 Selbst dieses Aug muss sagen: Du bist schön.
530 2851 2600 3045 Doch wie? Der halte Blick? Er ists ja nimmer
538 3004 2729 3190 Sobald er mich geschaut! Er kanns nichtbleiben.
658 3174 2414 3327 — Wie sie betr Feste heute, das ich gab,
546 3349 2253 3477 An meinen Zügen hingen! Wie sie alle
538 3493 2731 3668 Nach einem Lächeln meines Mundes gegen geisten
