3352 4120
2852 362 2979 578 77
615 823 2428 955 Und hat mir doch versprochen zu kommen.
615 1002 2378 1126 Ich hab ihn gleich beim Wort genommen.
618 1117 2347 1303 Und da hat er mir eine Nelke gegeben!
604 1255 2414 1443 Die Nelke, die lieb ich wie mein Leben
620 1443 2299 1597 Und muss sie doch verwelken lassen.
618 1589 2855 1752 Ach, es will sich auf Erden nicht anders passen.
623 1727 2524 1892 Drum will ich mich freun des Augenblicks,
623 1875 2266 2075 Der süssen Küsse, des Liebesglücks.
1376 2047 1898 2224 Mütterchen.
626 2252 893 2375 Amen.
637 2347 2224 2518 Und nun das zwette, ein Dankgebet.
626 2521 2563 2670 Doch wie, das tst nicht an dieser Stelle?
1370 2673 1769 2841 Mädchen.
649 2816 2181 2973 Ich will Euch zeigen wo es steht.
1432 2942 1948 3083 Mütterchen.
640 3091 2749 3310 Wie blätterst Du doch so hastig und schnelle!
640 3245 2516 3422 Mich dünkt hier hast Du es überschlagen.
643 3391 2900 3580 Hier ist es ja. (betet) "Du heiliges Jesukind "
