3352 4056
1185 385 2113 611 Prolog des Dichters
622 734 2662 892 Die letzte Hoffnung knüpf ich an dtes Werk.
630 833 2468 1055 Ists mir gelungen und ist etwas in mir.
622 1013 2234 1171 Das mehr als Staub und Moder tst —
622 1134 2665 1342 Dann soll der Schatten wesenlosen Trübstnns
2386 1289 2549 1413 G.C.F.P.
636 1297 2313 1505 Von meiner Stirne schwinden. Lustig
644 1441 2532 1671 Will ich mich von den Freuden eines Tags
636 1638 2425 1804 In eines andern Tages Freuden stürzen,
627 1719 2836 1894 Des Glücks, das mir beschieden ward geniessend.
636 1939 2451 2093 Doch hab ich über meines Lebens Unwert
642 2048 2895 2226 Mich nicht getäuscht — dann fahre hin du letzte,
644 2203 2434 2380 Verheissungsvolle Hoffnung! Jene Welt,
661 2355 2479 2563 Getaucht in wanderholde Glutenschimmer,
653 2507 2687 2682 In der ich einst mein Heim zu finden wähnte
667 2653 2611 2862 Verlassen will ich sie, will wiederkehren
664 2825 2358 3042 Zum allgemeinen Hetin der Erdensöhne.
664 3014 2243 3182 In eine stille Zelle tret ich ein
653 3075 2561 3360 Des grossen Klosters: die Alltäglichkeit
661 3261 2929 3438 Wo sich die Menschheit leicht zufriednen Geistes
653 3475 2791 3604 So jämmerlich glückselig fühlt. Durchs Gitter
