3272 3960
602 629 2587 851 Gott Vater, Gott Sohn und den heiligen Geis
572 786 2738 997 auf dass Ihr nicht sterbet als Ketzer und im Fege
653 931 2803 1127 er bratet, wo die Flammen umlodern die sündigen
537 1065 2032 1290 eelen in ewiger Verdammnis. Amen.
558 1216 1050 1442 Orgelsptel
546 1424 2768 1605 Während des Orgelspieles, das einige Zett währt.
475 1569 2785 1774 steht Aegidius still im Schatten einer Säule. Lang
513 1712 2661 1818 am steht man den Abt dem Mönche nahn. Äegtötus¬
481 1860 2708 2041 bemerkt den Abt nicht. Dieser sieht ihn lange an.
451 2011 2836 2189 Wie stch Äegidius zum gehen wendet, erblicht er den
436 2174 1056 2352 Abt vor sich.
1181 2263 1617 2486 Htlarius.
436 2397 2815 2634 Du brauchst Dich nicht mehr nach der Welt zu sehnen
448 2604 1284 2794 Feltottas ist tot.
454 2753 2794 2943 (Aegidius steht ihn wie erstarrt an und geht lang
448 2919 2290 3094 sam, gesenkten Hauptes in die Salzistel.
445 3032 2711 3239 (Hilarius setzt sich auf die Stufen eines AYtars
448 3221 2275 3414 und verbrigt sein Gesicht in den Händen.
1356 3367 1691 3554 Ende
