3352 4104
2814 462 2953 646 38
1284 802 1712 995 Aegidius.
652 963 1765 1054 (Hat nicht drauf gehört)
711 1043 1219 1136 1 1/2 1
629 1111 1879 1247 Ahnt!— Und ist mein Wissen
629 1267 1502 1442 Denn mehr als das?
1281 1417 1714 1578 Augustin.
626 1553 2227 1734 Aegidtus, wir alle, uir ahnen nur.
652 1729 2712 1893 (Legidius lächelt) Kein wahres Wissen gibt’s
649 1816 802 1879 Witsen
640 1887 2627 2060 Für unsern Geist, so lang er in den Banden
626 2015 1493 2185 Des Körpers weilt.
1284 2162 1709 2335 Aegidtus
629 2349 1873 2491 Ha, in des Körpers Banden!
635 2465 2910 2618 Wär's das, wär's das nur! Doch des Menschen Geist
629 2618 2752 2746 Ist auch von andrer Menschen Geist gefesselt,
626 2783 2706 2907 Die doch nur sich- und jenen nicht verstehn.
640 2902 2808 3083 Und solchen beugt er stch. Und solchen muss er
640 3100 2516 3208 Gehorchen. Ah, gehorchen! Ja, das war's.
640 3256 2480 3406 Ich fragte Eueh, Euch, Bruder Augustin,
635 3392 2514 3579 Wer solche Satzungen der Menschheit gab.
629 3542 2698 3718 Ihr sagtet drauf, mir sei nicht völlig wohl.
