6248 3832
4023 189 4371 391 Votre
602 290 2975 443 Statt daß ihr kühn die Lasten von auch schleunert,
3554 319 5804 605 Seel' ist nichts andres als die Leberthätigkeit
573 443 2591 677 Schlappt ihr auch damit müde bis zum Grab
3265 524 5739 736 des Leibes. So etwa wie die Glocke und der Scholl¬
583 644 2711 866 Rufleuern Erben dann am Grab herbei
3258 687 5755 905 den sie agragt, nichts verschiedenes ist, sondern
579 840 2845 1048 Gebt ihm die Last und sagt. Nun schlappe die
3314 859 5804 1084 eines, da des Scholl nur im Metalle schläft.
2584 986 2923 1162 Agd.
3336 1061 5823 1305 Und denkeleuch nun, ist der Kappel aus d. Glock
1846 1172 2659 1351 Listern Verbrechte
3336 1195 5833 1413 fällt, werdet ihr Dann sagen. Der Scholl ist ent¬
622 1302 2344 1530 Gefangener, zur Flucht zu rathen, darum
3395 1403 5826 1572 schwunden und schwebt in den Luften! Nein
609 1448 2728 1706 Sprach ich von Freiheit und, nicht von Befreiung
3359 1540 5761 1754 ehe werdet sagen. Die Gocke ist zerbrochen, und
2562 1582 2939 1774 Regir
3385 1751 4092 1963 nichts mehr.
703 1771 2135 1979 Es wird ein jeder große Mann
5117 1787 5683 2077 Agier
693 1963 2334 2158 Mit einem großen Schmerz geboren,
3428 2015 5739 2200 Wenn man liebt, glaubt man mit einem
2568 2002 2825 2213 A.
3379 2184 5761 2428 Mal die Mündlichkeit begreifen zu können.
739 2213 2389 2409 die Namen andere sich auf Erden
5341 2314 5804 2477 Olyer
710 2396 2431 2597 Sonst aber bleibt sich alles flug
3460 2454 5381 2666 Wie erbärmlich ist doch eines Gott,
2480 2474 2672 2601 A
3418 2614 5752 2890 daß er nach denen geist, die an ihr glauben
768 2659 2210 2842 Die Logik ist doch auch nie dien.
5638 2682 5882 2943 Ai
794 2799 2445 3024 Sie sieht zwar höchlich ehrbar drin,
3414 2861 5700 3069 (Ehebraus) Mir ist kein Unrecht, denn es ist mir
745 2972 2484 3187 Doch nime sie fester cau. Der Häften
3408 3034 5778 3255 ein Vergnügen, ihr ists kein Unrecht, du es ist
739 3170 2467 3385 thü ihren Schleier ekrei luften
3294 3213 5911 3424 ist ein Gemuhs, ihre ists kein Unrecht, denn es weiss
762 3330 2458 3535 dann weiß an andre Ansicht sein.
5250 3385 5673 3655 Regid
3327 3411 4124 3597 nichts davon
2467 3431 2656 3636 A7.
