7368 4856
4719 790 5666 1111 Kerche.
4012 1075 4694 1404 Abend.
3812 1683 6638 2015 Erstes Genie. Wie? in der Kirche treff’ ich dich?
3790 1851 5837 2136 Wahrhaftig, ich verwunden mich!
3840 2111 6506 2326 zweites Geme. Wollt einmal in die Messe gehe,
3844 2215 5784 2508 Und mir die Sache selbst besehn.
3823 2415 6588 2679 Erstes G. Aus selchem Grunde kommst du her?
3901 2586 5887 2787 Wenn das noch eine Schänke wär¬
3908 2737 5784 2972 Wo lustge dirnen sich bewegen,
3919 2929 5748 3169 Und Dich die Freude in Person
3905 3079 6059 3319 Beschenkt mit ihrem goldnen Segen,
3887 3272 5745 3515 Nicht so wie hier - ein Seladen
3862 3401 5730 3669 den heiligen Jungfrau Marie!
3855 3590 5687 3851 In einer Kirche warst du nie.
3758 3801 6638 4037 Zweites G. Ach was, ich thät sonst in den Schenken
3919 3948 6316 4223 Stets meinen tiefen Schmerz ertränken,
3915 4094 6034 4387 das will nun nimmer recht gelungen.
