3336 4104
2716 357 2892 562 106
1369 691 1851 919 Aebtissin.
701 874 1645 980 hat für sich wetter
1665 887 1993 1006 gelesen
1957 858 3050 1102 also Liebeswahns inn.
1707 974 1796 1073 G.
717 977 1597 1131 1 1/2 1/4 rt
1366 1035 1784 1228 Benedikt
713 1183 2979 1295 liest im Briefe, über die Schulter der Aebtissin
919 1286 2542 1379 (2) — ̃ 1 1
572 1353 3156 1543 hinüberblickend. ) ".....starr auf mich. Noch weilten
980 1427 1073 1517 F.
633 1491 3059 1684 seine Bliche wild auf mir, als er mit einem Male wie
611 1655 3108 1809 wahnsinnig aufschrie, von der Kanzel herabstürzte....
1337 1803 1906 1980 Aebtissin.
607 1967 3088 2131 Ihr wart mit zugegen in der Kirche, wie sie schreibt.
1350 2079 1793 2288 Benedikt-
611 2262 2873 2439 So tsts, hochwilrdige Frau, und ich bezeuge, dass
601 2426 3040 2571 Aegidtus und Faustina sich glühend lieben, dass aber
614 2577 2998 2728 der bedauernswerte Äegidtus von der Liebe Faustinas
604 2706 2343 2925 nichts ahnt und doch.... leset weiter.
1337 2847 1886 3050 Aebtissin.
614 2989 3043 3175 " Nun meine Bitte, teure Maria. Der Dir diesen Brief
598 3162 2957 3339 Übergibt nennt sich Benedikt Romuald. Ich habe Dir
598 3323 2925 3484 oft genug von ihm gesprochen, Du kannst ihm Dein
598 3461 2989 3648 völliges Vertrauen schenken. Die Tracht, in welcher
