3336 4104
2745 445 2886 573 66
584 725 1994 905 Das Alter bringt Befriedigung.
584 922 2172 1065 Doch sah ich wohl schon heute ein.
590 1052 2088 1215 Ich hab mit meinem Tun gefehlet.
588 1200 2166 1367 Du hast den bessern Teil erwählet.
588 1363 2085 1534 Das beste ists ein Lamp zu sein.
586 1541 2007 1671 Ich tät von Tag zu Tage denken
592 1654 2261 1812 Und dachte fort - und war ein Tropf.
584 1818 2328 1979 Doch Du zerbrachst Dir nicht den Kopf
597 1992 2235 2133 Und tätest Deinen Schmerz ertränken
592 2159 2331 2305 Und stürztest Dich in Wust und Freude
588 2302 1105 2437 Und, und...
1322 2424 1766 2595 Zweites G
592 2600 1647 2739 Und bin wie Du ein Tor.
582 2734 2077 2888 Unglücklich sind wir alle beide.
575 2899 1990 3040 Denn wer die innre Ruh verlor.
575 3047 2216 3205 Hat auch sein Lebensglück verloren.
1306 3203 1756 3377 Erstes G.
579 3309 2144 3511 Und wird ich noch einmal geboren,
582 3533 2177 3687 Ich könnte doch nichts andres tun,
