3336 4072
2816 453 2952 642 45
686 739 2616 961 Ein andres wär es, wenn ich von Befretung
672 942 2703 1108 Der Menschheit spräch! Ich weiss, s'ist ein
2300 1108 2794 1283 Verbrechen
686 1233 2436 1397 Gefangenen zur Flucht zu raten. Darum
667 1383 2819 1558 Sprech ich von Freiheit nur. Das Feld ist eng!
661 1544 2891 1666 Nicht wahr, s'ist eng genug? Nun, lieber Bruder,
669 1675 2641 1816 Sagt das dem Abt. Ich will auf meine Zelle
658 1825 2203 2050 Und dort ein wenig drüber denken.
1289 2008 1728 2153 Augustin.
650 2139 2197 2311 Ihr könnt mirs nicht übel nehmen,
644 2319 1797 2494 Wenn ich Euch nochmals..
1275 2441 1711 2608 Aegidius
647 2614 2641 2739 Ich weiss, ich weiss. Seid ganz versichert,
628 2750 2547 2886 Dass meine Predigt nicht nur die Gemeine,
633 2908 2580 3086 Nein, auch mein eignes Innre läutern wird.
636 3052 2761 3191 Ich fühls, sie wird mir selbst zum Heile sein.
630 3205 2669 3380 Und wolltet Ihr den Weg zu meiner Rettung...
1258 3358 1697 3530 August in.
619 3500 1336 3658 Gott sei davor!
