3336 4104
2771 327 2946 470 111
1110 669 1916 812 Zimmer des Abtes
564 1241 2202 1419 Der Abt, Benedikt Romuald als Arzt,
2035 1369 2283 1478 3t
1229 1568 1545 1740 Abt.
569 1734 2672 1913 So glaubts das Volk, wir aber wissens besser.
564 1880 2768 2035 Nicht allzufest, zu schwankend war sein Glaube.
575 2056 2508 2228 Und nicht der Wahnstnn, der aus Uebermass
561 2187 2675 2324 Anbetenden Gef체hls entquillt, nein, Wahnstnn,
575 2321 2678 2517 Den Zweifel zeugt, umf채ngt des Bruders Seele.
572 2488 2818 2643 Der Brief, den Ihr mir von der Schwester bringt,
578 2646 2511 2789 Der w체rdgen Frau und Oberin des Klosters,
575 2783 2917 2958 Empfiehlt Euch sehr und frei lass ich Euch walten.
1317 2923 1752 3136 Benedikt.
578 3072 2914 3253 Hochw체rdger Herr, des Zutrauns will ich wert sein.
572 3250 2646 3405 Denn denk ich nur der vielen, kranken Leute,
569 3416 2643 3621 Die so wie er, der jetzt der Heilung wartet,
