3336 4072
2778 440 2904 650 95
572 773 2813 911 in seinen Erklärungen gefolgt, die er gar mannig
581 936 2860 1072 faltig und fromm begeistert unterbrach, durch die
575 1028 2938 1222 wilden Lästerungen der Gottlosen, auf dass Euch der
591 1169 2825 1386 frevelhafte Sinn eben dieser Gottesleugner recht
578 1376 2957 1537 deutlich und klar werde, so wisset Ihr ja auch, lie
578 1505 2951 1659 be Zuheurer, dass unser frommer Bruder Aegidtus die
559 1678 2992 1810 letzten Worte einem jener Verruchten in den Mund leg
569 1823 2979 1970 te, die kaum wissen was sie denken, viel weniger was
578 1977 2951 2118 ste reden. So kam es, dass der Widerspruch zwischen
578 2127 2979 2288 den Gesinnungen eines Unseligen, die Bruder Aegidius
578 2247 2794 2417 im frommen Herzen hegt und den Lästerungen etnes
566 2432 2882 2611 Gottlosen sich Luft machte in jenem wilden Schret,
556 2580 2901 2734 mit dem der edle Aeigidius seine Worte plötzlich ab
578 2709 858 2904 brach.
556 2875 2888 3073 Lasset Euch nicht verwundern, liebe Andächtige. Er
566 3026 3086 3205 tst noch jung und nur der völlig gereifte, echt christ
556 3158 2973 3366 liche Sinn vermag in stets gleicher, frommer Seelen
563 3340 2945 3520 ruhe, in benetdenswertem Gleichmass des Innern jene
550 3523 2976 3645 Unseligen zu bedauern, ohne sie zugleich ihrer wil —
