3320 4104
2546 385 2683 560 11
537 697 2417 878 Ich möchte fliehen ringsherum - und doch
545 858 2580 1065 Versunken stehn in solch süssholden Anblick.
525 1027 2285 1203 Ah, wie der volle Busen wogt! Er lädt
525 1188 2396 1355 Den Jüngling ein zum Kilssen und Umarmen.
528 1346 2695 1455 Sie löst das Haar - in retchen Locken wallt es
528 1487 2457 1642 Herab...o weh, ihr schlimmen Locken! bergt
540 1622 2422 1771 Vor meinem Blick den weichen Busen nicht
537 1805 2431 1966 Und ihre schmiegsam, wunderweichen Arme.-
534 1932 2767 2086 Nun streicht sie sie zurück, die dunkeln Locken.
540 2104 2204 2259 Sie wallen über ihren Nacken; welch
537 2253 2520 2385 Ein edles Antlttz! Stolzes Lächeln schwebt
531 2394 2836 2557 Darauf: sie fühlt, wie schön sie ist. O könnt ich
537 2583 2704 2695 Dtr's sagen, dass Dus bist, daß ichs empfinde
537 2718 2419 2844 Mit wildester Gewalt, wie schön Du bist.
542 2836 2617 2999 Könntil ich Dir sagen, wie unnennbares Sehnen
542 3019 2715 3146 Zu Dir mich zieht! O sähst Du mich! 0 sächst Du
540 3146 2506 3309 Den armen Mönch, wie er auf heilgem Boden,
554 3346 2239 3484 Von ernster Todesmahnung nur ummeht,
540 3453 2793 3625 Dennoch nichts andres denkt als kilssen - lieben!
