3304 4088
2699 312 2882 447 175
548 627 2691 858 0 ja, er heilt ihn, ganz gewiss, er hielt ihn.
543 825 1688 1041 So wahr er Euch betrügt.
1238 970 1671 1148 Hilarius
548 1134 1101 1334 Aegidius...
1249 1260 1677 1449 Faustina.
556 1425 2118 1526 Aegidius befindet sich zur Stunde
553 1526 2461 1710 Nicht mehr in seines edeln Arztes Händen.
553 1696 2217 1852 Er ist gesund geworden und der Arzt
567 1852 2337 2039 Hat die Komödte satt, die er gespielt.
573 2028 2524 2187 Wenns einmal stiller ist in diesem Herzen,
575 2184 2411 2304 So will ich Euch von Anfang bis zu Ende
570 2296 2491 2521 Den Inhalt des gesammten Spiels erzählen.
573 2482 2573 2658 Jetzt aber nicht. Doch sagt mir eines, Abt,
578 2606 2778 2817 Steht schwere Strafe drauf, wenn sich ein Mönch
575 2765 2463 2965 So weit vergisst den Ehemann zu spielen?
1263 2946 1713 3110 Hilarius.
570 3066 1797 3285 Die Strafe steht beim Abt.
1362 3241 1800 3452 Faustina.
578 3381 1540 3609 Ich will dem Richter
