<?xml version="1.0" encoding="UTF-8" standalone="yes"?>
<PcGts xmlns="http://schema.primaresearch.org/PAGE/gts/pagecontent/2013-07-15" xmlns:xsi="http://www.w3.org/2001/XMLSchema-instance" xsi:schemaLocation="http://schema.primaresearch.org/PAGE/gts/pagecontent/2013-07-15 http://schema.primaresearch.org/PAGE/gts/pagecontent/2013-07-15/pagecontent.xsd">
    <Metadata>
        <Creator>prov=READ-COOP:name=TrHtr:version=2.1.0:model_id=51170:date=28_07_2023_11:36</Creator>
        <Created>2023-05-10T11:24:15.532+02:00</Created>
        <LastChange>2023-07-28T11:36:07.401+02:00</LastChange>
        <TranskribusMetadata docId="1428155" pageId="55386757" pageNr="13" tsid="131342597" status="IN_PROGRESS" userId="64420" imgUrl="https://files.transkribus.eu/Get?id=ZMZGZHYHNINMWXVCZKSWUVNS&amp;fileType=view" xmlUrl="https://files.transkribus.eu/Get?id=WURBZIMXTYTXORPCZHFWKVHZ" imageId="44661654"/>
    </Metadata>
    <Page imageFilename="1428155_0013.jpg" imageWidth="3368" imageHeight="4120">
        <ReadingOrder>
            <OrderedGroup id="ro_1711820436336" caption="Regions reading order">
                <RegionRefIndexed index="0" regionRef="tr_1"/>
                <RegionRefIndexed index="1" regionRef="tr_2"/>
            </OrderedGroup>
        </ReadingOrder>
        <TextRegion id="tr_1" custom="readingOrder {index:0;}">
            <Coords points="653,514 2994,514 2994,2589 653,2589"/>
            <TextLine id="tr_1_tl_1" custom="readingOrder {index:0;}">
                <Coords points="2723,599 2743,602 2755,593 2761,599 2778,602 2792,616 2810,613 2816,486 2787,486 2749,512 2729,512"/>
                <Baseline points="2743,567 2776,567 2821,564"/>
                <TextEquiv>
                    <Unicode>4</Unicode>
                </TextEquiv>
            </TextLine>
            <TextLine id="tr_1_tl_2" custom="readingOrder {index:1;}">
                <Coords points="668,894 2986,903 2920,793 1901,752 1644,831 668,744"/>
                <Baseline points="683,871 728,868 773,868 818,868 862,868 907,868 952,871 997,871 1041,871 1086,874 1131,874 1176,871 1221,871 1265,871 1310,871 1355,874 1400,871 1444,874 1489,877 1534,874 1579,874 1624,874 1668,877 1713,877 1758,877 1803,877 1848,877 1892,877 1937,874 1982,874 2027,874 2071,877 2116,877 2161,877 2206,877 2251,877 2295,877 2340,880 2385,880 2430,880 2474,877 2519,880 2564,880 2609,883 2654,883 2698,880 2743,880 2788,883 2833,883 2878,880 2922,880 2967,883 2994,883"/>
                <TextEquiv>
                    <Unicode>Zu stel, zu viel... es will mein Herz zersprengen!</Unicode>
                </TextEquiv>
            </TextLine>
            <TextLine id="tr_1_tl_3" custom="readingOrder {index:2;}">
                <Coords points="657,1062 2717,1059 2717,949 657,926"/>
                <Baseline points="674,1021 719,1021 764,1024 809,1024 853,1024 898,1024 943,1027 988,1024 1032,1027 1077,1024 1122,1024 1167,1024 1212,1021 1256,1024 1301,1024 1346,1027 1391,1024 1436,1024 1480,1027 1525,1027 1570,1027 1615,1027 1659,1030 1704,1030 1749,1030 1794,1030 1839,1027 1883,1027 1928,1027 1973,1027 2018,1030 2062,1030 2107,1030 2152,1030 2197,1030 2242,1030 2286,1030 2331,1030 2376,1030 2421,1030 2466,1030 2510,1032 2555,1032 2600,1032 2645,1032 2689,1032 2725,1038"/>
                <TextEquiv>
                    <Unicode>Da ltegt der Klosterhof! Dort drüben brennt</Unicode>
                </TextEquiv>
            </TextLine>
            <TextLine id="tr_1_tl_4" custom="readingOrder {index:3;}">
                <Coords points="660,1218 2764,1221 2764,1123 2419,1071 2280,1134 660,1105"/>
                <Baseline points="677,1179 722,1176 767,1176 812,1176 856,1176 901,1176 946,1176 991,1176 1035,1173 1080,1176 1125,1173 1170,1176 1215,1176 1259,1176 1304,1179 1349,1179 1394,1179 1439,1179 1483,1179 1528,1179 1573,1182 1618,1182 1662,1182 1707,1179 1752,1182 1797,1182 1842,1182 1886,1179 1931,1185 1976,1185 2021,1182 2065,1185 2110,1185 2155,1188 2200,1188 2245,1185 2289,1185 2334,1185 2379,1185 2424,1185 2469,1185 2513,1188 2558,1188 2603,1188 2648,1188 2692,1188 2737,1188 2770,1188"/>
                <TextEquiv>
                    <Unicode>An manchem Fenster Licht. - Wer grübelt dort</Unicode>
                </TextEquiv>
            </TextLine>
            <TextLine id="tr_1_tl_5" custom="readingOrder {index:4;}">
                <Coords points="663,1369 2575,1372 2599,1250 663,1265"/>
                <Baseline points="680,1331 725,1325 770,1325 815,1325 859,1325 904,1325 949,1328 994,1328 1038,1328 1083,1325 1128,1328 1173,1328 1218,1328 1262,1328 1307,1328 1352,1331 1397,1331 1442,1331 1486,1331 1531,1331 1576,1334 1621,1334 1665,1334 1710,1331 1755,1331 1800,1331 1845,1331 1889,1331 1934,1331 1979,1331 2024,1331 2068,1334 2113,1334 2158,1337 2203,1337 2248,1334 2292,1337 2337,1337 2382,1334 2427,1334 2472,1337 2516,1337 2561,1340 2606,1346"/>
                <TextEquiv>
                    <Unicode>Bet mattem Schetn? S'ist Bruder Augustin.</Unicode>
                </TextEquiv>
            </TextLine>
            <TextLine id="tr_1_tl_6" custom="readingOrder {index:5;}">
                <Coords points="668,1548 2955,1548 2955,1450 2764,1395 668,1421"/>
                <Baseline points="683,1480 728,1480 773,1480 818,1480 862,1480 907,1480 952,1480 997,1480 1041,1480 1086,1480 1131,1480 1176,1480 1221,1480 1265,1483 1310,1483 1355,1483 1400,1483 1444,1483 1489,1483 1534,1483 1579,1483 1624,1483 1668,1486 1713,1486 1758,1483 1803,1486 1848,1486 1892,1483 1937,1486 1982,1486 2027,1486 2071,1486 2116,1486 2161,1489 2206,1489 2251,1489 2295,1489 2340,1489 2385,1489 2430,1489 2474,1489 2519,1489 2564,1489 2609,1492 2654,1492 2698,1492 2743,1492 2788,1495 2833,1495 2878,1498 2922,1501 2961,1501"/>
                <TextEquiv>
                    <Unicode>Wie still er ruht. Er blicht ins Buch und lernt..</Unicode>
                </TextEquiv>
            </TextLine>
            <TextLine id="tr_1_tl_7" custom="readingOrder {index:6;}">
                <Coords points="660,1664 2601,1699 2601,1577 2483,1554 660,1557"/>
                <Baseline points="677,1636 722,1633 767,1633 812,1633 856,1633 901,1633 946,1633 991,1636 1035,1636 1080,1633 1125,1633 1170,1636 1215,1636 1259,1636 1304,1636 1349,1636 1394,1636 1439,1636 1483,1636 1528,1636 1573,1639 1618,1642 1662,1636 1707,1636 1752,1636 1797,1639 1842,1639 1886,1639 1931,1639 1976,1639 2021,1642 2065,1642 2110,1642 2155,1645 2200,1642 2245,1642 2289,1642 2334,1642 2379,1642 2424,1642 2469,1642 2513,1645 2558,1648 2603,1656 2609,1656"/>
                <TextEquiv>
                    <Unicode>Was lernst Du armer Tor? Vergangnes? Ha,</Unicode>
                </TextEquiv>
            </TextLine>
            <TextLine id="tr_1_tl_8" custom="readingOrder {index:7;}">
                <Coords points="651,1829 2787,1852 2923,1826 2923,1754 648,1693"/>
                <Baseline points="668,1788 713,1788 758,1791 803,1791 847,1791 892,1791 937,1791 982,1791 1027,1788 1071,1791 1116,1791 1161,1791 1206,1791 1250,1791 1295,1791 1340,1794 1385,1794 1430,1794 1474,1794 1519,1794 1564,1794 1609,1794 1653,1794 1698,1794 1743,1797 1788,1797 1833,1797 1877,1797 1922,1797 1967,1794 2012,1797 2057,1800 2101,1800 2146,1797 2191,1797 2236,1797 2280,1800 2325,1800 2370,1803 2415,1800 2460,1800 2504,1803 2549,1803 2594,1800 2639,1803 2683,1803 2728,1803 2773,1803 2818,1806 2863,1806 2907,1812 2931,1812"/>
                <TextEquiv>
                    <Unicode>Was nützt es Dich! Wirfs weg – auch in die Ecke,</Unicode>
                </TextEquiv>
            </TextLine>
            <TextLine id="tr_1_tl_9" custom="readingOrder {index:8;}">
                <Coords points="648,1997 2946,2002 2914,1872 645,1890"/>
                <Baseline points="662,1940 707,1940 752,1940 797,1943 841,1946 886,1946 931,1943 976,1940 1021,1940 1065,1937 1110,1937 1155,1940 1200,1940 1244,1940 1289,1943 1334,1943 1379,1940 1424,1940 1468,1943 1513,1943 1558,1943 1603,1943 1648,1946 1692,1946 1737,1949 1782,1946 1827,1946 1871,1946 1916,1946 1961,1946 2006,1946 2051,1946 2095,1946 2140,1946 2185,1949 2230,1949 2274,1949 2319,1949 2364,1952 2409,1949 2454,1952 2498,1952 2543,1955 2588,1955 2633,1952 2678,1952 2722,1955 2767,1952 2812,1952 2857,1952 2901,1952 2946,1955 2949,1955"/>
                <TextEquiv>
                    <Unicode>Dass aus den Blättern grauer Staub fliegt. Doch</Unicode>
                </TextEquiv>
            </TextLine>
            <TextLine id="tr_1_tl_10" custom="readingOrder {index:9;}">
                <Coords points="660,2141 2500,2130 2457,2017 657,2040"/>
                <Baseline points="674,2101 719,2098 764,2098 809,2101 853,2101 898,2098 943,2101 988,2098 1032,2101 1077,2101 1122,2104 1167,2104 1212,2104 1256,2107 1301,2107 1346,2107 1391,2107 1436,2107 1480,2104 1525,2104 1570,2107 1615,2104 1659,2107 1704,2107 1749,2107 1794,2110 1839,2107 1883,2110 1928,2107 1973,2110 2018,2110 2062,2110 2107,2110 2152,2113 2197,2116 2242,2116 2286,2116 2331,2113 2376,2113 2421,2116 2466,2122 2504,2122"/>
                <TextEquiv>
                    <Unicode>Er lernt und grübelt weiter über altem,</Unicode>
                </TextEquiv>
            </TextLine>
            <TextLine id="tr_1_tl_11" custom="readingOrder {index:10;}">
                <Coords points="654,2269 981,2327 1131,2277 2321,2269 2321,2179 1748,2217 1511,2159 1082,2217 654,2167"/>
                <Baseline points="671,2251 716,2254 761,2254 806,2254 850,2257 895,2254 940,2254 985,2257 1030,2257 1074,2257 1119,2257 1164,2260 1209,2260 1253,2260 1298,2260 1343,2260 1388,2260 1433,2260 1477,2263 1522,2260 1567,2260 1612,2263 1656,2263 1701,2260 1746,2263 1791,2263 1836,2263 1880,2260 1925,2263 1970,2263 2015,2266 2060,2266 2104,2263 2149,2266 2194,2266 2239,2263 2283,2266 2328,2266"/>
                <TextEquiv>
                    <Unicode>Unnützem, unfruchtbarem Moder. — 0-</Unicode>
                </TextEquiv>
            </TextLine>
            <TextLine id="tr_1_tl_12" custom="readingOrder {index:11;}">
                <Coords points="637,2439 2413,2434 2347,2324 1542,2379 637,2332"/>
                <Baseline points="653,2409 698,2406 743,2406 788,2406 832,2406 877,2406 922,2406 967,2406 1012,2409 1056,2406 1101,2409 1146,2409 1191,2409 1236,2412 1280,2412 1325,2412 1370,2412 1415,2412 1459,2412 1504,2415 1549,2415 1594,2415 1639,2415 1683,2415 1728,2415 1773,2415 1818,2415 1862,2415 1907,2415 1952,2415 1997,2415 2042,2415 2086,2415 2131,2418 2176,2418 2221,2418 2266,2418 2310,2421 2355,2421 2400,2418 2418,2421"/>
                <TextEquiv>
                    <Unicode>Ein Zug von dieser gegenwärtigen Luft</Unicode>
                </TextEquiv>
            </TextLine>
            <TextLine id="tr_1_tl_13" custom="readingOrder {index:12;}">
                <Coords points="654,2584 1626,2625 2023,2573 2312,2651 2266,2492 2159,2538 1968,2486 654,2497"/>
                <Baseline points="671,2555 716,2558 761,2558 806,2561 850,2561 895,2561 940,2564 985,2561 1030,2564 1074,2564 1119,2564 1164,2567 1209,2567 1253,2564 1298,2564 1343,2564 1388,2564 1433,2567 1477,2567 1522,2570 1567,2570 1612,2570 1656,2573 1701,2570 1746,2570 1791,2567 1836,2570 1880,2570 1925,2570 1970,2570 2015,2570 2060,2570 2104,2573 2149,2573 2194,2573 2239,2573 2283,2576 2316,2579"/>
                <TextEquiv>
                    <Unicode>Wiegt eine ganze Weltgeschichte auf</Unicode>
                </TextEquiv>
            </TextLine>
        </TextRegion>
        <TextRegion id="tr_2" custom="readingOrder {index:1;}">
            <Coords points="632,2660 2952,2660 2952,3673 632,3673"/>
            <TextLine id="tr_2_tl_1" custom="readingOrder {index:0;}">
                <Coords points="651,2784 816,2723 995,2761 1175,2726 1398,2781 1473,2732 1728,2758 1748,2645 1386,2671 1262,2642 1230,2671 648,2630"/>
                <Baseline points="668,2713 713,2710 758,2710 803,2713 847,2713 892,2713 937,2713 982,2713 1027,2713 1071,2716 1116,2716 1161,2719 1206,2716 1250,2719 1295,2719 1340,2716 1385,2716 1430,2719 1474,2719 1519,2719 1564,2719 1609,2719 1653,2719 1698,2719 1743,2722 1752,2725"/>
                <TextEquiv>
                    <Unicode>Von hingegang'ner Zeit!</Unicode>
                </TextEquiv>
            </TextLine>
            <TextLine id="tr_2_tl_2" custom="readingOrder {index:1;}">
                <Coords points="640,2902 1149,2868 1736,2920 1736,2784 1649,2816 1195,2778 998,2813 712,2769 640,2801"/>
                <Baseline points="656,2863 701,2860 746,2860 791,2860 835,2860 880,2860 925,2863 970,2863 1015,2863 1059,2863 1104,2866 1149,2866 1194,2863 1238,2866 1283,2866 1328,2866 1373,2866 1418,2869 1462,2869 1507,2869 1552,2869 1597,2869 1642,2872 1686,2875 1731,2878 1743,2878"/>
                <TextEquiv>
                    <Unicode>könntest Du erzählen.</Unicode>
                </TextEquiv>
            </TextLine>
            <TextLine id="tr_2_tl_3" custom="readingOrder {index:2;}">
                <Coords points="628,3050 2625,3050 2625,2957 2272,2923 1881,2983 628,2937"/>
                <Baseline points="644,3012 689,3012 734,3012 779,3015 824,3015 868,3015 913,3015 958,3015 1003,3015 1047,3015 1092,3018 1137,3018 1182,3021 1227,3021 1271,3021 1316,3021 1361,3024 1406,3024 1450,3024 1495,3024 1540,3027 1585,3030 1630,3030 1674,3030 1719,3030 1764,3027 1809,3027 1854,3027 1898,3027 1943,3027 1988,3027 2033,3030 2077,3030 2122,3030 2167,3030 2212,3030 2257,3030 2301,3030 2346,3030 2391,3033 2436,3033 2480,3033 2525,3033 2570,3030 2615,3033 2633,3033"/>
                <TextEquiv>
                    <Unicode>Du wetche Luft! O sag, was sahst Du alles?</Unicode>
                </TextEquiv>
            </TextLine>
            <TextLine id="tr_2_tl_4" custom="readingOrder {index:3;}">
                <Coords points="628,3215 2711,3215 2711,3117 2567,3091 628,3114"/>
                <Baseline points="644,3164 689,3164 734,3164 779,3164 824,3164 868,3167 913,3164 958,3164 1003,3167 1047,3167 1092,3170 1137,3173 1182,3173 1227,3173 1271,3173 1316,3173 1361,3170 1406,3170 1450,3173 1495,3173 1540,3173 1585,3176 1630,3176 1674,3176 1719,3176 1764,3179 1809,3176 1854,3176 1898,3176 1943,3176 1988,3179 2033,3179 2077,3182 2122,3182 2167,3182 2212,3182 2257,3185 2301,3182 2346,3185 2391,3185 2436,3185 2480,3185 2525,3185 2570,3185 2615,3185 2660,3185 2704,3188 2719,3188"/>
                <TextEquiv>
                    <Unicode>Kommst Du von ferne? Sahst Du sel'ges Glück?</Unicode>
                </TextEquiv>
            </TextLine>
            <TextLine id="tr_2_tl_5" custom="readingOrder {index:4;}">
                <Coords points="616,3363 2856,3377 2856,3267 2639,3250 616,3250"/>
                <Baseline points="632,3313 677,3310 722,3313 767,3313 812,3313 856,3313 901,3313 946,3313 991,3313 1035,3316 1080,3316 1125,3316 1170,3316 1215,3316 1259,3316 1304,3319 1349,3319 1394,3319 1439,3319 1483,3322 1528,3322 1573,3322 1618,3322 1662,3322 1707,3322 1752,3325 1797,3325 1842,3325 1886,3325 1931,3325 1976,3325 2021,3325 2065,3325 2110,3325 2155,3328 2200,3325 2245,3328 2289,3328 2334,3331 2379,3331 2424,3331 2469,3331 2513,3334 2558,3334 2603,3337 2648,3340 2692,3340 2737,3337 2782,3337 2827,3337 2860,3340"/>
                <TextEquiv>
                    <Unicode>Hast Du ein schönes Weib geküsst? Du schweigst!</Unicode>
                </TextEquiv>
            </TextLine>
            <TextLine id="tr_2_tl_6" custom="readingOrder {index:5;}">
                <Coords points="625,3507 2347,3551 2347,3420 2251,3406 625,3394"/>
                <Baseline points="641,3475 686,3472 731,3472 776,3472 821,3472 865,3472 910,3472 955,3472 1000,3475 1044,3475 1089,3475 1134,3475 1179,3475 1224,3475 1268,3475 1313,3475 1358,3478 1403,3478 1447,3481 1492,3478 1537,3478 1582,3478 1627,3481 1671,3481 1716,3484 1761,3484 1806,3484 1851,3484 1895,3484 1940,3487 1985,3487 2030,3487 2074,3487 2119,3487 2164,3487 2209,3490 2254,3493 2298,3496 2343,3499 2355,3496"/>
                <TextEquiv>
                    <Unicode>Inmitten dieser Mauern bist Du ruhig</Unicode>
                </TextEquiv>
            </TextLine>
            <TextLine id="tr_2_tl_7" custom="readingOrder {index:6;}">
                <Coords points="622,3695 2949,3681 2949,3600 2538,3548 1751,3611 622,3554"/>
                <Baseline points="638,3630 683,3633 728,3633 773,3636 818,3636 862,3636 907,3636 952,3636 997,3636 1041,3636 1086,3636 1131,3636 1176,3639 1221,3639 1265,3639 1310,3639 1355,3642 1400,3642 1444,3642 1489,3645 1534,3645 1579,3648 1624,3648 1668,3645 1713,3648 1758,3648 1803,3645 1848,3645 1892,3648 1937,3648 1982,3648 2027,3648 2071,3648 2116,3648 2161,3651 2206,3651 2251,3651 2295,3651 2340,3654 2385,3654 2430,3654 2474,3657 2519,3657 2564,3657 2609,3657 2654,3657 2698,3657 2743,3657 2788,3657 2833,3657 2878,3660 2922,3660 2952,3663"/>
                <TextEquiv>
                    <Unicode>Und schlummerst ein, —so wie hier alles schlummert</Unicode>
                </TextEquiv>
            </TextLine>
        </TextRegion>
    </Page>
</PcGts>
