3368 4088
1263 705 1622 876 Zweites
518 858 2121 1035 Ach wär ich doch nicht seine krank!
1239 996 1650 1167 Erstes G.
526 1147 2166 1324 Es ist des Zufalls seltsam spielen.
532 1312 1852 1471 Dass unsre Lose also fielen.
530 1459 2044 1620 Du, der mit Wein Gesang und Lieb
534 1618 2113 1758 Sich Nächt und Tage stets vetrieb,
538 1793 1852 1909 Bist etwas düsterer gewesen,
530 1913 2160 2066 Als ich, der mit vernünftgem Lesen,
534 2074 1870 2221 Mit allerhand philosophieren
538 2233 2044 2402 Mit Bücherforschen und studieren
538 2388 2031 2522 Mein halbes Leben hab verbracht.
540 2539 1946 2694 Bin immer fröhl ich aufgewacht.
1271 2698 1856 2852 Zweites G.
534 2836 2046 2999 Man tat mir in den letzten Tagen
544 2987 1848 3119 Zu wiederholten Malen sagen,
540 3154 2001 3319 Dass Du in Kirch und Gotteshaus
542 3303 2164 3429 Seit Wochen viel gehste in und aus.
552 3452 1868 3610 Wie, wäre Deine Fröhlichkeit
554 3608 1997 3761 Verstellung nur in letzter Zit?
2816 395 2954 558 63
