3304 4088
2622 315 2793 503 127.
542 656 2145 857 Und alles lag in trüber Dämmerung.
545 725 2643 1028 Ich wusste nicht und weiss nicht wie mir war.
542 998 2334 1181 Wie sie geschwunden sind die öden Tage
539 1058 2834 1312 Das frag mich nicht. Die Zeit war leor und stumm.
545 1285 2541 1456 Aus träumelosem Schlaf erwacht ich mählich
548 1390 2589 1627 Und strich mir über Augenbrauen und Wimpern
551 1540 2667 1729 Und fuhr empor und rief: ein seltsam Dämmern!
545 1726 2568 1912 Ein zweifelhates Licht! Was bringt es doch.
551 1843 2730 2070 Zeigt es die Nacht, zeigt ee den Tag mir an.?
578 2004 2990 2193 ( Pause, selig) Es ham der Tag, o teuerste Faustina.
557 2184 2822 2346 Es kam der Tag und himmlisch, herrlich leuchtend
563 2310 2742 2508 Lass ich entzückt in goldnem Licht mich sonnen
566 2520 2274 2700 Und fasse Dein Gevend und lehne mich
566 2634 2235 2828 Ganz nah an diesen holden Busen und
566 2813 1294 2978 Und küsse Dich
1303 2963 1720 3143 Faustina.
572 3119 1942 3284 Und lässt Dich wieder kilssen.
1252 3254 1714 3458 Aegidius.
569 3425 2442 3613 Und juble auf: glückselig ist die Liebe.
