3336 4104
2828 330 3004 530 107
483 694 2935 913 er vor Dir erscheint ist nicht die, welche etnem ge
487 895 2728 1102 wandten, witzigen Weltmann geztemt, doch ist das
474 1080 2998 1230 leicht begreiflich, da es eben nicht seine eigene ist.
487 1196 2784 1428 Ich will, dass er als Arzt verkleidet sich zu dem
465 1381 2834 1544 Abte Hilarius begibt, um auf diese Weise meinen un
480 1503 2881 1720 aussprechlich geliebten Aegidius vollständig in sei
477 1676 2680 1824 ne Hand zu bekommen und in meine Arme führen zu
477 1836 2828 1959 können. Teure Marta, gib ihm einen Geleitsbrief an
487 2015 2853 2141 den Abt, in welchem Du von seinen Vorzügen als Arzt
477 2153 2834 2313 redest und sichre Heilung für Augidius versprichst.
471 2316 2812 2458 Willfahrst Du mir nicht Maria, so lässest Du nicht
468 2439 2750 2589 allein den geliebten Mönch, Du lässest auch mich,
461 2630 2894 2731 Deine Freundin verschmachten. Denn nun fühl ich erst
468 2734 2891 2916 was Liebe ist und wenn ich früher zu lieben glaubte,
471 2863 2806 3063 so wars Einbildung, Selbsttäuschung, ein Wahn, der
465 3016 2944 3202 mir jetzt selbst völlig unerklärlich dünkt. " ( sinnt
465 3205 794 3409 nach I
1208 3355 1629 3556 Benedikt.
465 3493 2897 3704 Ich kann Euch verstehern hochwürdge Frau, dass Ihr in
