7304 4824
1931 117 2107 343 10
330 468 3235 819 Dann meines Denkens letzter, höchstes Ziel
318 665 3035 1007 Ist klar und greifbar- wie das nun nicht
305 886 3235 1162 Verschwommen in dem Nebel der Vermutung
318 1037 3348 1346 Schwebt eurer Sehnsucht bald, und leicht verschwebt es
272 1233 2884 1517 könt ihrs in Worten schildern, wie ichs könnte
255 1396 2926 1680 Wenn ich auch beide verth hielt zu vernehmen,
251 1563 2713 1818 Was unter uns ich eben nur begreife¬
301 1731 3273 2011 Geböt ich 6 euch, ihr müßtet machtlos schweigen.
318 1898 3189 2161 Wenn ihr mir schwarze Fläche gabt und Kreide,
343 2057 2826 2328 In wenig Augenblicken stand' es da,
330 2236 2964 2529 Das süste Bild, das meine Sehnsucht such 1
305 2412 3256 2679 Eins-hell- und schön- und in sich selbst vollendet,
343 2575 2805 2859 Was berichtet ihr für Mitte und für Wege
347 2755 2771 3010 Mein würdiger Bruder Augustin, um über
276 2918 2696 3131 di graue Flut verworrener Gedanken
268 3093 3043 3361 Aus Ufer helles Klarheit mich zu führen?
343 3273 3139 3536 Von Worte eine Bücke mußt ihr zimmera¬
163 3436 2813 3708 Pacht von Worten eine Brücke! Auf und nieder
251 3520 3173 3883 Schrankt hin und schwingt, sich hößere sie und her,
268 3766 3160 4055 Dum fürcht' ich mich, die Brücke zu beschreiten;
276 3925 3001 4226 Denn eine Sage geht: Sobald der Wonder¬
5083 176 5321 397 11 -
3737 431 6107 790 Erst drüber ist, er blindet er sogleich.
3791 669 6818 936 Was nicht ihm dann die Klarheit, wegs herum¬
3737 869 6366 1158 Ach! andere ist sie ja bestimmt als ihm.
3749 1037 6216 1321 Er darf sich nimm es ihres Strahlen freun,
3795 1191 6717 1505 Sich nicht im Meer des seligen Lichter barten.
3749 1384 6203 1651 So ist, ihr lieben Brüder. La! und davum
3762 1551 6266 1835 Wird auch die feurigste Beredsamkeit
3762 1726 6270 1994 Vergebens sich in heißen Mühen gnälen
3779 1885 6985 2140 Mir das zu schildern, was sie selbst nicht kennt;
3775 2065 7039 2349 Nicht kennt, weil sie's nicht sah; weilsies nur ahnt.
3787 2249 7027 2512 (Als wieder mit einem Mal in einen neuen Ge¬
3775 2412 5463 2700 danken Kreis gekommen)
3762 2621 4866 2859 Äsnt-ahnt¬
3733 2667 6726 2968 Augustin Ansidius, mein lieber Bruder,
3708 2922 6441 3173 Auf schlimmen Vorweg wandelt euer Sinn.
3754 3081 5175 3382 Geht heute leichten!
3766 3269 7001 3566 Regidius (hat nicht drauf gehört) Ahnt! Und ist mein
6366 3444 6960 3699 Wissen
3683 3503 5154 3883 Denn mehr als das?
4820 3775 6345 4059 Augi Aus, wir alle,
3766 3762 4402 4025 Augustin.
3733 3975 7093 4222 Wir ihnen nur (Regid. Lachelt) kein wahres Wissen gibts
