3352 4104
2754 470 2903 605 20
627 754 2754 931 Ach, so ein Priester ist ein Tausendkünstler!
635 903 2376 1061 Ob er nur selber an die Wethe glaubt?
635 1086 2420 1240 Er segnet, wie der Türmer oben läutet;
635 1224 2704 1365 S'ist sein Beruf, die Menschen wollten's so.
627 1365 2843 1517 Doch wenn der Priester wirklich glaubt? Wenn er
635 1519 2486 1666 Sich wirklich mit dem fabelhaften Gotte
635 1671 2696 1848 Verbunden wähnt? Ha, welch Gedanke! Fesseln,
627 1818 2282 1981 Die minderes mit höherem verketten
641 1981 2702 2185 Ja, ja — denn Mensch und Mensch sind gleich.
2251 2174 2809 2298 Doch Mensch
641 2304 2539 2439 Und Gott! Und diese Ketten sprengen! Nie
641 2467 2685 2583 Versucht' ich das. Nie hab ich den verführt,
622 2622 2475 2785 Der sich, sein Leben jenem hohen Wesen,
630 2760 2837 2898 Das so allmächtig dem scheint, der es fürchtet,
635 2950 2550 3069 Für evge Zeit geweht. Ich will auch das,
638 3080 2619 3235 Versuchen will ich, ob die selige Hoffnung
627 3227 2561 3379 Auf Himmelsfreuden, die nie enden sollen.
633 3379 2566 3569 Verführerischer lockt als meine Schönheit
635 3569 2511 3724 Und als die Hoffnung irdischen Genusses.
