3384 4104
2495 481 2626 612 18
487 799 2204 971 Es waren manche, die ob meiner Gunst
490 944 2746 1111 Noch andern Glücks vergassen als des Herrschens
496 1131 2481 1294 Ich kannte viele, die ihr Weib verliessen,
493 1280 2323 1440 Um meiner Huld sich würdiger zu zeigen,
496 1414 2236 1542 Sie rangen sich von allem teuern los,
493 1595 2166 1752 Zerrissen alle Bande des Vergangnen
496 1723 2790 1866 Und wurden frei! Denn Freiheit ist nichts andres,
481 1895 2478 2040 Als ein Verändern frühern Sklavendienstes,
490 2038 2332 2137 Der Weg von einem Kerker in den andern.
493 2163 2349 2320 Und doch.. die Ehe! Ist es unauflöslich
481 2291 2708 2452 Dies Band, geknüpft im Rausch des Augenblickes?
487 2484 2615 2594 Es wird so bald ein lästges Band! Ein Geist,
493 2644 2658 2763 Der sich von höherer Gesinnung getragen fühlt,
493 2793 1936 2967 Wirft diese Rücksicht von sich
496 2927 2591 3040 Und will sein ganzes Leben lang nicht büssen
501 3067 2807 3262 Für den Genuss, den ihm vielleicht die Brautnacht
490 3224 2344 3416 Und ein'ge, wen'ge Flitterwochen boten.
519 3396 2860 3577 (Mit Ironte) Doch nein — weshalb? Es mag ja Frauen
2498 3548 2804 3720 geben,
