3352 4088
2807 364 2983 527 103
537 712 1670 885 zu mir geschickt worden.
1278 843 1709 1006 Benedtkt.
527 977 2967 1265 Mein Name ist Benedikt Romualtd, wenn Ihr ihn kennt.
1313 1169 1750 1396 Aebtissin
537 1278 2842 1552 O ich kenne ihn. Doch muss ich Euch gestehn, dass
549 1511 2961 1661 die Tracht, in welcher Ihr vor mir erscheint, selt -
540 1680 2798 1804 sam dem Bilde widerspricht, das ich mir nach den
524 1817 3002 1964 Andeutungen entworfen, die Faustina von Euch gemacht.
1271 1974 1705 2165 Benedikt.
527 2137 2795 2293 Sehr begreiflich, ehrwürdige Frau. Denn Ihr seht
527 2255 3040 2427 mich nicht so wie ich gewöhnlich zu sehen bin - warum
533 2443 3101 2606 das soll Euch der Brief lehren, den ich Euch von Faust
527 2597 1009 2705 na bringe.
1258 2743 1744 2929 Aebtissin.
1597 2849 2922 3079 on in der Hand ) Gebt, gebt.
530 2814 1233 3088 (sie hat den
1527 2980 1846 3079 (
505 3034 2929 3226 Doch etns vorher. Entschuldigt, dass ich Euch nicht
527 3194 2871 3337 bitten kann die Räume dieses Klosters zu betreten.
527 3277 2743 3516 Gerade in den letzten Tagen ist von dem Bischof
527 3516 2536 3679 unserer Diözese der verschärfte Befehl......
