3352 4104
2644 321 2828 552 160
524 686 2834 907 Aber, mein verehrter Her, ich richte an Sie ( man
542 848 2846 1054 bringt das Eie und die Bisoutts ) die Bitte mich
546 1054 2550 1235 morgen in meiner Wohnung aufzusuchen, wo...
1228 1157 1646 1347 Künstler
552 1244 2949 1493 Wo ich vielleicht auch meine letzte Polka française
555 1478 948 1674 sowie...
1244 1652 1481 1802 zopf
561 1752 2887 1923 Sie treffen mich morgen mittags bestimmt zu Hause.
564 1880 2877 2107 Ich habe die Ehre. (Künstler ab ) ( dte Tanzmusik
583 2061 1581 2248 beginnt) Was ist das?
1319 2201 2070 2338 Komiteemitglied
595 2291 3105 2622 (ist nach dem Hintergrund geeilt und sieht nach oben)
580 2519 1992 2703 Der erste Violonist dirigiert.
1325 2687 1556 2877 Zopf
583 2809 2871 3074 Der Rebell! Will er uns den Rang streitig machen!
1288 2987 2033 3211 Komiteemitglied
592 3093 2856 3336 Das junge Volk beginnt sich im Kretse zu drehen.
1359 3295 1515 3476 zop
599 3364 2927 3635 O er zerstört mein Renommée. (er will in den Saal
