3922 5000
270 247 2859 581 der mich beseigt?  Nein _ Das Leben ist's
247 501 2994 755 Das glühend durch die Formen fließt, und das
251 644 3105 950 Macht mich zum rasenden, wahrfinnig! Ja!
211 795 2704 1117 Ich möchte fliehen ringsherum – und doch
235 950 3233 1280 Versunken stehn in solch außholden Anblick.
223 1145 2775 1423 Ah. wie der volle Busen wagt! Er lädt
2974 1145 3133 1304 Pour Votre
270 1296 3257 1567 Die Züngling ein zum Küssen und Umarmen.
270 1451 3125 1714 Siz löst der Haar- in reichen Locken wollt es
270 1666 3002 1956 Herab... ohneh, ihr schlimmen Locken! bergt
2028 1785 2636 1917 9. Untersuchung
270 1789 3133 2028 Von meinem Blick den schlimmen Busen nicht
278 1956 3145 2203 Und ihre schmingsam, wunderweichen Arme
294 2183 3217 2422 Nun streicht sie sie zurück, die dunkeln Locken;
294 2314 2763 2549 Sie wallen über ihren Nacken; — welch
270 2509 2811 2684 Ein edles Antlitz! stolzes Lächeln schwebt
294 2608 3280 2907 darauf; sie fühlt, wie schön sie ist. O könnt ich
302 2783 3018 3070 dir’s sagen, daß du’ 6 bist, dass ich's empfunde
354 2950 2966 3225 Mit wildester Gewält, wie schön du bist.
286 3177 3300 3392 Könnt’ ich dir sagen, wie unnembar Sohnen
326 3304 3197 3606 Zu dir mich zieht! O sähst du mich! O sahst zu
326 3475 3280 3706 den armen Mönch, wie er auf heilgem Boden,
1507 3638 1734 3730 in
370 3638 2970 3901 Von ernster Todesahnung nur umweht
366 3777 3332 4016 hennoch nichts andres denkt als küssen, – lieben!
374 3944 3571 4282 Doch wie? - Ist schon nicht selbst auch Todesmahnung
