3784 4760
206 210 3406 588 das denken nennt. Sie leben und fragen, Wa¬
112 511 3505 734 rum leben wir? Sie streben nach etwas Großen,
167 712 3483 987 Hohen nachetwas, was ihnen hoch und groß dünkt.
206 815 3492 1094 sie erreichen’s nicht, und fragen: Warum erreiche
180 987 3556 1257 wir's nicht? Und wann wirs nicht erreichen,
112 1210 3539 1489 warum hast du, hohes, unbegreifliches Wesen, dessen
133 1356 3518 1622 unendliche Güte und Weisheit man rühmt, aus den
124 1519 3569 1832 unseligen Trieb ins Herz gepflanzt, immer zu streben.
154 1729 1806 1978 und immer vergebens.
305 1819 3445 2141 Und sie warten auf Antwort, die Thoren, und
180 2016 3561 2325 werden an ihrem Gotte irre, weil er ihnen keine Ant¬
163 2196 3157 2462 wort giebt, und vergessen ganz ans jenseits!
227 2385 3578 2677 Dort drüben!! Wartet, ihr Freyler, es kommt schon
172 2578 3449 2823 die Lösung, - aber dort drüben! Und da ruhen
206 2750 3604 3072 sie wieder verzweifelt: Wer bürgt uns für’s Jenseits
511 2909 3432 3222 Es frägt und forsch die Wissenschaft und sucht
193 3046 3479 3368 in der Welt umher und eilt rastlos und hofft und
193 3256 3531 3608 jagt und findet nichts. Und unser Geist versenkt sich
223 3436 3565 3698 in die Unabänderlichkeit, und er missi
227 3629 3642 3840 was der Mensch ermessen kann in hastendem Wahnsinn
236 3771 3574 4041 Und wir wissen nicht, nichts — Marren, Thoren,
352 3951 3578 4256 Freyler! Ihr sollt ja nichts wissen, ihn soll nicht
