3624 4680
142 313 2510 638 Sie fest, die kalten Eisenstäbe —, matt
154 538 2751 821 Gemächtig fühl ich mich. Einsam wie früher
100 759 2510 980 Steh“ ich in meiner Zelle. Kahle Wände
79 875 2476 1171 Umgeben mich - dort des Erlösers Bild
79 1042 2926 1296 Dort unberührt mein Bett - in aller Winkeln
104 1201 2555 1476 Bestaubte Bücher-Rumpfheit überall!
83 1392 3285 1663 Ich will, ich kann's nicht sehn. Bald muss die Nacht
129 1576 2743 1847 Zu Ende sein. Ich will beim Fenster bleiben
125 1693 2785 1972 Und in den Sternenhimmel sehn. Erwarten
100 1851 3452 2109 Will ich das Morgengräun. Ah, wie die Luft mir wohl thut
108 2034 3018 2293 Nun löschen dort die letzten Lichter aus. Sich da,
121 2209 2822 2455 Der Bruder Augustin wirkt mir herüber¬
129 2376 3456 2685 Gut Nacht, gut nacht, schlaft wohl! - Schlafwohl, schlaf wohl,
146 2547 2701 2810 sa, ja, du kannst es noch. Sein Licht ist aus.
171 2731 2864 2976 Nun spricht er sein Geben und geht zu Bette.
146 2885 1092 3193 O Gott, o Gott!
721 3027 3085 3339 Er geht zur Thüre seiner Zelle u. öffnet sie)
950 3252 1930 3481 das Lämpchen
146 3331 2831 3668 Im Gang brennt heute matter nach als sonst¬
163 3548 2651 3781 Wie- oder sind die Augen mir vielleicht
196 3698 2922 3960 Nur trüber! - Und was jetzt? O könnt ich
213 3844 2368 4123 Im unbegrenzten Raume weilen.
242 4015 2539 4336 die Thüre dort zur Kirche sch ich offen
