3352 4120
2748 445 2881 612 73
1351 781 1687 888 Stutzen
1324 838 1803 970 genommen:
808 940 1461 1105 Hippelt herein
630 965 769 1137 1
607 1061 2107 1251 He, he! Es ist zwar dunkel hier,
605 1228 2052 1411 Jedoch sehr gut gefällt es mir.
623 1415 2381 1579 Sehr nett, nur eines wünscht ich sehr.
619 1520 2015 1730 Dass irgendoo ein Spiegel wär,
628 1698 2465 1831 Man kann stch nirgends recht betrachten
644 1828 2269 2006 Und muss sein eignes Ich berachten.
641 2025 2143 2139 Wie sitzt mir die Kravatte doch?
644 2162 2134 2305 Hm, hn, die Nadel hält sie noch.
635 2298 2374 2447 Mein Schnupftuch mit dem roten Tüpfel
648 2456 2278 2609 Sieht grad heraus mit einem zipfel.
662 2632 2200 2746 Und hier die Nelk an meinen Busen
651 2769 2417 2924 Hebt hübsch sich ab von meiner Blusen.
648 2901 2426 3070 Auch ist der Schnurrbart keck gedreht,
655 3020 2120 3211 Kein Mädel heut mir widersteht.
653 3193 2127 3362 wenn doch eines sichtbar wär!
653 3339 2381 3552 Doch ach, der Spiegel fehlt mir sehr.
662 3549 2011 3704 An einer dieser Kirchentüren
