3368 4120
2809 320 2987 538 101
597 775 1781 984 sonderbares zu vermelden.
1317 917 1670 1132 Stimme.
584 1021 2101 1298 Wer seid Ihr, frag ich nochmals?
1283 1237 1895 1418 Benedikt.
594 1354 2929 1578 Ihr werdet es nicht bereun, Gottes Braut, wenn Ihr
584 1560 3033 1726 eine kleine Wette Euer Fenster öffnet, mir einem ein
594 1717 2978 1843 samen Wandrer, der nächtlich die Strasse hinwandert
588 1840 3061 2070 und glücklich wäre, mit einem lebenden Wesen ein paar
588 2021 1434 2135 Worte zu wechseln.
1332 2160 1735 2332 Stirme.
578 2295 3030 2436 Welche Wortel Glaubt mich nicht zu berücken. Ich hab
584 2486 3033 2612 bis jetzt die ganze Nacht gebetet. Mutig bin ich und
581 2599 1935 2784 gefeit gegen jede Versuchung.
1227 2775 1818 2950 Benedikt.
566 2904 2849 3110 Macht nicht andre Worte. Wer sagt Euch, dass ich
566 3067 2993 3224 Euch berücken will? Ich habe wichtigen Auftrag. Mel
578 3175 2959 3368 det mich bei der Aebtissin von der Gräfin Faustina.
1307 3381 1649 3575 Stimme.
569 3553 1655 3771 Ich geh Euch zu melden.
