3352 4104
2769 351 2872 542 8
648 664 2836 879 Mir über dieses dann nur klar! Selbst hier, dem
2603 827 2882 1018 Gotte
676 1003 2800 1157 Gleichsam ins Antlitz schauend will der Dämon
661 1160 2609 1333 Mich nicht verlassen. Immer lauter - wie?
661 1276 2912 1482 Nichts, nichts - schweig, schwetg! - Noch nicht„
2009 1445 3109 1624 nichts, nichts genossen
670 1591 2554 1754 Und doch ein Jüngling Mannesjahren nahe!
676 1766 2942 1936 Nichts, nichts genossen! Und noch immer wag ichs
667 1933 2385 2103 Auf diese kalten Stufen meine Stirn,
679 2079 2409 2227 Die kilhlunglechzende zu drücken- Ah.
694 2218 2906 2372 Wie frisch, wie gut! Ich wagt' es und kann doch
691 2372 2860 2542 Nicht Reue fühlen! Reue! Und warum auch Reue!!
685 2554 2445 2700 Man sagt von einem, der geboren ward:
694 2700 2460 2857 Er ist zur Welt gekommen. Diese ganze
697 2863 2630 3018 Unendliche und unbegrenzte Welt ist sein,
700 3000 2803 3178 Ist sein - So deut ich mir dies Wort. Er kam
715 3124 3148 3333 Zur Welt. Doch nicht zu einem kleinen Teil der Welt?
709 3294 2794 3466 Nein, nein! Zur ganzen - und die ganze steht
700 3460 2933 3663 Dem Menschen offen. Und wenn ich auch Mönch bin
