3368 4120
2925 465 3050 629 22
1504 881 1850 1078 Kirche.
659 1227 2742 1363 Morgendämmerung. Aegidius auf den Stufen des
659 1355 2706 1557 Altars schlummernd. Bruder Augustin und Bru-
673 1515 2598 1690 der Severin kommen, ohne ihn zu bemerken.
1291 1676 1792 1820 Severin.
701 1828 2465 2017 (Mit einem Licht) Das war heut' Nacht?
1321 1989 1778 2147 Augustin.
679 2125 2094 2277 Heut' morgens, wenn Ihr wollt,
668 2258 2897 2415 S'war eine Stund' nach Mitternacht. Wir standen
679 2432 2468 2623 Betm Fenster beide und begrüssten uns.
1321 2590 1795 2773 Severin.
692 2745 2881 2892 (Kopfschüttelnd) Und jetzt ist er verschwunden.
679 2903 1410 3058 Wie, Ihr lacht?
1285 3055 1864 3208 Augustin.
673 3183 2665 3366 Ich lache, weil das Licht in Euern Händen
670 3371 2582 3537 Beinahe zittert. Stellt es weg. Es stört
670 3521 2828 3648 Uns mehr, als es uns hilft. Was seht Ihr mich
