3352 4120
2901 375 3032 520 70
617 711 2118 885 Wahr ist, dass Könige regierten,
625 892 2202 1042 Wahr ist es, dass ein jeder starb,
617 1011 2357 1173 Dass manche still das Scepter führten
620 1202 2166 1318 Ein andrer Ruhm sich kühn erwarb.
617 1349 2289 1544 Doch unwahr ist s, dass über allen
638 1473 2176 1625 Gerechtigkeit und Vorsicht tront.
635 1643 2231 1769 Nein, wie des Zufalls Lose fallen,
638 1801 2229 1919 So wird bestraft und wird belohnt.
640 1935 2158 2074 Die Namen ändern sich auf Erden.
646 2092 2336 2226 Sonst aber bleibt sich alles gleich.
654 2239 2074 2391 Ein ewiges Vergehn und Werden,
651 2391 2163 2530 Das ist der Kern im Weltenreich.
675 2499 2444 2675 "Ihr könnt mein Walten nicht erfassen,
662 2706 2441 2840 Doch ist es heilsam", so spricht Gott.
672 2827 2370 3008 Und dies kannst Du Dir sagen lassen!
677 2945 2788 3134 Und siehst nicht klar, stehst Hohn und Spott?
667 3163 2297 3310 Nun freilich, dieses Gottes Walten
677 3321 2244 3444 Höchst unfassbar umfängt es Dich,
682 3473 2373 3617 Ihm wirst Du Regeln nicht gestalten,
