3320 4072
2713 354 2896 497 123
591 634 2748 877 Sie will mich sehn, den kranken Mönch Aegidius
594 817 2651 1011 Sie brachte ja die Krankhett auf sein Haupt.
608 988 2799 1177 Sie will ihn sehn, will ihm ihr Mitleid sollen,
608 1108 2434 1322 Sie will ihn fragen, ob ihm wohler ist,
606 1277 2533 1454 Sie will Genesung bringen dem Erkrankten,
620 1442 2753 1619 Sie frägt ihn mild: wie bring ich Heilung Dir.
608 1562 2899 1774 Besinn ich mich? Weib, Weib Du musst mich lieben,
608 1728 2631 1942 Den kranken Mönch Aeigidius musst Du lieben,
608 1862 2542 2054 Den Du gebilast, mit solcher Glut geküsst.
623 2037 2502 2205 So kann die Leidenschaft nur kilssen, nur
617 2205 2765 2356 Die Leidenschaft, die wahre, stürmisch heisse
631 2348 2819 2505 Und wahr und feurig liebst Du mich. Weib, Weib
620 2522 2836 2716 Du hast den armen Mönch geküsst und liebst ihn!
634 2636 2605 2848 Und er ist da und wartet Dein. Komm, komm.
640 2822 2696 2999 Und sag ihm selbst und lass Dir sagen, dass
2171 2988 2254 3090 C.
628 2962 1594 3139 Dass ich Dich liebe.
1365 3108 1854 3285 Faustina.
1491 3288 1622 3445 G.H.
677 3242 1408 3462 (tritt herein )
