3368 4104
551 267 680 431 G.F.P.
2784 425 2918 611 17
749 752 2861 956 Bald wend' ich kalt mein Angesicht von thnen,
758 917 2586 1115 Und süsse Hoffnung, namenlosen Schmerz,
752 1097 2900 1234 Ich biet ihn wechselnd denen, die mich lieben.
758 1276 2816 1387 Und dieses Spiel mit den verliebten Männern.
749 1423 2969 1534 Nun währt es Monde lang. Mich dünkt, sie werden
749 1561 2778 1681 Es später mild als ich, die's doch begonnen.
749 1699 2562 1873 Ermatten fühl ich mich. Alltäglichkeit
761 1885 2454 2034 Und Langenpette nahen sich von neuem.
755 2022 2736 2166 Wie hüt' ich mich vor dem verhassten Paar?
758 2193 2562 2331 o könnt ich doch in freiem Liebesleben
758 2313 1669 2460 Wie vormals Glück.
758 2469 2103 2631 Wie vormals? - Und wie lange
758 2634 2649 2784 Hat dieses Glück des freien Liebeslebens
770 2793 1169 2933 Gewährt?
764 2909 2154 3080 Und ich gewann die Liebe doch
764 3065 2601 3233 Gar manchen Herzens, dessen Minnedienst
773 3236 2556 3398 Gerechten Stolz in mir erregen konnte;
773 3383 2897 3557 Von Männern, denen selbst das Herrschen fremd
755 3536 3167 3730 Nicht war und die's nur hier (meist vor ihre Füsse)
2340 3682 3044 3826 vergassen. Und
