3336 4104
2558 382 2715 534 12
575 712 2919 901 Doch wie? Ist dies nicht selbst auch Todesmahnung?
572 860 2470 1050 Dem Mannesalter nah und nichts genossen
586 997 2738 1190 Schweig, schweig! Nun hast Du mich schon ganz.
589 1146 2721 1333 Ich fühle nichts als Dich - ich bin Du selbst
601 1298 2298 1502 0 Liebe, Liebe! Süsse Frauenliebe! -
592 1499 2598 1619 Da droben sind die Kerzen schon verlöscht -
589 1619 2765 1779 Leb wohl, leb wohl. Du teures Bild — O wenn Du
598 1773 2689 1922 Stets dageblieben wärst! Ah, noch im Dunkeln
604 1907 2514 2056 Bemerk ich Deiner Formen volles Glänzen -
601 2073 2779 2272 Leb wohl, leb wohl! Und wohin ich? Mein wartet
607 2190 2942 2365 Heut nicht mehr Schlaf. Soll ich die Zelle suchen
604 2388 2403 2563 Freiwillig ins Gefängnis wiederkehren?
607 2540 2444 2692 Hier unter hoher Wölbung will ich ruhn,
607 2674 2488 2852 So weit es heut ein Ruhen für mich gibt,
609 2838 2537 3012 Und will die Blicke immer dorthin wenden.
609 3007 2403 3150 Dorthin, wo es nun völlig dunkel ward.
612 3144 2733 3310 Wo ist mein Licht? Ach ja, ich habs gelöscht,
624 3269 2811 3447 Und auch der Glanz des Mondes weicht allmählig
609 3488 2523 3616 Und auch das Licht des Glaubens schwand
