3336 4104
2608 387 2794 549 151
1125 715 1566 910 Leonhard
397 818 2549 1043 Sp채ts in der Nacht tats und die Luft ist halt,
397 996 2105 1198 Wir wollten Euch zur Hetmkehr raten.
1139 1172 1569 1360 Aegidius
1582 1188 1681 1347 0
490 1324 2416 1542 nach einer Stille) Und wo ist mein Hetm?
391 1503 1301 1672 Ich dank Euch Herr.
404 1622 2704 1847 ( steht auf und will gehen. Er hat Feltettas noch
397 1764 1149 2009 nicht beachtet
397 1966 1049 2132 Ich bitt Euch
381 2095 2453 2274 Nur eins vorher. Mich plagt ein arger Durst.
384 2238 1731 2456 Habt Ihr 'nen frischen Tank?
1145 2387 1572 2529 Leonhard.
397 2549 1019 2734 gerne Herr.
387 2701 2691 2853 Mein eignes Hetm liegt dr체ben kaum soet Schritte.
377 2847 2195 3039 Die Fenster auf der einen Seite liegen
381 3005 2257 3214 Dem Flusse zu, die andern aber s채ht Ihr,
387 3171 2264 3323 W채r nur das Licht einwenig heller schon.
397 3300 2794 3492 (hier erblicht Aegidius Felicitas, aber ohne beson
397 3472 1066 3671 dern Ausdruck)
364 3512 3032 3800 Von da... Ichliess hinter was die Thure, Rind!
