3352 4088
2842 333 3018 556 104
1376 852 1793 1031 Benedikt
586 981 2830 1123 Nichts davon. Ich begreife das vollkommen. (zur
583 1145 2923 1296 Nonne ) Gestattet würdtge Schwester, dass ich Euch
562 1244 697 1343 9.
596 1281 3018 1472 das Licht aus der Hand nehme und Euch zugleich bitte
593 1444 3034 1580 in Eure Zelle zurückzukehren, aus der man Euch rufen
593 1537 3074 1787 wird, wenn man Eurer bedarf. ( nimmt das Licht, küsst
602 1768 1775 1861 ste. Sie geht schnell ab
830 1842 1151 1954 cʼest avec les mauvais.
568 1852 772 1991 auocehmme
1321 1910 1818 2096 Aebtissin.
685 1969 3031 2219 1 test ) Teuerste Maria. Ich will Dich an eine Zeit
599 2207 3021 2342 gemahnen, die wohl schon dahin ist, deren Erinnerung
596 2324 2969 2491 aber Du Dir gewahrt hast. Ich weiss ja, Du bist der
593 2491 3034 2636 Welt nicht fremd geworden, die Du verlassen hast und
593 2651 2954 2796 kannst bei anderen die Gefühle verstehn, die Du im
596 2830 2870 2975 eigenen Busen nicht mehr hegen darfst. Ich liebe,
596 2907 3037 3142 meine teure Maria und an dies Geständnis knüpft sich
593 3123 2984 3278 meine Bitte. Ich will, um schneller zum Ende meines
589 3293 2941 3407 Briefes ku kommen, alle Entschuldigungen, die eine
602 3435 2994 3620 weniger freisinnige Schwester als Du für notwendig
