3304 4072
2612 210 2790 423 179
522 507 2108 711 So möge jeder seine Wilnsche hüten
536 659 2408 877 Und seine Leidenschaften still begraben.
1210 831 1624 1000 Agidius.
531 977 2323 1157 ( wild) Ihr sprecht von Leidenschaft?
533 1116 1452 1315 So spricht von Glut
525 1274 2492 1452 Ein Mensch, der niemals Feuer hat gefühlt.
519 1460 2819 1571 S ist wahr. Man kann wohl Leidenschaft begraben,
522 1562 2603 1746 Doch ist sie immer scheintot nur, ein Funken
525 1737 1609 1901 Der unter Asche glimmt.
1108 1886 1571 2064 Hilartus.
531 2032 1682 2218 Wir wollen jeden Luftzug
513 2204 2151 2349 Der diese Asche ausetnander steute
519 2341 2032 2492 Fern halten in wohltätger Sorge.
519 2472 2845 2638 Soheintot und wahrer Tod burgt keinen Unterschied,
519 2635 2752 2825 Bedenkt Ihrs recht. Es ist ein Mensch gestorben,
525 2790 2863 2967 So heisste im Kretse ring — doch ists nicht wahr!
519 2930 2507 3107 Er ist bewusstlos nur. Und er weiss nichts
519 3093 2347 3259 Von sich — und alle halten ihn für tot.
528 3224 2539 3373 So tsts ihm selbst und allen andern gleich.
