3320 4088
2740 340 2923 502 166
595 598 2635 830 Ich weiss es heut nicht mehr. Doch danke ich
586 767 2394 959 Dem gütgen Zufall, der mich hingeführt,
592 944 2412 1137 Wie ich nie freudenvoller danken werde.
583 1107 2502 1281 Ihr Vater war es, der mich schlafend fand
583 1212 2433 1438 Und sie erweckte mich zum selgen Wachen.
586 1398 2496 1588 Die Einzige, die wahrhaft tiefgeliebte..]
574 1549 2262 1738 Die erste, deren Auge mir verkündet:
571 1684 2532 1829 Aegidtus Du lebst! Denn sagte einer früher
586 1832 2403 2030 Ich hätte schon gelebt, er ist ein Tor.
586 2033 2436 2177 Geschminkter Tod ist Leben ohne Liebe...
571 2168 2436 2358 Lass mich hinziehen Faustina, lebe wohl.
1371 2307 1801 2502 Faustina.
583 2472 2445 2632 Geh. geh...Nein, bleibt O mein Aegidius!
571 2586 2950 2788 Nein geh - ich bettle nicht um Liebe. (er ist fort
565 2764 1483 2932 Aegidius, Aegidius!
580 2908 1690 3119 0 kehr zurück, Aeigidius,
565 3074 2977 3224 Du täuschest Dich, Du liebst sie nicht, Äegidius....
598 3206 2956 3395 ( sie zerreisst thre Maske, ihre dunkeln Locken fal
1311 3326 1693 3411 (..
866 3326 971 3420 G.H.
568 3368 2959 3570 len wild um Antlitz und Nacken und über ihren Busen
