3304 4088
2656 305 2846 491 164
434 724 1327 932 Dass Jene Nacht...
1221 862 1676 1061 Aegidius.
458 1019 1887 1188 Du willst, dass die Erinnerung
470 1143 2252 1384 Vorüberflicht an jenen trüben Stunden,
458 1312 2210 1535 Als wäre sie in Wahrheit nie gewesen.
464 1441 2638 1676 Du brauchst mirs nicht mehr zu gebieten — denn
476 1574 2445 1773 Die Zeit hab ich vergessen. Eine schönre,
476 1716 2373 1975 Glückselige Zeit zieht über meinem Leben
482 1908 2515 2086 Seit zweien Tagen hin.  - Faustina lass mich
510 2020 2566 2270 Gestehn, was ich Dir nicht verschweigen will
488 2243 986 2397 Ich liebe.
500 2340 2846 2533 (Faustina, sprachlos totenbleich. Aeigidius achtet
500 2511 2922 2659 wenig mehr auf sie und gibt sich ganz dem Feuer hin,
510 2683 1809 2891 das ihn jetzt durchströnt.
1188 2837 1634 3003 Aegidius.
510 3009 2053 3151 Solch ein Weib wien Du, Faustina,
531 3145 2524 3310 Vermag ein Lieben, wie ichs jetzt empfinde,
510 3289 2596 3494 Nicht zu verstehn. Da ist kein loses Spielen
519 3440 2581 3612 Mit Wort und Bltoken, kein wollüstig Quälen.
