7160 4872
3697 389 5980 701 die Kühlunglechgende zu drücken Ah
434 463 3226 734 Dort ist es weiter, höher-freier fühl ich mich
3672 512 6759 824 Wie frisch, wie gut! Ich wagt' es und kann doch
393 648 2894 898 In jenen Hallen. In die Kirche will ich.
2927 701 3304 877 bleibe
3709 742 6972 992 Nicht Reue fühlen! Reue! Und warum auch Reue¬
389 807 3402 1070 Hier nehme' ich noch das Licht, das Fenster
3709 914 6415 1164 Man sagt von einem, dem geboren ward:
119 943 287 1164 R.
406 984 2730 1217 Geöffnet; - Diese Thüre schließ ich, so.
3738 1111 6382 1357 Er ist zur Welt gekommen. Diese ganze
365 1156 3295 1365 Nun durch den Gang. Die Tritte hollen wieder.
3779 1221 6468 1463 Unendliche und unbegrenzte Welt ist sein
332 1328 2668 1533 Inmitten dieser Steine weht es kühl,
3709 1369 6607 1672 Ist sein - So laut' ich mir dies Wort. Er kam
365 1517 2853 1734 ja kalt bein ahr. Blauer Mondglanz liegt
3734 1566 7025 1849 Zur Welt. Doch nicht zu einem kleinen Teil der Welt¬
373 1660 2840 1881 still auf dem Altar, spottend meines Lichts.
3726 1721 6722 1963 Nein, nein! zur ganzen - und die ganze steht
377 1803 2795 2058 Der ganze hochgewölbte Raum erhebt sich
3730 1881 6870 2127 Dem Menschen offen. Und wenn ich auch Mönch bin
373 1996 3078 2238 Seltsam vor mir.. Fast wäre setzt mein Licht
3722 2090 6095 2291 In enger Klosterzelle aufgewachsen,
361 2148 2717 2357 An dieser Saube hier verlöscht; die steht
3730 2263 6943 2492 Mein erster Keine, war doch der Keine des Meischen,
348 2275 2808 2529 So schwarz im Schatten da, fast unsichtbar,
3726 2398 6837 2648 Auch mir gehört die Welt. Wohlauf! Ich hab nicht
6328 2496 6845 2615 minder
340 2484 2808 2697 Und die daneben strahlend, blaß und hell.
6226 2558 6882 2758 weniger
393 2619 2787 2881 Hier auf den Altarsstufen will ich mich
3726 2717 6206 3021 An allen Freuden dieses Lebens Anteil,
377 2783 3529 3049 Ein wenig ruhe und dann - Und dann! - O war ich
3742 2902 6279 3164 Als jene andern, die vielleicht am Kloster
406 2980 3607 3205 Mir über dieses dann nur klar! Selbst hier, dem Gatte
3726 3058 6050 3287 In diesem Augenblick vorübereilen
385 3131 3189 3345 Gleichsam ins Antlitz schauend will der dämen
3746 3226 6497 3451 In der Erinnerung froh durchwachter Nacht.
426 3275 3189 3537 Mich nicht verlassen. Immer lauter, wie¬
3800 3398 6734 3668 Wohlan! Ich bin entschlossen. Meinen Anteil
430 3439 3431 3648 Nichts, nichts – Schweig, schweig! – noch nichte, nicht,nichts
3722 3554 6607 3795 Ich nehm’ ihn mir. Der günstige Augenblick,
2861 3619 3558 3845 genossen?
3734 3730 6595 3976 der mir ihn bietet, soll vergebens nicht
459 3771 3160 4037 Und doch ein Jüngling Mannsjahren nahe!
3734 3877 6648 4168 Den Armen, den verlangenden, entschwinden
426 3931 3529 4218 Richts, nichts genossen. Und noch immer mag ichs
3791 4058 6472 4349 Sobald er naht, ich schließ ihn fest an mich
430 4140 2730 4357 Auf diese kalten Stufen meine Stirn,
