3352 4088
2703 436 2854 658 44
496 766 2346 958 Ein Predger gottverhasster Lehren sein?
496 940 2857 1099 Oft fragt' ich mich im Geist; Wie mag wohl Antlitz
505 1096 2238 1274 Und Wesen und Gestalt desjengen sein,
493 1235 2007 1424 Der unters Volk Unglauben Säete,
505 1415 2295 1556 Jedwesen bösen Tuns verfluchten Keim -
511 1556 2790 1727 Und jetzt gebiert sich plötzlich mir die Antwort:
508 1718 2520 1868 Euch, o Aegidius, gleicht der Unglückselge,
496 1865 2418 2058 So ist er mir im Denken stets erschienen.
505 2040 1123 2181 Und Ihr....
1271 2136 1592 2325 gidius.
508 2310 2421 2433 Ich bitt Euch, hört mich an, mein Bruder.
502 2460 2763 2622 Mein Thema heisst: Der Menschen Freiheit. Nicht?
502 2649 2917 2772 Der Menschen Freiheit sagt' ich, nicht der Menschen
505 2781 2571 2935 Befretung. Wenn ich von dem erstern spreche,
508 2884 2745 3091 So muss ich ja, selbst wenn ich nicht so wollte,
505 3076 2571 3214 Mich in den Grenzen tiefer Ehrfurcht halten,
505 3208 2607 3358 Weiss ich auch nicht, wovor ich sie empfinde.
508 3385 2610 3580 O doch! Die Ehrfurcht davor, was uns fesselt.
