3352 4104
2703 422 2801 612 2
649 686 2167 943 Entflammte sich die Teufelsglut
658 891 2654 1044 In meiner Brust. Und hab ichs nur versucht
652 1074 2942 1234 Die Glut zu löschen? Nein, ich liess sie brennen
664 1209 2654 1396 Und lustig brennt es fort. Wie kam es nur?
652 1359 3107 1540 Hab ich ein Weib gesehn, das in der Brust des Mönche
661 1500 2510 1693 Ins Leben diese Flammen rief? Ein Weib?
652 1681 2562 1855 Nein, nein- es ham allein. Ein Dämon lag
652 1788 2522 2014 In dieser heiligen Zelle Raum verborgen
658 1993 2645 2180 Und schlief. Und plötzlich wacht' er auf...
2008 2112 2522 2308 wahrhaftig
652 2287 2700 2455 Vernehmbar war sein Gruss. Doch seine Worte
649 2473 2737 2605 Sind nicht gar mannigfaltig, stets dasselbe:
646 2611 2795 2761 Noch nichts genossen!- Mitleidswürdger Mönch!
649 2740 2504 2914 Und ewig sol- O mitleidswürd'ger Mönch!
640 2899 2596 3058 Da draussen um die Mauern dieses Klosters
637 3073 3006 3248 Rauscht wechselvoll die Welt, Du kennst sie nicht.
652 3211 2593 3401 O ste ist schön! Wett schöner als sie Dir
637 3334 2412 3536 Die kühnsten Deiner Träume— scheinbar
634 3530 2385 3732 Die Wahrheit überfliegend- vorgemalt.
