3624 4712
446 207 3252 629 Und will ihn halten - und will glücklich sein.
346 517 3371 800 Auf! Weg von diesen Stufen! Wandeln will ich
382 685 3172 888 in ganzen Raum. Da hör ich von der Straße
318 836 3013 1130 Ein dumpfes Rädervollen. Wie? Noch immer
322 1043 2917 1238 Nicht stille auf der Straßen? Retis Wechseln,
1883 1186 3104 1413 O glückselg'es Leben...
330 1206 1811 1417 Nie rastend Treiben!
314 1345 2953 1596 Qlud ich gefangen! O könnt ich das fenster
283 1508 2738 1735 Das hohe öffnen, Straß und Menschen sehn
239 1707 3053 1926 Und sein wie sie! Doch oben läßt des Fensters
227 1839 3001 2093 Durchsichtges Glas die Augen weiter schweifen
247 2018 3088 2265 Und wehrt den sehnsuchtsvollen Blicken nicht.
322 2181 3459 2384 Nach neuer Freiheit läßt mich dies - Ha! - Wie!
350 2336 2846 2547 Ja, ja! es ist ein Weib - dort oben — bloß
306 2488 3144 2742 Und weiß der Busen-Hin mein Licht! erlisch!
334 2679 2905 2901 Sie soll nicht ahnen, daß ein menschlich Auge
358 2806 2921 3069 Ein so begehrlich Menschenaug sie sieht.
334 2977 3459 3216 Ganz einsam glaubt sie sich. Ich welch ein Anlitz.
291 3152 3096 3419 Beim Fenster steht sie – neben ihr hell leuchtend
310 3359 3132 3538 die Lichter im vielaringen Leuchter - strahlt
283 3471 2038 3733 Auf sie noch heller! Heller!
382 3646 3156 3940 himmlische Gestalt! Sie tritt zum Spiegel
314 3805 2977 4064 O wären's zehn, daß ich sie gehrmal sähe!
322 3988 3522 4259 doch nein, — nicht so; ist % denn der Formen Anblick
