7448 4840
163 572 2678 982 Ich habe Er auch eine Blume gebracht (Gibt sie ihm)
159 773 3455 1157 Surgling (kusst der Blume) O wenn sie immer frisch blühend blieb!
184 1019 1947 1354 Wie dank ich dir, süßholdes lieb.
171 1199 2607 1516 Reich etwa Hand nur - ich will sie drucken,
188 1370 2285 1658 Am Herz sie grossen in Entzücken¬
163 1562 1805 1809 Mädchen Wielieb ich dich doch!
142 1684 3242 2009 Jurgling (hinter einer Stule stehen bleibend) Da ist's seträulich.
201 1884 2306 2210 Wir lassen die andere dort beschaulich
180 2051 1976 2352 Ins trockene Gebetbuch sese¬
205 2227 2410 2544 Und soll die Zeit viel süßen vergehe.
201 2415 3555 2690 Hier ist der Schatten so dunkel- und groß- (Unarmt und küsst sie)
196 2569 2335 2887 Mein süstes lieb, ich lass' Dich nicht los¬
238 2766 2423 3025 Bevor du den Ruß mir wiedergiebst.
209 2924 3434 3229 Mädchen (siehtsich schau um und küsst ihn dann herzinnig)
196 3096 2862 3375 Lüngling nur sich ich nicht, daß du mich liebst.
192 3238 3522 3522 Matthlag. Ach Gott, nun wieder mit einem Mal soll!
259 3417 2740 3735 Lüngling der süste Kufs verging so schnell
234 3576 3025 3893 Mädchen. Aufs nun zu rück zu Großmutterlein
242 3776 2895 4106 Füngling Meinsichter lieb, muß es dem sein
267 3898 3584 4169 Mädchen. Ich will aber immer zu ihr müßenden
192 4115 2293 4466 Itzt Und ich der Blick auf Blicke senden.
3772 447 5848 685 Mädchen. Bleib immer beichenes Säule stehen
4850 551 5640 735 (mitzärthisamblick.)
3789 622 5757 873 dort biß du mir noch und sich kann dich sehen.
3902 769 5903 1053 Jüngling sicht ihr entzückt nach
4863 923 6768 1216 Die Ersten Orgeltöne erkiegen.
4708 1170 7152 1554 Fegidiusbesteigt die Konzel und
4804 1483 5264 1717 spricht
3781 1508 5953 1830 Meine geliebten Anlächtigen!
4040 1763 7189 2005 Die erleuchtende Hilfe Gottes rufe ich an, auf das
3835 1988 7148 2277 ich Euer Herz überzeugen und all Euren Glauben zum
3835 2156 6546 2406 Wahren und Guten hinleiten möge. Amen.
3918 2335 7077 2540 Über ein Wort will ich heute reden, das viele
3873 2494 7231 2728 im Munde führen, viele hören und wenige verstehn¬
3835 2694 7031 2887 Liebe, andächtige Zuhörer! Ihr alle kennet das
3873 2837 7047 3129 Wert Freiheit, Ihr habt es selbst oft gehört und
3877 3033 6976 3288 selbst oft ausgesprochen, und ist ein Unsinniger
3856 3196 7206 3434 unter Euch, so hat er zur selben Zeit wohl auch gedacht
3877 3371 7006 3655 dass Freiheit nichts anderes heiße als Frei seint
3927 3563 7206 3806 Doch nur ein Unsinniger, ein Thor hat solches ge¬
3864 3676 7073 4002 dacht. Es ist nicht so, meine Lieben, und heute wohl
3847 3902 7123 4136 ich Euch durch stille, leidenschaftslose Betrachtung
3831 4069 7181 4328 des irdischen Seins erweisen, was der menschliche
