7336 4824
323 482 2442 961 Ich bin gewiss, daß wir Angidus
215 801 2507 1068 Am irgend einem Seitenaltor finden
233 965 2916 1279 Und ihn dort betan sehn. Er ist sehr fromm
185 1163 2119 1473 Und gottesfürchtig. aber kommt.
185 1344 1878 1645 Severin. Last mich das Licht¬
172 1542 1163 1809 Das Licht und
202 1641 3218 1986 Augustin (bläst es aus) bald ist Tag. Was pittert
220 1904 1275 2162 Ihr dem schreweider
1090 1913 2679 2322 Oh mein lieber Bruder!
207 2059 698 2244 Severin
215 2180 3545 2477 Augustin beim heil'gen Gott! Was ist einander fahren?
190 2356 3002 2675 Ihr seid so blos mit einem Mal, und das
198 2554 1745 2860 Seid ihr gewöhnlich nicht
1404 2705 2529 2964 Da blafé - so evin
228 2796 728 2929 Leverin
233 2873 2890 3200 Ihr sacht ihn gestern nicht - den - den wir suchen
202 3037 2662 3334 Augustin Wasneut ihr seinen Namen nicht?
2287 3222 2705 3493 Cwan
237 3295 681 3463 Leverin
246 3386 2473 3687 Sablass, als ich ihn gestern sah, und stier
237 3558 2503 3860 hielt er die Blicke in die Luft gerichtet
215 3752 1490 4040 Augustin Angisius
1335 3916 3041 4178 Taja Und da ihr wiss ja¬
276 3967 694 4191 Leverin
250 4071 3179 4381 Augustin Jaja - ich weiß es. Als ihr unsern Bruder
3657 560 5234 840 So blaß zu sehen g laubtet und
5109 702 5949 973 Nicht glaubtet
3683 797 4079 943 Liverin
3709 874 6332 1193 Erwars! Das schäbe ich auch. Er war sehr bloß
3666 1077 5979 1370 Und seine Augen für und glösern
5371 1223 5936 1460 And
3661 1262 4355 1482 Augustin
3674 1404 5781 1723 da fürchtet ihr, mein Bänder Severin,
3666 1577 6681 1874 Daß er - (sieht ihn lachm an) vom Teufel ist besessen
3670 1788 4880 2055 Severin Hill still!
3704 1969 4721 2253 Augustin Ah.
3679 2115 6086 2404 Liverin (erschrocken) Was habt ihr etwa?
5570 2274 6366 2494 Da liegt er,
3709 2292 5415 2602 Augustin (auf Aegidimme) sind)
3687 2460 6108 2761 Der schon benach des Satans beute ward.
3717 2619 7181 2903 Leverin (salbaug voll) Ich dank dir, Jesu Christ! Zum Gott selber
3713 2804 6078 3101 Getrau ich mich noch gar nicht zu erheben.
4523 2955 7198 3226 uf, sieht müde vor sich hin und sie kt dann wieder
3713 3011 4338 3261 Regidius
3709 3196 5203 3450 zurück/ Ich bin noch müd.
3692 3312 6173 3648 Augustin. Nacht auf, mein lieber Bruder.
3735 3506 4949 3786 Man sucht nach auch
4674 3657 7176 3890 Wie — was? Ihr, bruder längestin? Gut Morgen
3717 3696 4286 3976 degidius
3717 3812 6138 4118 Severin (sehr furchtsam) Gut Morgen, Bruder
5027 4006 6220 4290 Gots zum Greifs
3730 4066 4811 4295 tegirtus (mechanisch)
