3336 4072
2799 375 2972 526 140
535 744 2886 987 ihren hochatmenden Busen drüchen und mich unwallen
529 941 2876 1086 lassen vom himmlisch betäubenden Rausch der Liebe.
517 1015 2932 1258 Dann mag um mich rings die Verwesung weiterarbeiten
535 1200 2901 1397 am Zerfall der Welt. Nur eines ist wahr, der Augen
541 1403 2833 1581 blick. Geniesset ihn, gentesset! Hallo ihr Leute,
538 1550 2972 1680 nächst achtbare Männer und höchst schöne Jungfrauen!
541 1664 2941 1840 Ich war heute so wentg lustig und habe so wenig mit
535 1837 2984 2049 Euch gesprochen, dass ich Euch doch zum Abschied ein
563 2009 2842 2132 versöhendes Wort sagen muss. Und das Wort heisst:
548 2104 2867 2295 Ihr habt recht. Hahahaha... ist Euchndas nicht ver
563 2292 2953 2449 söhnend genug, dass Ihr recht habt und dass ihr die
554 2433 2972 2630 vernünftigsten Leute seid, die ich je gesehn? Haha.
560 2569 2852 2815 ( trinkt ) Auf mein Glück! Und auf Eure Vernunft!
554 2692 2833 2929 Ich wollte, alle könnten so vernünftig sein. Und
566 2895 3036 3039 nun hört meine Prophezethung: Es wird ein Tag kommen.
572 3024 2950 3221 da alle Menschen so vernünftig sein werden wie Ihr.
560 3199 2916 3381 Und am Tage darauf, hahaha... das wird ein lustiger
