3400 4168
2483 443 2660 599 191.
1092 929 1887 1114 Ufer des Stromes
406 1103 1945 1301 Später Abend. Wind.— Eine Brücke.
375 1256 1676 1480 Abt Hilarius kommt langsam.
1145 1370 1596 1546 Hilartus.
406 1496 2359 1776 Mögt heut ein wenig länger warten, Mönche¬
462 1662 2306 1881 's ist sonderbares in die Welt gekommen,
441 1850 1309 2061 Verzieht, verzieht.
546 1982 2029 2224 Flockentöne vom Kloster herüber.)
417 2045 557 2304 m
433 2193 1538 2399 Die Abendmess beginnt..
451 2327 2364 2502 Das erste Mal ists, das ich sie versäume¬
467 2428 2304 2662 Ob etnes..Wahns.-In mir ost sonder bares
470 2554 2541 2874 Und hat mein Herz gerührt.. die Welt ist alt
480 2739 2486 2979 Und ändert nicht ihr Ansehn! Ja, ich fühls,
515 2900 1969 3145 (auf seine Brust deutend ) Dxx
483 3056 2486 3243 Da drin lag was begraben, scheintot lag es
501 3151 2504 3393 Und lebte doch! Ich aber will nichts hören,
499 3317 2594 3599 Von dannen will ich gehn, zur Ruh mich legen,
588 3473 2718 3781 geht über die Brücke, lehnt sich ans Geländer
