7256 4920
4599 420 5123 911 Kirche
3779 878 6940 1294 Morgen Dörmerung. Ungadnes auf d. Hufen d. Altarschlimmernd.
3792 1187 6969 1504 Bruder Augustin und Bruder Darin kommen, ohne ihr
3783 1385 4579 1628 zu bemerken.
3738 1533 6013 1834 Severin (mit einem Licht) Das war heut Nacht?
4719 1719 6652 2007 Heut morgens, wenn ist wollt
3709 1735 4265 2032 Augustin
3734 1888 6310 2160 Es war eine Stand nach Mitternacht. Wir stande
3709 2065 5959 2333 Beim Fenster beide und begrußten uns
3709 2225 6866 2518 Severin (kopfschütteler) Und jetzt ist er verschwante. Wie, ihr lacht?
3709 2415 6545 2712 Augustin. Ich lache, weil das Licht in euere Händen
3754 2584 5959 2848 Bemahr zittert. Stelltesweg. Es stört
3763 2741 6367 3066 Uns mehr, als es uns hilft. Mas sehl ehr mich
3713 2930 4999 3223 Denn so erschrocken an?
4735 3004 5893 3388 Saht ihr Aegidius
3721 3112 4138 3313 Leverin
3734 3268 5209 3520 Im Lauf des letzten Tags?
3750 3305 7064 3742 Augustin (nach einigem Nachsinnen) Ich bin sie flüchtig auf dem Gang
6318 3602 6944 3907 begegnet.
3812 3660 6017 4084 doch läßt uns endlich weiter, lieber Bruder.
