7160 4840
362 516 3367 757 Und lustig brennt es fort. Wie kames nur?
379 556 3572 963 Has ich ein Weib gesehn, das in der Brust des Monches
322 834 3101 1100 Jus Leben diese Plammen rief? Ein Weib
371 995 3065 1277 Nein, nein — es kam allein — Ein dämon lag
342 1164 2940 1426 de dieser heilgen Zelle Raum verborgen
330 1317 3294 1603 Und schlief – Und plötzlich macht er auf.. Wahrhaftig
375 1494 3133 1760 Vernehmbar war sein Gruß. Doch seine Worte
371 1671 2896 1889 Sind nicht gar mannigfaltig, stets dasselbe
383 1833 3282 2098 Noch nichts genossen! - Mitleidswürdiger Mönch!
383 1998 3137 2267 Und ewig so? O mitleidwürdiger Mönch!
729 2139 3186 2352 Da draußen um die Mauern dieses Klosters
318 2352 3186 2513 Rauscht wechselvoll die Welt. Du kennst sie nicht.
318 2485 2618 2719 Oh sie ist schön! Weit schöner als sie dir
346 2622 3005 2855 Die kühesten deiner Träume-scheinbarweit
334 2791 2686 3085 die Wahrheit überfliegend – vorgemalt.
358 2932 3580 3186 Du traumtest lang nicht schön genug heraus, hinaus!
310 3141 3210 3359 Dein Leben jetzt gleich dumpfer Sommerschwele
346 3299 2988 3540 Erfrischen wird des Lebens Wellentreiben
419 3452 3423 3733 Das malte Herz, O Dämon! Dänion! dauern!
427 3617 3335 3911 Noch nichts genossen! Fünf und zwanzig Jahre!
358 3798 3234 4064 Rasch schwinden sie die kurzen Menschentage
419 3951 1925 4213 Und - du bist Jungling!
427 4060 3633 4406 Der kurze Schlummer einer Nacht - zum Marme ward
3677 354 6339 709 der Jügling – wieder eine Zeit - da sind
3693 592 6311 842 die Haare grau — und wieder eine Zeit¬
3689 769 6448 1023 da sind sie weiss, der Körper müd’, die Seele
3681 926 6243 1176 dahin und schlaff — das ganze Weiterleben
3717 1087 6516 1398 Ein Todeswarten. Auf das Fenster! Luft!
3754 1240 6843 1539 Ah -! - Diese Luft kömmt aus der Welt. Sie weht
3786 1422 6549 1696 Rings in der Menschen flutendes Bewegung
3717 1615 6275 1861 Und hat gesehn, wie Sterbliche genießen.
3774 1764 6440 2014 Mit ihr dringt Menschenleben in mein Herz
3754 1937 6484 2207 Und Weltlust, Sehnsucht, - Unbefriedigung -
3729 2090 6968 2380 Zu viel, zuviel. - es will mein Herz zersprengen.
4036 2247 6835 2513 Da liegt der Klosterhof! Dort drüben brennt
3774 2416 6553 2686 An manchem Fenster Licht. — Mer grübelt dort
3717 2598 6734 2795 Beim matten Schein? Es ist Bruder Augustin.
3762 2735 6851 3037 Wie still er rüht. Er blickt ins Buch und lernt.
3746 2916 6847 3178 Was lernst du, armer thoe!- Vergangnes? Ha¬
3738 3093 6899 3323 Was nützt es dich! Wirfs weg - auch in die Ecke,
3754 3254 6794 3476 daß aus den Blättern grauer Staubfliegt. Doch
3733 3435 6259 3709 Er lernt und grübelt weiter über altem,
3717 3584 6235 3846 Annützen, unfruchtbarem Moder¬ Oh¬
4559 3762 4845 3870 dieser
3729 3746 5904 4056 Ein Zug von gegenwärtigen Luft
3685 3935 6069 4217 Wiegt eine ganze Weltgeschichte auf
3766 4096 5397 4386 Von hingegangner Zeit!
