3368 4120
2826 431 2956 579 72
1248 776 1796 949 Erstes G.
665 949 2134 1130 Und keine Menschen gäb es auch.
1369 1087 1973 1255 Zwettes G.
679 1244 2163 1407 Ja, ja toh weiss in Detnem Hirn
686 1394 2324 1541 Ist noch das Schlüssebilden Brauch.
686 1537 2200 1687 Die Logik ist doch auch ne Dirn!
690 1702 2515 1857 Sie sieht zwar höchlichst ehrbar drein,
695 1825 2347 2000 Doch nimm sie fester um die Hüften,
704 1977 2172 2177 Tu thren Schleter etwas lüften,
706 2134 2311 2290 Dann wirst Du andrer Anstcht sein.
711 2300 2393 2452 Es gibt nur einen einzgen "Schluss",
713 2454 2447 2651 Dass jeder Mensch einst sterben muss.
1296 2733 2268 2917 * * * *... * *
