3368 4120
2712 395 2849 513 84
591 821 2833 1073 Es ist ein Kind geboren worden, meine teuern An
613 995 2951 1197 dächtigen und es wuchs auf und es ward gross. Und
619 1166 2945 1400 eines Tages, da dieser Mensch in harter Bedrängnts
613 1322 2951 1502 war und zerfallen mit sich selbst und der Welt, da
616 1465 2951 1655 fasst der Ruchlose den Gedanken sich zu nehmen was
619 1623 2721 1782 des Herren ist und will sich selbst ermorden.
619 1770 2964 1941 Es ist keiner da, der ihm sagt: begeh die Totsünde
622 1878 2961 2130 nicht - im Jenseits wird das Verbrechen ge-
631 2068 2836 2273 sühnt, das Du Aienieden durch sündlichen Selbst
625 2205 2992 2398 mord begehst. Und wär ein solcher da, der den Frev
625 2388 2961 2581 ler warnte, da würde der Tor erwidern: Ein Verbre
634 2525 3026 2721 chen ist der Selbstmord? Weshalb? Ists meine Schuld
631 2665 2958 2867 dass ich zur Welt kam? Meine Eltern haben mich ge
644 2839 2948 3017 zeugt und ich bin da. Wenns mir nun auf dieser Er
647 2958 2954 3144 de nicht gefällt, was verpflichtet mich hienteden
653 3122 3119 3325 weiter zu leben? Ich finde in diesem Erdensein keine
641 3340 905 3499 Sinn.
628 3409 3129 3648 Ruchloser, Du wagst es im Leben einen Sinn zu suchen?
