7368 4728
5004 125 5319 335 7/7
230 319 1276 666 des Teufels.
3772 392 6494 759 So muß ich ja selbst wenn ich nicht so wollte.
206 574 876 812 Aegionis
1066 545 2835 889 Sagt Am Abt, mein Bruder,
3760 618 6426 937 Mich in den Prinzen tiefer Ehrfurcht halten,
218 775 2859 1115 daß ich heut Abend gerne pred'gen will
3768 812 6494 1099 Weiß ich auch nicht, wovor ich sie empfindt.
202 961 1624 1244 Augustin. Wie? was?
3760 985 6615 1284 Oh doch! Die Ehrfurcht davor, was uns Eesselt.
198 1119 3134 1365 Leverin O’Ichus, steh mir bei! Mich schaudert.
3780 1175 6462 1462 Ein andres wäres, wenn ich von Befreiung
198 1317 3271 1640 Regulis. Mein Thema heißt: des künschen Freiheit.
3792 1329 7023 1628 der Menschheitspräch. Ich weiss, Sist ein Verbrechen,
230 1458 880 1712 Augustin
2670 1559 3130 1797 Wie?
3756 1498 6418 1781 Gefangenen zur Flucht zu rathen; darum
258 1628 2847 1918 Wollt ihr in dieser Kirche heiligen Räumen
3809 1668 6838 1939 Sprechich von Freiheit nur. Das Feld ist eng!
258 1793 2827 2076 Ein Bedinger gottverhafter Lehren sein
3768 1830 6886 2132 Nicht wahr, bist eng genug! Nun, lieber Bruck,
202 1935 3384 2274 Oft fragt ich mich im Geist. Wie mag wohl Antlitz
3768 2015 6825 2298 Sagt das dem Abt. Ich will auf meine Zelle
234 2100 2912 2431 Und Wesen und Gestalt desjengen sein,
3748 2173 6107 2484 Und dort ein wenig drüber denken,
238 2306 2657 2585 der unters Volk Unglauben sänte,
5739 2355 6123 2617 Ihr
3736 2367 4394 2621 Augustin
267 2492 2633 2722 Todwerte bösen Thums verfluchten Reim,
3760 2512 6486 2827 Könte wirs nicht übel nehmen, wenn ich auch
182 2666 3049 2952 Und jetzt gebiert sich plötzlich mir die Antwort
3732 2694 4495 2912 Nochmals.
190 2831 2746 3134 Euch, o Angidus, gleicht der Unglückselige,
3780 2868 7027 3154 Aigidius. Ich weiss ich weiss. Seid ganz versichert,
182 2985 2698 3284 So ist er mir im Anken stets erschienen.
3748 3033 6401 3336 daß meine Predigt nicht nur die Gemeine,
186 3162 711 3364 Aud ihr
3768 3211 6765 3421 Nun auch mein eignes Tures läutern wieder
158 3211 3146 3578 Regidius: Ich bittetut, hört mich an, mein Bruder
3809 3389 6636 3647 Ich fühl 6; sie wir mir selbst zum Heile sein.
137 3473 3271 3792 Mein Thema heißt. Der Menschen Freiheit. Nicht?
3809 3546 6854 3841 Und wolltet ihr den Weg zu meiner Rettung,
141 3631 3300 3954 des Menschen Freiheit sagt ich; nicht der Menschen
3772 3716 7003 3974 Augustin. Gott sei davor! Geht nur und
170 3792 2997 4128 Befreiung. Wenn ich von dem erstere spreche,
5533 3873 6664 4172 betet fleißig
