3352 4088
2644 423 2781 572 56
1259 749 1647 858 Alexius.
516 867 2787 1025 Ach ja die Welt! Wir haben eben von der Welt ge
522 1038 2921 1218 sprochen würdiger Bruder Bastltus. Ich und Barnabas.
525 1168 2822 1358 Und da begannen wtr uns wieder sehr zu sehen nach
516 1339 1824 1526 dem schönen Leben dort oben.
1255 1492 1687 1666 Basilius.
503 1622 3002 1840 Nach dem schönen Leben? Janohl, wenn es von der Kunst
516 1809 1184 2004 verklärt wird.
1429 1973 1619 2110 ctus
1237 1967 1411 2122 Alé
503 2085 2902 2281 Hm, so... das war wohl so halb und halb metaphorisch
516 2265 1032 2430 gesprochen.
1246 2399 1675 2573 Basil tus
503 2542 2787 2741 Wie Ihre nehmt, lteber Bruder. Doch wenn Ihrs nur
503 2716 2890 2887 richtig empfindet, bleibt sichs ja gleich. Ich habs
503 2896 2787 3045 nte verstanden so recht mit Worten umzugehen. Das
479 3030 2899 3207 Reich der Musik ist die Wohnung meiner Gefühle, mei
497 3179 2825 3337 ner Gedanken und in der Heimat fühl ich mich wohl
491 3319 2781 3502 Doch rasch noch ein Glas, lieber Bruder, ich muss
