3368 4104
2641 372 2776 561 52
429 713 2624 915 dreissig Jahren plötzlich ein, fromm zu werden.
1148 882 1554 1057 Alexius.
409 986 2878 1182 Ach, ich habe so viel genossen, dass ich beim besten
429 1186 2111 1381 Willen nichts mehr gentessen konnte.
1158 1337 1628 1520 Barnabas.
432 1493 2780 1635 Und da kamst Du freiwillig ins Kloster alter Narre
436 1635 2820 1837 und betestest zwanzig Jahre so inbrünstig, dass ich
419 1760 2976 1935 Dich nicht wieder erkannt hätte und plötzlich vor zwei
432 1925 3144 2067 Jahren, da beganne in Deinen Ideen wieder locher zu werden
439 2104 2898 2256 und weg war der zwanzigjährige Nebel. Nun trinkst Du
429 2239 2881 2428 wenigstens. Und lieben könnten wir ja da droben doch
432 2449 2962 2553 nicht mehr. (trinkt ihm zu ) Auf das Wohl der Wetber,
439 2560 1739 2749 die wir vor zeiten liebten.,
1155 2709 1540 2881 Alexius
412 2840 1692 3050 Auf das Wohl ihrer Töchter.
1165 3009 1571 3182 Barnabas
1733 3101 2813 3354 stellt das Glas nieder.
480 3144 1692 3266 sieht ihn an, wird ernst,
973 3253 1574 3344 mmme étrangée.
429 3313 1378 3536 Wir sind alt Bruder.
1155 3482 1564 3654 Alexius.
432 3584 2817 3779 Freu Dich Barnabas, herzlieber Kellermeister, freu
