3304 4088
2810 327 2999 512 165
506 651 2252 901 Kein Neigen ohne Hoffnung auf Gewähr,
506 873 2422 1077 Nein, da ist wahre Leidenschaft und Glut,
509 1033 2298 1222 Ein rückhaltlos Hingeben seiner Liebe,
506 1166 2382 1370 Ein freudiges Verschenken seiner Selbst,
515 1302 2996 1515 Ein unbeschreiblich sel'ges Glück, - doch nein es ist
512 1481 2761 1675 Das Glück selbst - denn die Liebe nur ist Glüok.
521 1610 2959 1820 Wer mag also töricht sein und sagen: auch ohne Sonne
524 1780 1762 1984 Strahlt es hell auf Erden?
524 1832 2459 2132 Verlter ich sie, die ich unendlich liebe,
524 2089 2656 2277 So schleppt sich müd mein Leben und erblindet
521 2181 2258 2366 Die kahle Strecke seiner Tage wetter.
528 2314 2965 2585 Im Dunkeln taatet es stok milhsam fort. - und wartet,
524 2564 1731 2752 Dass es Ende. O Geliebte,
524 2576 2594 2884 Die Licht und Lieb glückselig glänzen lässt,
528 2807 2317 3042 Mein Alles und mein Einziger zugleich,
528 2989 2739 3190 Nichts gleicht auf dieser Welt Dir, Engelsüsse!
534 3184 2462 3323 Der Abend wars, an dem ich Dich verliess,
528 3282 2385 3464 Da fand mich Leonhard der Sternenkundgé
2718 3372 2798 3474 4.
528 3477 2459 3582 Auf seines Turmes Stufen. Wie ich hinkam,
