7416 4856
398 376 2731 707 Wahr daß der Mensch vergebens strebt,
447 584 2460 874 Wahr ist, daß Könige regierten,
409 755 2352 1023 Wahr ist es, daß ein jeder starb,
428 901 2657 1221 Dass manche still das Szepter führten
435 1109 2787 1373 Ein andrer Ruhm sich kühe erwarb,
514 1247 2694 1555 doch unwahr ists, daß über allen
536 1414 2661 1682 Gerechtigkeit und Vorsicht thront¬
547 1626 2690 1916 Nein, wie des Zufall Lose fallen
525 1782 2631 2058 So wird bestraft und so belohnt:
476 1954 2731 2266 Die Namen andere sich auf Erden,
495 2117 2400 2441 Sonst aber bleibt sich alles gleich,
476 2281 2776 2575 Ein ewiges Vergehe und Werden
465 2478 2754 2761 Das ist der Kern im Weltenreich¬
517 2668 2884 2932 „Ihr könnt mein Walter nicht erfassen:
554 2836 2810 3133 „doch ist es heilsam.“ so spricht Gott!
595 3014 2914 3327 Und dies kamst du dir sagen lassen
573 3193 3044 3453 Und sieht nicht klar! 6 ist Hohn und Spott¬
577 3319 2776 3610 Nun freilich dieses Gottes Walter
595 3491 2575 3785 Höchst unfasüber auf auf es dich.
588 3677 2806 3982 Die wirst des Regeln nicht gestalten
599 3822 2955 4164 denn – blinder Zufall nennt er sich.
398 4019 3037 4313 Zweites Genie. Es sei nun, was es immer sei
536 4179 2735 4492 Mit meinem Glauben ist's vorbei.
3881 502 6229 834 Die Tage gehe, die Monde schwünken,
3900 696 5600 956 Nas ist die ganze Philosophie,
3945 893 6166 1142 die ich im Menschensein konnt finden,
3896 1035 6382 1351 Und weiter kommt das Forschen nie
3907 1206 5969 1492 Drum ließ ich auch das Jörschen sein,
3933 1384 6036 1630 denn die Befriedigung ist klein,
3982 1544 6237 1823 Groß sind die Mühen nur und Plagen
3788 1779 6788 2006 Erstes Geme. Und doch, thos das ein jeder sagen
4045 1913 6486 2151 Wie stünd’ es dann wohl um die Welt?
3803 2073 6486 2333 Zweites G. Am besten wär es da bestellt.
4078 2263 6319 2534 Wenn jeder die Gedanken wehrte
4090 2400 6676 2717 Dann geb’ es nichts, was man begehrte
3803 2560 6642 2850 Erstes G. Und keine Menschen gab es auch.
3796 2824 6646 3044 Zweites G. J a, ja, ich weiss in deinem Herr
4026 2910 6170 3197 Ist noch das Schlüssebilden Brauch.
4056 3107 5921 3349 Die Logik ist doch auch an die
4045 3290 6464 3580 Sie zu echt zwar höchlichst ehrbar drein
4034 3457 6348 3744 doch nimm sie fester um die Häften,
4034 3595 5932 3892 thu ihren Schleier etw es lüsten
4019 3788 6069 4060 Dann wirst du andren Ansicht sein
4026 3945 6140 4239 Er giebt nur einen einzigen Schluß
4060 4112 6501 4458 Dass jeder Mensch einst sterben muss.
