7480 4920
3745 371 3978 690 A
3715 488 6693 919 Mädchen. Da kommt er! — Oderft ich nur hin geschwind,
298 621 3413 1031 Mütterchen.  Ich habe sie Jugend, o Jugnad, wie bist des
3707 790 5955 1087 In einer Umennung ihm alles sagen.
2576 816 3232 1113 beglückt!
3732 954 5998 1273 Er hat mich erblickt - er naht sich mir
211 1044 2762 1364 Noch fühl' ich mit dir, und die meine ist ferne.
3737 1100 6576 1433 (Hiezuchen) Sft, pst, gst! Großmutter ist hier!
259 1238 2339 1528 doch jezt sei still und betr mit mir
3720 1325 7184 1575 Lüngling (as eine Saule gelehnt sieht hie mit heißem tretes blick an)
250 1394 2343 1666 Heilige Marie- (nurmeltweiter)
3707 1484 6002 1778 Mädchen. Auch ich will beten, Großmutterlein
194 1562 2706 1864 Mädchen (sieht sich um) Er ist noch nicht hier¬
3724 1648 6054 1955 Ich will zum Restner und ihn bitten,
194 1730 2313 2032 Und hat mir doch versprochen zu kommen.
3767 1825 5804 2110 Er möge nur ein Gebettuch leihe.
211 1899 2464 2222 Ich hab ihn gleich beim Wort genommen.
3659 1968 6736 2296 Mütterchen. Ja bitt ihn! Doch geh mit leisen Schritten,
237 2071 2831 2365 Und da- hat er mir eine Nelke gegeben.
3784 2166 6037 2451 Undstör in seiner Andacht keinen
224 2235 2520 2546 die Nelke, die lieb ich wie mein Leben¬
3754 2330 6693 2649 Mädchen. Großmutterchen, wie könte ihr das meinen!
268 2416 2360 2718 Und muß sie doch verwelken lassen.
3754 2498 7055 2796 Eilt zum Geliebten; sie eilen beide in ein Seitenschiff
285 2567 2995 2891 Ach, - es will sich auf Erde nicht anders passen.
3754 2693 6429 2977 der Kirche, der Jungling fasst die Hände des Mäthers)
276 2723 2632 2990 dum will ich mich freue des Augenblicks,
3750 2882 5122 3159 Frugling Sichsholder lieb!
268 2930 2455 3241 Der süster Küsse, des Liebeschücks.
4850 3051 6084 3310 Siehtsie uns nicht?
3728 3046 4255 3271 Mäschen
1994 3120 2421 3314 Ämen.
285 3150 807 3331 Mülterchen.
3780 3189 6520 3469 Tüngling Otheures Mäschen. Das matte Licht,
276 3193 2304 3599 Und nun das zweite - ein Dankgebet.
3720 3353 5821 3650 das dortem Seitenaltar schimmert,
246 3435 2628 3750 doch wie? Das ist nicht an dieser Stelle-?
3754 3530 5924 3827 Das irrt das Auge nur und flumert.
280 3616 2598 3888 Mädchen Ich will euch zeigen, vors steht.
3814 3702 5040 3970 Aädchen des liebster!
276 3789 3348 4017 Müttachen. Wie blätterst du doch so hastig und schnelle.
4570 3884 5338 4198 Geliette!
3784 3896 4293 4190 Jüngling
268 3931 2606 4255 Mich denkt, hier hast du es überschlagen
4928 4030 6119 4337 Kost pft nur sacht!
3836 4091 4406 4362 Auschen
268 4117 3547 4380 Hierists ja (Betut) „Aufeiliges Insukind (kunnelt weiter)
