3352 4136
2753 398 2897 594 74
598 766 2094 915 Würd er doch niemanden genieren.
603 901 2121 1074 Der Abt des Klosters ist ein Tor
592 1055 2415 1241 Mir scheint, er liebt nicht den Komfort.
601 1216 2196 1367 Doch muss die Messe bald beginnen,
601 1379 2243 1544 — Auch füllt es mählig sich herinnen.
596 1523 2466 1672 Ach Mädchen, hilbsche Müdchen sah ich....
612 1665 2291 1821 So mein Monocle — so, jetzt geh ich.
1488 1807 2420 2007 (schnüffelt weiter
1479 2180 2231 2275 * * * * • * * » *
