<?xml version="1.0" encoding="UTF-8" standalone="yes"?>
<PcGts xmlns="http://schema.primaresearch.org/PAGE/gts/pagecontent/2013-07-15" xmlns:xsi="http://www.w3.org/2001/XMLSchema-instance" xsi:schemaLocation="http://schema.primaresearch.org/PAGE/gts/pagecontent/2013-07-15 http://schema.primaresearch.org/PAGE/gts/pagecontent/2013-07-15/pagecontent.xsd">
    <Metadata>
        <Creator>prov=READ-COOP:name=TrHtr:version=2.1.0:model_id=51170:date=28_07_2023_11:36</Creator>
        <Created>2023-05-10T11:24:33.390+02:00</Created>
        <LastChange>2023-07-28T11:36:54.160+02:00</LastChange>
        <TranskribusMetadata docId="1428155" pageId="55387264" pageNr="146" tsid="131342762" status="IN_PROGRESS" userId="64420" imgUrl="https://files.transkribus.eu/Get?id=UUPQFOEVRKOBOICYYKSQMFLL&amp;fileType=view" xmlUrl="https://files.transkribus.eu/Get?id=ZTGSVBTRFFNCIVUXZACETBIL" imageId="44662161"/>
    </Metadata>
    <Page imageFilename="1428155_0146.jpg" imageWidth="3336" imageHeight="4088">
        <ReadingOrder>
            <OrderedGroup id="ro_1711820538308" caption="Regions reading order">
                <RegionRefIndexed index="0" regionRef="tr_1"/>
                <RegionRefIndexed index="1" regionRef="tr_2"/>
            </OrderedGroup>
        </ReadingOrder>
        <TextRegion id="tr_1" custom="readingOrder {index:0;}">
            <Coords points="665,376 3046,376 3046,1833 665,1833"/>
            <TextLine id="tr_1_tl_1" custom="readingOrder {index:0;}">
                <Coords points="2770,504 2798,501 2808,510 2845,504 2851,513 2883,507 2898,526 2923,526 2939,307 2917,304 2908,313 2886,307 2873,316 2845,297 2833,310 2804,288 2783,288"/>
                <Baseline points="2789,435 2804,435 2849,435 2894,432 2939,426"/>
                <TextEquiv>
                    <Unicode>137.</Unicode>
                </TextEquiv>
            </TextLine>
            <TextLine id="tr_1_tl_2" custom="readingOrder {index:1;}">
                <Coords points="1324,798 1383,814 1546,801 1593,823 1750,808 1759,639 1643,645 1552,704 1527,682 1465,711 1427,692 1327,711"/>
                <Baseline points="1342,784 1357,784 1402,775 1447,772 1491,769 1536,763 1581,760 1626,760 1671,760 1715,760 1760,763"/>
                <TextEquiv>
                    <Unicode>Aegidius</Unicode>
                </TextEquiv>
            </TextLine>
            <TextLine id="tr_1_tl_3" custom="readingOrder {index:2;}">
                <Coords points="660,939 2970,923 3030,801 2188,701 1603,826 1246,748 664,808"/>
                <Baseline points="677,933 707,930 751,930 796,933 841,933 886,933 930,933 975,933 1020,930 1065,930 1110,928 1154,925 1199,925 1244,922 1289,922 1333,919 1378,916 1423,916 1468,913 1512,913 1557,910 1602,910 1647,910 1691,910 1736,910 1781,910 1826,910 1870,907 1915,907 1960,910 2005,907 2049,904 2094,904 2139,904 2184,901 2229,901 2273,898 2318,898 2363,898 2408,901 2452,898 2497,898 2542,895 2587,898 2631,895 2676,892 2721,892 2766,892 2810,889 2855,889 2900,889 2945,889 2989,889 3034,892"/>
                <TextEquiv>
                    <Unicode>O weh, was machst Du mit mir. Und denk, o Benedikt,</Unicode>
                </TextEquiv>
            </TextLine>
            <TextLine id="tr_1_tl_4" custom="readingOrder {index:3;}">
                <Coords points="654,1121 2952,1052 2995,926 657,942"/>
                <Baseline points="671,1080 674,1083 719,1083 763,1083 808,1083 853,1083 898,1086 942,1083 987,1086 1032,1083 1077,1080 1121,1077 1166,1077 1211,1074 1256,1074 1300,1071 1345,1068 1390,1065 1435,1065 1480,1065 1524,1062 1569,1062 1614,1062 1659,1062 1703,1062 1748,1062 1793,1059 1838,1059 1882,1059 1927,1062 1972,1062 2017,1062 2061,1059 2106,1056 2151,1053 2196,1050 2240,1047 2285,1044 2330,1044 2375,1041 2419,1041 2464,1041 2509,1038 2554,1038 2599,1038 2643,1038 2688,1038 2733,1035 2778,1032 2822,1032 2867,1029 2912,1029 2957,1026 3001,1023"/>
                <TextEquiv>
                    <Unicode>Fretheit und Liebe im Einklang, in Ruhe, im richti</Unicode>
                </TextEquiv>
            </TextLine>
            <TextLine id="tr_1_tl_5" custom="readingOrder {index:4;}">
                <Coords points="651,1286 873,1252 1011,1296 1033,1280 1102,1318 1139,1308 1146,1130 942,1133 851,1096 789,1127 657,1136"/>
                <Baseline points="668,1256 704,1250 748,1244 793,1241 838,1238 883,1238 928,1238 972,1235 1017,1235 1062,1232 1107,1232 1151,1232"/>
                <TextEquiv>
                    <Unicode>gen Massel</Unicode>
                </TextEquiv>
            </TextLine>
            <TextLine id="tr_1_tl_6" custom="readingOrder {index:5;}">
                <Coords points="1430,1365 1471,1383 1596,1387 1696,1371 1869,1377 1869,1305 1784,1255 1743,1268 1703,1249 1615,1315 1568,1311 1499,1265 1430,1286"/>
                <Baseline points="1447,1366 1491,1369 1536,1369 1581,1369 1626,1369 1671,1366 1715,1369 1760,1369 1805,1366 1850,1366 1876,1369"/>
                <TextEquiv>
                    <Unicode>Benedtkt.</Unicode>
                </TextEquiv>
            </TextLine>
            <TextLine id="tr_1_tl_7" custom="readingOrder {index:6;}">
                <Coords points="648,1571 1800,1518 2175,1603 3042,1490 3042,1399 2914,1362 1581,1480 1296,1399 804,1484 651,1412"/>
                <Baseline points="665,1539 674,1539 719,1536 763,1536 808,1536 853,1533 898,1533 942,1530 987,1530 1032,1530 1077,1530 1121,1527 1166,1527 1211,1524 1256,1524 1300,1524 1345,1524 1390,1521 1435,1524 1480,1524 1524,1521 1569,1521 1614,1521 1659,1518 1703,1521 1748,1518 1793,1515 1838,1515 1882,1515 1927,1515 1972,1515 2017,1515 2061,1515 2106,1512 2151,1512 2196,1509 2240,1509 2285,1506 2330,1503 2375,1506 2419,1503 2464,1503 2509,1503 2554,1500 2599,1500 2643,1497 2688,1500 2733,1500 2778,1497 2822,1497 2867,1494 2912,1491 2957,1491 3001,1486 3046,1486"/>
                <TextEquiv>
                    <Unicode>Im richtigen Masse. Haha. Zeige mir, den ders fin</Unicode>
                </TextEquiv>
            </TextLine>
            <TextLine id="tr_1_tl_8" custom="readingOrder {index:7;}">
                <Coords points="654,1740 1102,1684 1615,1728 1762,1665 2210,1678 2435,1775 2435,1606 2232,1578 1750,1612 1490,1540 657,1609"/>
                <Baseline points="674,1685 698,1682 743,1685 787,1685 832,1682 877,1682 922,1685 966,1682 1011,1682 1056,1679 1101,1679 1145,1679 1190,1679 1235,1676 1280,1676 1324,1673 1369,1673 1414,1673 1459,1673 1503,1671 1548,1671 1593,1671 1638,1668 1682,1668 1727,1668 1772,1665 1817,1665 1861,1665 1906,1668 1951,1665 1996,1668 2041,1665 2085,1665 2130,1662 2175,1659 2220,1656 2264,1659 2309,1656 2354,1656 2399,1656 2443,1656"/>
                <TextEquiv>
                    <Unicode>det und ich will an ein Ideal glauben.</Unicode>
                </TextEquiv>
            </TextLine>
            <TextLine id="tr_1_tl_9" custom="readingOrder {index:8;}">
                <Coords points="1374,1919 1496,1878 1562,1894 1634,1878 1659,1897 1690,1878 1737,1903 1815,1884 1815,1753 1737,1762 1675,1731 1640,1747 1587,1718 1512,1734 1446,1706 1377,1725"/>
                <Baseline points="1393,1823 1420,1820 1465,1820 1509,1823 1554,1820 1599,1820 1644,1817 1688,1817 1733,1817 1778,1817 1823,1811"/>
                <TextEquiv>
                    <Unicode>Aegidius.</Unicode>
                </TextEquiv>
            </TextLine>
        </TextRegion>
        <TextRegion id="tr_2" custom="readingOrder {index:1;}">
            <Coords points="665,1868 3168,1868 3168,3548 665,3548"/>
            <TextLine id="tr_2_tl_1" custom="readingOrder {index:0;}">
                <Coords points="660,2053 2670,2000 3086,1963 3089,1891 2923,1819 2679,1900 664,1897"/>
                <Baseline points="680,1981 725,1987 769,1984 814,1987 859,1987 904,1987 948,1984 993,1984 1038,1981 1083,1981 1127,1981 1172,1981 1217,1981 1262,1975 1306,1978 1351,1978 1396,1975 1441,1978 1486,1978 1530,1975 1575,1972 1620,1972 1665,1972 1709,1966 1754,1966 1799,1966 1844,1966 1888,1963 1933,1963 1978,1963 2023,1963 2067,1960 2112,1960 2157,1957 2202,1957 2246,1954 2291,1957 2336,1954 2381,1954 2425,1951 2470,1951 2515,1951 2560,1948 2604,1951 2649,1948 2694,1948 2739,1945 2784,1942 2828,1942 2873,1936 2918,1933 2963,1933 3007,1930 3052,1924 3097,1918"/>
                <TextEquiv>
                    <Unicode>O trostlos, troslos! Also nichts Erhabenes,und al -</Unicode>
                </TextEquiv>
            </TextLine>
            <TextLine id="tr_2_tl_2" custom="readingOrder {index:1;}">
                <Coords points="648,2153 2927,2160 3164,2110 3168,2009 648,2060"/>
                <Baseline points="665,2139 707,2139 751,2142 796,2139 841,2139 886,2139 930,2136 975,2136 1020,2133 1065,2133 1110,2130 1154,2130 1199,2130 1244,2133 1289,2130 1333,2130 1378,2130 1423,2130 1468,2130 1512,2124 1557,2124 1602,2121 1647,2121 1691,2121 1736,2118 1781,2118 1826,2115 1870,2112 1915,2112 1960,2109 2005,2109 2049,2106 2094,2106 2139,2109 2184,2106 2229,2106 2273,2106 2318,2106 2363,2103 2408,2103 2452,2103 2497,2100 2542,2103 2587,2100 2631,2100 2676,2097 2721,2097 2766,2097 2810,2094 2855,2094 2900,2094 2945,2094 2989,2091 3034,2088 3079,2088 3124,2088 3168,2088"/>
                <TextEquiv>
                    <Unicode>les durch etwas begrenzt und doch nicht eingeschrenkt.</Unicode>
                </TextEquiv>
            </TextLine>
            <TextLine id="tr_2_tl_3" custom="readingOrder {index:2;}">
                <Coords points="670,2338 2532,2263 3008,2322 3045,2166 673,2204"/>
                <Baseline points="689,2291 722,2288 766,2288 811,2291 856,2288 901,2288 945,2285 990,2285 1035,2282 1080,2282 1124,2282 1169,2282 1214,2282 1259,2279 1303,2279 1348,2276 1393,2273 1438,2273 1483,2276 1527,2276 1572,2276 1617,2273 1662,2273 1706,2270 1751,2270 1796,2270 1841,2270 1885,2267 1930,2264 1975,2264 2020,2264 2064,2264 2109,2264 2154,2261 2199,2261 2243,2261 2288,2261 2333,2258 2378,2258 2422,2258 2467,2258 2512,2258 2557,2255 2601,2252 2646,2252 2691,2255 2736,2252 2781,2252 2825,2252 2870,2249 2915,2249 2960,2249 3004,2249 3049,2255"/>
                <TextEquiv>
                    <Unicode>da ja alles in dieselben Grenzen fällt. O Benedikt,</Unicode>
                </TextEquiv>
            </TextLine>
            <TextLine id="tr_2_tl_4" custom="readingOrder {index:3;}">
                <Coords points="660,2504 3017,2451 3055,2316 1806,2369 1562,2282 660,2373"/>
                <Baseline points="677,2443 683,2443 728,2443 772,2443 817,2443 862,2443 907,2440 951,2440 996,2437 1041,2437 1086,2437 1130,2434 1175,2437 1220,2437 1265,2431 1309,2431 1354,2431 1399,2431 1444,2428 1488,2428 1533,2428 1578,2428 1623,2425 1668,2425 1712,2419 1757,2419 1802,2419 1847,2416 1891,2416 1936,2416 1981,2419 2026,2416 2070,2414 2115,2414 2160,2414 2205,2416 2249,2414 2294,2411 2339,2411 2384,2408 2428,2408 2473,2408 2518,2405 2563,2405 2607,2402 2652,2405 2697,2402 2742,2402 2787,2405 2831,2402 2876,2405 2921,2402 2966,2405 3010,2408 3055,2408"/>
                <TextEquiv>
                    <Unicode>wenn es wahr wäre. Alles duftet mir nach Verwesung,</Unicode>
                </TextEquiv>
            </TextLine>
            <TextLine id="tr_2_tl_5" custom="readingOrder {index:4;}">
                <Coords points="673,2648 3027,2607 3102,2485 2222,2413 676,2501"/>
                <Baseline points="692,2593 734,2593 778,2593 823,2593 868,2590 913,2590 957,2587 1002,2587 1047,2587 1092,2587 1136,2584 1181,2584 1226,2587 1271,2584 1315,2584 1360,2584 1405,2581 1450,2581 1494,2581 1539,2578 1584,2578 1629,2578 1673,2575 1718,2572 1763,2572 1808,2572 1853,2572 1897,2572 1942,2569 1987,2569 2032,2566 2076,2566 2121,2566 2166,2563 2211,2563 2255,2563 2300,2563 2345,2563 2390,2563 2434,2563 2479,2563 2524,2560 2569,2557 2613,2557 2658,2554 2703,2554 2748,2554 2792,2554 2837,2554 2882,2551 2927,2551 2972,2548 3016,2548 3061,2548 3106,2545"/>
                <TextEquiv>
                    <Unicode>da die dumpfe Luft des ertötenden Gleichmasses durch</Unicode>
                </TextEquiv>
            </TextLine>
            <TextLine id="tr_2_tl_6" custom="readingOrder {index:5;}">
                <Coords points="679,2786 2958,2723 2958,2614 2714,2570 682,2657"/>
                <Baseline points="695,2739 728,2739 772,2739 817,2739 862,2739 907,2739 951,2736 996,2733 1041,2736 1086,2736 1130,2733 1175,2733 1220,2733 1265,2733 1309,2733 1354,2730 1399,2733 1444,2730 1488,2727 1533,2727 1578,2727 1623,2724 1668,2721 1712,2721 1757,2721 1802,2718 1847,2718 1891,2718 1936,2718 1981,2718 2026,2718 2070,2715 2115,2715 2160,2715 2205,2715 2249,2715 2294,2712 2339,2712 2384,2712 2428,2709 2473,2709 2518,2709 2563,2709 2607,2709 2652,2706 2697,2703 2742,2703 2787,2700 2831,2700 2876,2700 2921,2697 2966,2694"/>
                <TextEquiv>
                    <Unicode>die Welt zieht. Und das sollte sie ein, die Welt!</Unicode>
                </TextEquiv>
            </TextLine>
            <TextLine id="tr_2_tl_7" custom="readingOrder {index:6;}">
                <Coords points="676,2945 2898,2876 3014,2861 3017,2732 679,2786"/>
                <Baseline points="692,2891 695,2891 740,2894 784,2894 829,2894 874,2894 919,2894 963,2894 1008,2894 1053,2891 1098,2891 1142,2891 1187,2891 1232,2888 1277,2888 1321,2891 1366,2888 1411,2888 1456,2885 1500,2885 1545,2885 1590,2882 1635,2882 1679,2879 1724,2879 1769,2879 1814,2882 1858,2879 1903,2876 1948,2879 1993,2876 2038,2876 2082,2873 2127,2870 2172,2870 2217,2870 2261,2870 2306,2867 2351,2867 2396,2864 2440,2864 2485,2864 2530,2861 2575,2861 2619,2861 2664,2858 2709,2855 2754,2855 2798,2855 2843,2852 2888,2849 2933,2849 2977,2846 3022,2843"/>
                <TextEquiv>
                    <Unicode>Unsere Welt die greifbare, tägliche,- die ganze und</Unicode>
                </TextEquiv>
            </TextLine>
            <TextLine id="tr_2_tl_8" custom="readingOrder {index:7;}">
                <Coords points="679,3102 2175,3102 2761,3011 2864,3086 3049,3049 3052,2895 682,2945"/>
                <Baseline points="695,3049 734,3049 778,3052 823,3049 868,3049 913,3049 957,3046 1002,3046 1047,3046 1092,3046 1136,3046 1181,3043 1226,3043 1271,3043 1315,3043 1360,3040 1405,3040 1450,3040 1494,3037 1539,3037 1584,3034 1629,3034 1673,3031 1718,3031 1763,3031 1808,3031 1853,3031 1897,3031 1942,3028 1987,3028 2032,3031 2076,3028 2121,3025 2166,3022 2211,3022 2255,3022 2300,3022 2345,3019 2390,3022 2434,3019 2479,3019 2524,3016 2569,3019 2613,3016 2658,3016 2703,3016 2748,3013 2792,3010 2837,3010 2882,3010 2927,3007 2972,3007 3016,3007 3061,3007"/>
                <TextEquiv>
                    <Unicode>das Leben ins blaue hinein, das versinken in Taumel</Unicode>
                </TextEquiv>
            </TextLine>
            <TextLine id="tr_2_tl_9" custom="readingOrder {index:8;}">
                <Coords points="664,3265 2911,3211 2933,3092 667,3111"/>
                <Baseline points="680,3204 701,3204 745,3204 790,3204 835,3204 880,3204 925,3201 969,3201 1014,3201 1059,3201 1104,3198 1148,3198 1193,3195 1238,3195 1283,3192 1327,3192 1372,3192 1417,3192 1462,3192 1506,3192 1551,3189 1596,3189 1641,3189 1685,3189 1730,3189 1775,3186 1820,3183 1864,3183 1909,3183 1954,3183 1999,3183 2044,3180 2088,3180 2133,3177 2178,3177 2223,3174 2267,3174 2312,3177 2357,3174 2402,3174 2446,3174 2491,3174 2536,3174 2581,3174 2625,3171 2670,3171 2715,3171 2760,3168 2804,3165 2849,3165 2894,3162 2939,3165"/>
                <TextEquiv>
                    <Unicode>und Rausch, das Nichtachten alles dessen, was in</Unicode>
                </TextEquiv>
            </TextLine>
            <TextLine id="tr_2_tl_10" custom="readingOrder {index:9;}">
                <Coords points="670,3418 2880,3352 2927,3211 673,3296"/>
                <Baseline points="689,3365 692,3365 737,3362 781,3362 826,3362 871,3362 916,3359 960,3359 1005,3356 1050,3356 1095,3356 1139,3356 1184,3356 1229,3353 1274,3353 1318,3353 1363,3350 1408,3350 1453,3347 1497,3350 1542,3347 1587,3347 1632,3344 1676,3344 1721,3342 1766,3342 1811,3339 1856,3339 1900,3339 1945,3336 1990,3336 2035,3336 2079,3336 2124,3333 2169,3333 2214,3333 2258,3330 2303,3327 2348,3327 2393,3324 2437,3324 2482,3324 2527,3324 2572,3321 2616,3324 2661,3321 2706,3321 2751,3321 2795,3318 2840,3318 2885,3315 2930,3309"/>
                <TextEquiv>
                    <Unicode>seltsamen Augenblichen als erhabenes Gesetz mir</Unicode>
                </TextEquiv>
            </TextLine>
            <TextLine id="tr_2_tl_11" custom="readingOrder {index:10;}">
                <Coords points="679,3615 1459,3524 2501,3590 2679,3502 3058,3524 3061,3390 682,3409"/>
                <Baseline points="695,3538 737,3532 781,3530 826,3530 871,3530 916,3527 960,3527 1005,3527 1050,3524 1095,3524 1139,3524 1184,3521 1229,3521 1274,3518 1318,3518 1363,3518 1408,3518 1453,3518 1497,3515 1542,3515 1587,3515 1632,3512 1676,3512 1721,3512 1766,3509 1811,3509 1856,3509 1900,3506 1945,3503 1990,3503 2035,3500 2079,3503 2124,3500 2169,3500 2214,3500 2258,3500 2303,3497 2348,3497 2393,3494 2437,3494 2482,3494 2527,3494 2572,3497 2616,3494 2661,3494 2706,3491 2751,3494 2795,3494 2840,3491 2885,3491 2930,3488 2974,3488 3019,3485 3064,3485"/>
                <TextEquiv>
                    <Unicode>galt,...Benedikt, Benedikt wenn alles so ist, wie</Unicode>
                </TextEquiv>
            </TextLine>
        </TextRegion>
    </Page>
</PcGts>
