3672 4776
254 509 788 751 zu werden.
1087 628 3430 952 ich hatte soviel genossen, dass ich beim
271 669 591 870 Clera
702 673 898 866 A
291 808 3122 1108 bester Willen nichts mehr genießen konte.
271 964 3352 1280 Barnabas. Und da kamst die freiwillig ins Kloster
250 1190 3335 1452 alter Starre, und beträgt zwanzig Jahre lang so in
156 1346 3442 1653 könstig, daß ich dich nicht wieder erkant hätte, um
234 1510 3479 1813 glötzlich, vor zwei Jahren, da beganns in Stuern Icken
275 1682 3512 1969 wieder lacker zu werden, und weg war der zwanzig
263 1850 3442 2121 jährige Nebel. Nun trinkst du wenigstens. Und lieben
267 2059 3446 2265 könnten wir ja die Neben doch nicht mehr - (Track¬
246 2178 3401 2453 ihm zu). Auf der Wohl der Weiber, die wir vor
295 2367 1218 2605 Zeiten liebten.
279 2523 2818 2814 Alexins. Auf das Wohl ihrer Töchter.
238 2646 3520 2974 Barnabas (sieht ihn an, wird einst, stellt das Glas merk¬
267 2868 1883 3155 Wir sind alt, Bouder.
217 2962 3508 3270 Aleriis. Preu des Bornabers, herzlieber Keller,
213 3200 3483 3454 meister, freudich, dass wir nicht Familien
181 3368 3463 3643 unter sind. In der Oberwelt waren wir ent¬
217 3549 2375 3807 weiter das oder alte Geken¬
304 3664 2515 3971 Harnabas Familienerte u hin
328 3877 1875 4160 Alesius. Man wären lß die
