3320 4072
2712 275 2893 493 125
524 623 2525 839 Aus der mir Düfte seltsam mild berauschend
530 833 2321 1034 Entgegenströmen und den Sinn umnebeln.
538 966 2565 1139 Mir ists, als zög es weich mich immer fort,
536 1119 2652 1315 Ich weiss wohin und weiss es nicht - und ahne
550 1284 2341 1491 Glückseligkeit und ahne — Leiden und —
533 1445 2559 1618 Ha, Licht! Nun wird es heller immer heller.
538 1612 2480 1768 Ich sehe Dioh, Dich,Dioh! Und alles wallt
533 1737 2389 1876 Um Dich! Glückseligkeit und Leiden. Und
547 1910 2525 2091 Ich bin bei Dir - und schau in Deine Augen
538 2074 2420 2230 Und liebe Dich! Unendlich lieb ich Dich.
595 2196 1672 2378 stürzt ihr zu Füssen
1292 2358 1712 2533 Faustina
538 2497 2502 2715 Weil Du mich liebst, will ich Dich küssen.
1278 2655 1706 2871 Aegidius
558 2811 1584 3007 Und hast mich geküsst,
550 2990 2196 3168 Hast mich geküsst...o sprich doch.
1289 3117 1726 3296 Faustina.
632 3228 2905 3460 küsst ihn ) Dies ist mein xxxer Kuss auf diese
2301 3386 2655 3590 Lippen.
