3352 4120
2606 406 2736 590 87
501 749 2929 924 Es gibt eine sonderbare Klasse von Menschen, die die
508 924 2894 1082 abscheuliche Gewohnheit hat immer bei allem und je
505 1038 2809 1282 dem nach dem Warum zu fragen. Ein grübelndes Volk
508 1190 2929 1390 verdamnlicher Zueifler, die Ihr meiden sollt, wo Ihr
524 1336 2936 1527 ihnen begegnet. Sie verpesten die Luft, wo sie atmen
501 1473 2806 1736 und bringen jene entsetzliche Krankheit unter die
508 1685 3063 1838 Leute, die man das Denken nennt. Sie leben und fragen:
508 1825 2777 1990 warum leben wir...ste streben nach etwas grossem,
505 1961 2837 2126 hohem — nach etwas was ihnen gross und hochdünkt,
520 2101 2847 2279 sie erreichen es nicht und fragen: warum erreichen
517 2260 2866 2441 wir es nicht? Und wenn wirs nicht erreichen, warum
508 2431 2863 2599 hast Du hohes, unbegreifliches Wesen, dessen unend
520 2555 2948 2736 liche Güte und Weisheit man rühmt, uns den unseligen
524 2736 2891 2907 Trieb ins Herz gepflanzt immer zu streben und immer
524 2898 1165 3079 vergebens –!
527 3012 2815 3196 Und sie warten auf Antwort, die Toren, und werden
530 3171 2961 3345 an ihrem Gott irre, weil er ihnen keine Antwort gibt
524 3336 2714 3526 und vergessen ganz ans Jenseits. Dort drüben!!
527 3526 2901 3672 Wartet Ihr Freuler, es kommt schon die Lösung! Aber
