7304 4808
3691 421 5992 826 Ists überall auf Erden so der Brauch
249 464 2591 813 Hobt ihr dergleichen je gehört? Er will
312 699 2857 978 Hier liegen bleiben. Auf den Altarstufen!
3704 695 6312 1020 daß nur in so bedeutungsvollen Dingen
240 876 1909 1180 Sehtsaht, ihr zittert selbst.
3700 898 6102 1184 Als da zum Beispiel Predigt themen sind
287 1049 927 1285 stegidias
1420 1070 2764 1281 Dort drüben war es - :
3717 1079 6443 1361 dem Menschen frei Wahl gelassen ist!
211 1222 2971 1513 O liebe brüder, lasst mich hier, ich bitt euch.
3759 1247 6219 1542 Leverin (macht ein möglichst dum es Gesicht)
261 1302 3645 1673 Liverin (im er ängstliche, zu Augustin) Weh, oweh! Könnt, rufen
3742 1428 6245 1711 Augustin. Wie meint ihr, lieber Bruder?
2482 1597 3329 1816 wir den Abt.
5381 1593 6654 1888 Nun, ich fragt' auch
3767 1593 4378 1858 Regidiers.
202 1627 3211 2023 Augustin. Angidus! - Mein Bruder!- Wolltehr wohl
3763 1770 5255 2027 Ob drausten in der Welt¬
5427 1778 6493 2044 Nicht wahr, es gab
244 1921 2794 2208 Ein wenig nur auf meine Worte hören?
3742 1947 5895 2233 im Zeit, wo ihr die Welt gesehn?
240 2082 472 2179 r
202 2082 2937 2381 Och sagt auch schon. Der Ablist's, der uns sendet.
5503 2120 6371 2351 Die Welt?
3700 2145 4433 2292 Augustin
202 2263 2621 2570 Der Bruder Oeophas ist krank und dieser
3704 2296 7033 2583 Stegidius. Der offen, unbegrüzte Welt, die mein ich.
240 2427 2414 2731 Sollt' eben heute in der Abendmesse
3712 2465 6439 2701 Wo sich nach allen Seiten Wege scheiden,
228 2621 1546 2891 Die Sredigt halten und —
3721 2638 6418 2929 Und sich nach Südte-Norden-Westen Osten
240 2764 2385 3042 Leverin (fasst Mut) Und der ist krank.
3742 2819 6561 3055 Ein Netzt von Straften auflöst und verwirrt
190 2941 2693 3177 Stegidus (sicht ihnen) So, Bruder severin?
3742 2975 6350 3270 M sich die Fach frei und ungehindert
177 3135 1867 3388 Leverin (sieht erschrocken weeg)
2018 3122 2806 3400 Der Blick!
3763 3160 6287 3443 Vorüberall nach überall verzweigen,
253 3325 876 3552 Augustin
2398 3316 2886 3518 So ists;
3704 3228 6776 3611 Und wo der Kensch auch die Bahnen dieses Welt
316 3451 3156 3742 Er fühlt sich heut nicht tüchtig für sein Amt.
3712 3476 6725 3776 Nach eigene Willen, — Frei und ungehindert
228 3624 3084 3923 Dram hat der Abt zum Kredger euch bestimmt;
3754 3649 6784 3881 Beschreiten Darf, wie's ihm sein Sinn befiehlt.
206 3792 3127 4079 das Thema sollt ihr frei auch wählen können.
3712 3839 6814 4079 Augustin Mein lieber Bruder. Jene Wege gehen
215 4007 3531 4252 Augustis. Ein Jauch von Freiheit! – Sagt doch, lieber Brauts
3721 4028 6266 4294 Nach allen Seiten frei und ungehindert
