7464 4840
3757 461 7128 840 Und den Freyler erwidert: dort drüben? - und da¬
264 519 2587 939 Geist in Wahrheit Freiheit nennet.
3782 758 7136 1030 bei lacht er höheisch auf, der Verdammenswerthe,
577 783 3675 1088 Es ist ein Kind geboren worden, meine theuren
3700 939 7152 1228 dort drüben? Was bedeutet dieses: dort druben:
247 956 3650 1244 Andüchtiger, und es wuchs auf und ward groß. Und
3930 1129 7161 1393 Wer hat es schon gesehn, jenes unbekannte drüben
264 1187 3609 1401 eines Tages, da die ser Mensch in harter Bedräng¬
3856 1294 7144 1533 das Jenseits, in das, wenn die Leiber verwesen,
297 1327 3683 1541 nis war und verfallen mit sich selbst und der Welt
3848 1458 7020 1706 die Seelen eingehen? Wenn ich nun sagte – der
297 1475 3609 1763 da fasst der Kuchlose den Gedanken, sich zu nehmen
3823 1632 7169 1895 Freyler spricht so, meine lieben Andächtigen, dass Seele
305 1681 3527 1895 was des Herren ist, und will sich selbst ermorden.
3757 1788 7045 2060 nichts anderes bedeute, als das Zusammenwirken
321 1854 3650 2101 Es ist keiner da, der ihm sagt: Begeh die Todsünde
3782 1969 6988 2200 aller Körperteile und daher Seele nichts ist, was in
297 2019 3510 2274 nicht – im Jenseits wird das Verbrechen gesuchet
3832 2142 7086 2414 Der Leib kam und wieder hinaus kommt, sondern
313 2225 3683 2472 das du hienieden durch sündlichen Selbstmord begehst
3799 2340 7045 2571 eben nichts anderes als die Lebensthätigkeit des
321 2365 3700 2637 Und wär“ ein solcher da, der den Freyler warnte,
3757 2480 7086 2760 Leibes? So etwa wie die Glocke und den Schole, den
346 2538 3675 2793 Da würde der Thor erwidern: Ein Verbrechen ist der
3823 2678 7086 2933 sie erzeugt, nichts verschiedenes ist, sondern eines, da
354 2703 3650 2991 Selbstmord? Weshalb? Ist's meine Schuld, daß ich zur
3823 2851 7053 3082 der Stall nur im Metalle schläft? Und danket euch
313 2892 3683 3156 Welt kam? Mein Eltern haben mich gegragt, und ich
346 2999 6955 3271 bin de. Wenn’s nur nun auf dieser Erde nicht gesällt, nun, daß der Klöppel aus der Glocke falls, wenn
3757 3197 7045 3469 werdet ihr dann sagen: Der Schall ist entschwunden
297 3296 3551 3502 Was verpflichtet mich, hienieden weiterzuleben?
3782 3370 6996 3659 und schwebt in den Lüften? - Nein, ihr werdet
280 3411 3280 3675 Ich finde in diesem Erdensein kamen Sinn!
3757 3543 7029 3848 sagen: die Glocke ist zerbrechen, und nichts mehr.
420 3617 3634 3848 Ruchloser! Du magst es, im Leben einen Sein zu
3848 3700 7218 3947 So sind die Worte des Gottlosen. Ihr werdet be¬
288 3774 3683 4021 suchen? Du magst es, darüber nachzuschenken, ev arum.
2447 3889 2736 4013 die
3848 3914 7070 4161 gierig sein, zu hören, was dem fromme Mann
297 3914 3469 4161 du geboren bist? Verborgen sind Zwecke, und
3856 4046 7235 4359 darauf erwidert? Er ist ruhig geworden-, dem
321 4087 2752 4392 erst dort drüben wird alles offenbar.
