3368 4136
2699 431 2794 685 1
1025 1016 1955 1111 Klosterzelle, Nacht.
1267 1099 1515 1248 aamauvaas
1086 1230 1796 1487 Bruder Aegidius
609 1481 2411 1573 Bist Du von neuem da, Gedank voll Glut,
606 1613 3020 1729 Und brennst mir durch die Seel! Kann ich Dich nicht
612 1778 2540 1876 Verbannen durch Gebet und durch Kastet'n?
591 1925 2460 2127 Aus ists mit meiner Ruh! Hinweg mit Dir,
588 2084 2546 2271 Du modernd Pergament, aus hingeschwundnem
591 2252 2821 2424 Jahrhundert — ueg! Sieh, wie der Staub so rasch
591 2378 2858 2595 Sich aus den Blättern flüchtet;- gleich wie wenn
575 2543 2491 2748 Ers nicht ertrüge, heisses, junges Leben
591 2705 2883 2889 In seiner Näh zu fühlen! Weg, Du Pergamentenband-
578 2867 2445 3039 Da lieg in Detner Ecke, rühr Dich nicht
591 3014 2760 3216 Und bleib. - Du flackerst, Licht? - Erschrickst
2151 3155 2622 3363 Du wohl?-
575 3329 3039 3510 Ich sollt es selbst vor mir, bin ich ein andrer doch
554 3467 2378 3666 Als der ich gestern war. Mit einem Mal
