3336 4088
2572 340 2756 557 146
466 694 2526 940 Lass uns Dein duftend Zimmer letsen Schritts
2124 855 2716 1005 durchwandeln
466 1005 2470 1208 Bts zu der Lagerstatt des schönsten Wetbes.
509 1163 2614 1382 Dort zittert weich und zauberhaft der Aether,
463 1339 2451 1492 Die Lüfte sind berauscht, ein trunkner Duft
482 1495 2414 1645 Wie Wohllustahnung weht im stillen Raum -
496 1621 2606 1814 Und unten träumt die Welt- wir selber träumen
479 1803 2606 1950 Und dennoch sind wir wach- und unser Wachsein
493 1945 2373 2175 Ist so unsäglich süss — Faustina- ach —
1243 2097 1688 2280 Faustina.
587 2130 742 2264 G.F.P.
498 2223 2655 2443 Ich bleibe heut daheim. Du darfst mich küssen,
541 2435 2189 2625 Aegidtus. (Sie küsst ihn) Leb wohl.
563 2588 1192 2775 (Ab ins Haus)
1240 2711 1696 2914 Aegtdtus.
895 2767 975 2861 P.S.
536 2888 2671 3038 (Nach einer Weile ihr nach. Stille. Nach einen
528 3038 2660 3209 kurzen Weile kommt er in höchster Erregung zu-
576 3201 1572 3391 rück und stürzt fort.
1015 3351 1425 3496 G.C.F.P
788 3474 2730 3654 ...............................................................  =================
