3320 4120
2697 422 2881 569 118
1266 729 1709 915 Aegidius.
537 878 1851 1090 Um dem guten Gott zu dienen.
532 1041 2215 1219 O wie erbärmlich ist doch Euer Gott,
527 1208 2629 1389 Dass er nach denen geist, die an ihn glauben!
1274 1350 1704 1457 Benedikt.
1266 1452 1769 1523 «^i^iM~i^ r~t~
527 1520 2537 1662 Folgt mir ins Freie, lieber, junger Freund!
519 1659 2275 1837 Denn diese Luft verdüstert Eure Sinne
535 1809 2052 1966 Und Euer Wort scheint angehaucht
529 1969 2624 2118 Vom Trübsinn, der den ganzen Raum durchzieht.
532 2139 2613 2260 Und Euch bedrückt, wie jeden, der hier weilt.
522 2241 2621 2377 Fühlt erst die Sonn ob Eurem Haupte scheinen,
516 2414 2349 2566 Seht freie Menschen wandeln neben Euch,
514 2558 1494 2755 Dann lasst uns reden
1253 2697 1662 2904 Aegidius
522 2865 1570 3035 Unter andern Menschen?
1261 3022 1680 3195 Benedikt
514 3180 2495 3326 Ja, andre Menschen sollt Ihr kennen lernen
514 3308 2163 3518 Und freien Himmel und gesunde Luft!
