3304 4088
2535 399 2712 533 180
1291 669 1726 870 Aegidius
554 856 2432 989 Er wird begraben, tief in Grund der Erde
541 929 2560 1160 Ruht er im Sarg, im festgeschlossnen; Haub
563 1098 2750 1321 Stam Liegt drauf, Und alle halten ihn für tot.
563 1264 2427 1432 Mit einem Mal regt sich der Lebensgeist,
557 1421 2212 1601 Im eingesargten Körper. Neu beginnt
557 1576 2275 1764 Der Odem den gewohnten Weg zu suchen.
565 1758 2419 1913 S'ist dunkel rings und schwül und dumpf.
554 1889 2381 2079 Die wenige Luft wird durstig eingesogen.
560 2044 1234 2231 Und ist dahin.
552 2193 1965 2381 Der Odem hat den Weg verloren.
563 2342 1900 2500 Mühsam bäumt der Körper sich
565 2454 2443 2690 Und krampfhaft in die Höhe, sinkt zurück
565 2628 2669 2783 Und dehnt sich, dreht sieh, todesangsterfüllt
579 2791 2364 2940 Im engen Raum. Wirft an die Wände sich,
573 2962 2473 3090 Pooht an den Deckel, dass es wiederhallt,
573 3103 2378 3288 Spannt fieberhaft die lahmen Kräfte an,
565 3275 2554 3413 Wird matter müder, die Besinnung schwindet,
573 3391 2307 3593 In schwerem Falle dehnt der Sterbende
