3352 4072
2700 388 2849 524 59
1232 524 1668 746 Basilius.
1655 667 1756 740 a
505 680 2747 883 Trinkt Kapelmeister. Der Wein Fliesst wie Feuer
508 905 1270 1045 durch die Adern.
1331 1013 1553 1201 zopf
530 1169 2982 1394 ( hat getrunken) Aber das schmekt sehr gut. Ihr habt
511 1305 2862 1464 wohl, Herr Bruder Organist, von wegen der k체nstlert
527 1467 2986 1607 schen Begeisterung den Wein getrunken, damit Ihr mit
515 1610 3014 1807 mehr Feuer, mit mehr W채rme, mitz mehr Glut, mir mehr...
515 1791 2182 1976 noch ein Glas, Bruder Kellermeister.
1718 1938 2153 2100 Barnabas.
515 2026 3062 2211 Et, warum denn auch nicht. Lasst es Euch gut schmecken.
508 2223 2795 2385 Draussen in der ganzen weiten Welt gibst kein Ge
527 2392 953 2592 w채chs....
1245 2541 1496 2713 zopf.
515 2678 2201 2890 Noch ein Glas, Bruder Kellermeister.
1258 2855 1696 3024 Basilius.
521 2982 2773 3138 So. Aber nun denk ich selbst, Herr Zopf, dass es
527 3135 1798 3351 Zeit sein wird zu beginnen.
1477 3310 1702 3472 zopf
613 3440 2919 3646 aufstehend) Nun freilich, man wartet die l채ngste
