7256 5000
231 674 2567 1005 Wie für ich mich vor dem verhassten Paar?
198 897 2059 1191 Okönt ich dahin freiem Liebesleben
198 1079 1385 1323 Wie vormals Glück
1360 1244 3042 1513 Wie vormals? Und wie lange
178 1443 2555 1716 hat dieses Glück des freien Liebeslebens
169 1612 818 1856 Gewährt?
823 1757 2327 2046 Und ich gewann die Liebe doch
178 1947 2464 2224 Ger manchen Herzens, dessen Mirniedienst
203 2112 2050 2385 Gerechten Holzin mir erregen könnte;
227 2282 2894 2505 Von Münnern, denen selbst das Herrschen Freund
203 2468 3526 2753 Nicht war, und dies nur hier (wist vor ihre Füste) vergaßen. Und
223 2633 2336 2898 Es waren manche, die ob meiner Gunst
203 2786 2865 3042 Noch andere Glücks vergasten als des Herrschens
240 2997 2509 3195 Ich konnte viele, die ihr - Weib verließen,
256 3146 2588 3431 Um meiner Huld sich würdiger zu zeigen,
434 3311 756 3427 rungen
227 3311 2253 3563 Sie xxx sich von allem theuere los,
227 3505 2406 3720 Zerrissen alle Bande des Vergangnen
178 3658 2956 3857 Und wurde frei. Denn Freiheit ist nichts andres,
174 3807 2947 4101 Als ein Verändern frühern Skavendienstes
227 3989 2770 4262 der Weg von einem Kerker in den andern
4861 186 5027 368 5
4808 451 5122 620 es
3629 550 5833 868 Und doch die Ehe! Ist sie unauflöslich,?
3609 723 6366 1017 Dies Band, geknüpft in Rausch des Augenblickes?
3613 909 5891 1224 Es wird so bald ein lästiges Land! Ein Geist
3617 1087 5295 1393 Der sich von höherer Gehinung
3613 1286 6155 1550 Getragen fühlt, werft diese Rücksicht von sich
3600 1463 6122 1740 Und will sein ganzes Leben lang nicht bußen
3605 1554 6329 1881 Für den Genuß, den ihm vielleicht die Brautnacht
3629 1790 5853 2092 Und einige wenige Hitterwochen boten.
3663 1939 6424 2240 (mit Cronie) doch nein – weshalb? Es mag ja Frauen geben,
3650 2129 5944 2365 Distetsundstets, wenn auch ihr sichter Leib
3658 2298 6374 2621 Dem Mann allmählig wen gar süß erscheint
3683 2472 6370 2794 Mit ihrem Geist der Man so mächtig fesseln,
3663 2633 6213 2931 daß er die andern Müngel gern vergisst¬
3667 2815 6085 3067 Und sich beglückt fühlt. Traurig ist es nur,
3683 2993 5605 3311 Daß mir noch die hohe Freude war,
3691 3146 6209 3501 Ein solches Paar zu sehn. Mein müdter Blick
3712 3303 6192 3629 vom schwelgerischen Weltgeteil ermattet
3725 3505 5663 3836 Erfrischte sich an solch süßholdem Anblick.
3795 3654 5820 3973 Tedoch die Ehe. Heilig ist die Ehr!
3737 3828 6097 4117 Und warum das? Nur dann nicht man sie heilig,
