3368 4168
2641 329 2827 565 194.
499 714 2328 948 Für sein bedeutungsloses Volk zu sorgen
515 847 2451 1087 Und sich vergnügt, indem ers leiden sieht.
515 1033 2243 1229 Feltottas, warum musst ich Dich sehn!
515 1143 2751 1396 Doch nun, nun ists geschehn, wie machst Dus gut?
521 1333 2540 1519 Lass Deine Hand mir, lass sie mir. Sag doch
528 1488 2584 1690 Wie machst Dus gut? Seltsamer Blick. Was mag
521 1633 2132 1807 Der Blick aus Deinem Aug bedeuten?
1279 1775 1775 1974 Felicitas.
540 1914 1049 2123 Lass, mich.
1232 2069 1668 2274 Hilarius.
556 2246 2552 2397 Auch Deine Stimm ist schön. Ich Ebenmass!
1342 2385 1804 2571 Felicitas
569 2543 1924 2745 Ich fleh Euch an, lasst mich.
1292 2691 1737 2887 Hilartus
578 2818 3118 3036 Weh mir und Dir, dass ich Dich sah! Weh Dir, Felioitas.
578 2985 2653 3149 Denn ich will glücklich werden. Wer verwehrt
581 3149 1823 3336 Mir jetzt mein Glück noch!
575 3301 2037 3471 Da ich ja an Gott nicht glaube.
1282 3465 1775 3661 Felicitas.
594 3620 1990 3838 Abt, der reinste Gottesglaube
