3720 4600
996 707 2389 1171 Prolog des Dichters
368 1146 2964 1600 Die letzte Hoffnung knüpf ich an des Werk¬
479 1539 3050 1771 Ists mir gelungen, und ist etwas in mir
393 1778 2650 2036 Das mehr als Staub und Moder ist –
382 1957 3153 2250 Dann soll der Schatten wesenlosen Trübsinns
339 2157 2582 2464 Von meiner Strünschwinden. - Custig
382 2403 2957 2700 Will ich mich von den Freuden eines Tag 6
296 2625 2603 2857 In eines andern Tages Freude stürzen
325 2807 3196 3111 des Glücks, das mir beschieden wird, genießen.
329 3011 3157 3368 Doch hab ich über meines Lebens Unwerth
411 3271 3043 3643 Mich nicht getäuscht — Dann fahre hin duletzte
789 3528 2868 3868 kungsvolle Hoffnung! Jene Welt
307 3561 779 3857 Vorher
3268 1703 3432 1903 ing
3232 3186 3414 3436 ll?
