3352 4104
2789 364 2940 569 85
593 716 2937 915 Du wagst es darüber nachzudenken, warum Du geboren
602 845 2979 1080 bist? Verborgen sind die Zwecke underst dort drüben
602 1041 1540 1249 wird alles offenbar.
602 1173 2858 1378 Und der Freyler erwidert: Dort drüben? Und dabet
611 1297 2906 1519 lacher er höhnisch auf, der Verdammenswerte. Dort
617 1471 2870 1670 drüben? Was bedeutet dieses dort drühen? Wer hat
623 1601 2994 1805 es schon gesehen, jenes unbekannte drüben, das Jen
626 1787 2970 1974 seits, in das, wenn die Leiber verwesen die Seelen
638 1974 1068 2145 eingehen?
638 2091 3021 2296 Wenn ich nun sagte: - der Freuler spricht so, meine
635 2236 2909 2407 lieben Andächtigen - dass Seele nichts andres be
641 2380 3033 2582 deute, als das Zusammenwtrken aller Körperteile und
599 2542 3000 2714 daher Seele nichts ist, was in den Leib kam und wie
647 2657 3036 2885 der hinauskommt, sondern eben nichts andres als die
647 2789 3030 3033 Lebenstätigkeit des Leibes,? So etwa wie die Glocke
662 2925 3075 3183 und der Schall, den sie erzeugt nichts verschiedenes
671 3072 2921 3373 ist, sondern eines, da der Schall nur im Metalle
668 3237 3000 3520 schläft? Und denket Euch nun, dass der Klöppel aus
674 3400 3045 3680 der Glocke fällt, werdet Ihr dann sagen: der Schall
