3384 4120
2668 428 2801 560 16
582 712 2436 934 Mein Untertan durch meiner Lippen Kuss!
755 926 2636 1058 -Er wärs geworden? Ist es nicht einjeder,
579 1053 2625 1237 Der mich gesehn? Da standen sie - die einen
587 1250 2471 1386 Mit blassem Antlitz - liebesgramer füllt;
590 1405 2449 1529 Die andern hochgerötet Stirn und Wangen
601 1545 2235 1710 Von der Begterde angefachtem Feuer.
582 1670 2520 1865 Ein jeder mein - und ohne dass ich darum
598 1827 2771 1970 Wie sonst die Wetber - sein mich nennen musste
731 2003 2869 2130 Es ist nicht lang, vielleicht drei Monde erst
587 2154 2433 2295 Da war ich einem Manne selbst zu eigen.
603 2287 2457 2452 Und manchen andern hab ich auch geliebt
603 2436 2622 2606 Und ward am Ende des Liebens und Geniessens
595 2593 2633 2728 Recht überdrüssig, und jemehr die Sehnsucht
606 2760 2528 2877 Geliebt zu werden, mir im Herzen flammte,
601 2890 2433 3063 Jeweniger empfand ich selbst die Liebe.
601 3063 2622 3199 Die Stillung jener Sehnsucht war mir alles,
601 3210 2455 3358 In ihr fand ich Genuss und stetes Leben
606 3356 2620 3515 Und doch Befriedigung zugleich und Frieden.
603 3537 2706 3713 Bald reiz ich sie, die mir zu Füssen liegen,
