3352 4120
2845 458 2974 601 71
594 761 2182 970 Denn blinder Zufall nennt er sich.
1338 955 1817 1058 Zweites G.
601 1085 1932 1261 Es sei nun was es immer sei.
607 1269 2070 1412 Mit meinem Glauben ists vorbei.
620 1401 2255 1540 Die Tage gehn, die Monde schwinden,
623 1547 2026 1709 Das ist die ganze Philosophie,
631 1698 2352 1848 Die ich im Menschensein konnt finden.
642 1839 2229 2033 Und weiter kommt das Forschen nie.
642 2042 2411 2165 Drum liess ich auch das Forschen sein,
631 2163 2134 2339 Denn die Befriedigung ist klein.
658 2301 2350 2495 Gross sind die Mühen nur und Plagen
1342 2488 1841 2627 Erstes G.
662 2620 2259 2763 Und doch, tät das ein jeder sagen,
664 2746 2301 2930 Wie stünd es dann wohl um die Welt.
1408 2946 1850 3104 Zweites G
669 3076 2037 3243 Am besten wär es da bestellt.
678 3230 2123 3370 Wenn jeder die Gedanken wehrte,
680 3357 2409 3524 Dann gäb es nichts, was man begehrte.
