7144 4920
368 302 3131 748 Dem Mannes alter nah und nichts gewissen
368 608 3224 922 Schweig, schweig. Nun hast du mich schon ganz
353 798 2782 1085 Ich fühle nichts als dich - ich bin du selbst -
337 980 2705 1256 O Liebe, Liebe! Juste Frauenliebe!
360 1132 2833 1403 Da droben sind die Kerzen schon verlöscht
329 1263 3181 1585 Leb wohl, leb wohl du teures Bild — O wenn Du
333 1469 3116 1717 Rets dageblieben warst! as- noch im dunkeln
360 1620 2937 1864 Bemerk ich deiner Formen molles Glänzen,
356 1786 3464 2003 Lebwohl, leb wohl. Und wohin ich? Mein wartet
368 1968 3302 2213 Heut nicht mehr Schlaf. Soll ich die Zelte suchen?
395 2147 3174 2402 Freiwillig in Gefängnis wieder kehren?
403 2271 3069 2565 Hier unter hoher Wölbung will ich ruhn,
368 2437 2871 2736 So weit es heut ein Ruhen für mich giebt,
349 2592 3201 2840 Und will die Blicke immer dorthin wenden
403 2774 2960 3046 Dorthin, wo es nun völlig Dunkel ward.
473 2945 3057 3205 Mo ist mein Licht? Ach ja, ich hab’s Gelöscht,
380 3116 3228 3348 Und auch der Glanz des Mondes weicht allmählig
407 3274 3061 3538 Und auch das Licht des Glaubens schwand¬
415 3437 2949 3716 Weg jeder Halt. - Doch einer neuen ahn' ich
407 3635 1620 3867 Wie nenn ich ihn -?
442 3786 1050 4057 Genuhs?
484 3821 3600 4262 Genuss! Was brauch’ ich andern Halt und Glauben
446 4092 2368 4383 fahrt wohl, verlöschte Lüster!
