3336 4088
2676 352 2853 516 138
412 767 2670 988 Du sagst (zögernd ) wie es mir selber erscheint
412 912 2805 1082 und wenn alle so tun und denken, wie ich und Du, Be¬
421 1028 2786 1293 nedikt, dann muss ja diese Welt in Stücke gehn und
434 1261 925 1466 zerfallen.
1220 1343 1661 1491 Benedikt.
450 1500 610 1604 G.H.F.P.
1698 1528 1793 1639 2.
434 1513 1661 1749 Und wenn sie nun zerfiele,
1107 1654 1569 1812 Aegidius.
462 1843 1557 2076 (sieht ihn entsetzt an
1170 2025 1582 2110 Benedikt
513 2183 1296 2390 lacht und geht
1271 2224 1720 2466 Aegidius.
453 2403 2849 2582 Und wenn sie zerfiele! ( Stille. Dann lacht er und
450 2554 2771 2739 geht scheinbar Justig umher. ) Haha, und wenn sie
456 2730 2981 2881 zerfiele! Was weiter? (küsst die Dirne, die er früher
465 2868 2846 3035 verlassen) Da bin ich wieder und bitte Dich um Ver
475 3098 852 3283 zethung.
1289 3158 1613 3371 Dirne.
525 3315 1900 3592 küsst ihn. ) Da hast Du ste.
