3320 4088
2896 424 3026 575 94
606 736 2933 934 Romuald hereintrat. Sie sah still auf ihn, er er -
619 879 2856 1070 kennt sie. Kurze Pause. Aegidtus schreit laut auf
616 1036 2958 1216 und stürzt die Stufen der Kanzel hinunter. Die Or-
619 1228 2936 1327 gel beginnt. Erstaunen der Leute in der Kirche. Ae
1485 1299 2528 1395 — ̃
569 1367 2970 1470 gidtus bahn sich durch die Leute einen Weg und tritt
2559 1451 2757 1531 G.C.P.H.
551 1470 1278 1559 maaammeaisen maa
609 1528 2945 1637 auf den Abt. Der Abt wirft ihm einen erns ten Blick
1553 1596 1822 1680 muuvaa.
1847 1596 1937 1668 O
609 1612 3097 1776 zu. Aegidius verhüllt sich und wirft sich, kaum hinter
2651 1739 2797 1797 A.M.
2985 1739 3091 1828 a une
885 1748 1742 1828 — ̃ 1 1 1/2
551 1760 817 1847 3t
2521 1816 2927 1971 an einen
609 1804 2484 1968 dem Schatten eines Pfeiler verschwunden
1630 1884 2064 1974 A.W.M
631 1903 845 2002 craaville
613 1968 2930 2067 kaum bemerkbaren Seitenaldr nieder. Der Abtbeseigt
1454 2039 2524 2110 (votre russeur)
619 2057 817 2141 mme.
616 2119 2828 2283 die Kanzel die Menge beruhigt sich. Abt Hilartus
603 2277 1590 2388 beginnt zu sprechen )
622 2373 882 2469 (v.t.
1315 2413 1940 2589 Abt Hilarius.
594 2574 2608 2735 Meine teuern, frommen, christlichen Brüder!
588 2722 2893 2902 Lasst wieder Ruhe in Euer aufgeregtes Herz kommen
603 2880 2905 3041 und ersehet auch aus dem seltamen Schausptel, das
588 3050 2800 3202 Euch in diesen heiligen Räumen wad, wie weit den
591 3134 2979 3323 Menschen Glaubensetfer zu bringen vermag. Denn habt
594 3307 2834 3521 Ihr des Bruders Augidius Rede wohl xxxnxxx ver¬
594 3477 2840 3648 standen und seid Ihr ihm Wott für Wort in seinen
