3320 4120
2709 478 2801 630 5
582 738 2706 935 Bet Tag und Nacht. Es tst nicht mehr als das:
588 959 2756 1099 Wenn Mönche wach sind in verschloss'nen Zellen
576 1114 2980 1278 So tsts ein scheinbar Wachsein nur. Hier schlummert
576 1236 2252 1418 Man still dem Tode zu. Kaum drinnen
570 1401 2425 1583 Der Sonne Strahlen in den kleinen Raum.
576 1562 2753 1729 Der unter freiem Himmel liegt. Das wenige Gras
582 1699 2670 1863 Beugt sich zu Boden. Aus den Brunnen Fliesst
567 1863 2296 2025 Eintönig müd das Wasser. Mich umgibt
564 2016 2834 2150 Ein ew'ger Abschied von der Welt, und alles hier
576 2168 2879 2314 Scheint mit sich selbst und allem, was er kannte,
582 2311 2631 2473 Versöhnt zu sein... jedwede Sehnsucht starb.
570 2482 1822 2622 Hier finden Menschen Ruhe
561 2622 1203 2780 Ruhe? Hahaha!
567 2780 2795 2918 Da fass ich diese Eisenstäbe an, als wollte ich
564 2947 2523 3130 Die Unzerbrechlichen zerstören-ich rüittle
567 3109 2544 3243 Und stosse ste - und drück und presse sie,
567 3234 2565 3407 In meine Nägel dringt das Blut - da stehen
558 3392 2407 3607 Sie fest, die halten Eisenstäbe - matt.
573 3554 2592 3748 Ohnmächtig fühl ich mich. Einsam wie früher
