3352 4104
2592 395 2753 600 51
1134 710 1557 871 Alexius.
448 843 2902 1055 In seiner Zelle ists staubig wie auf der Heerstrasse.
1241 1010 1651 1190 Garnabas.
452 1165 2810 1336 Wenn Du vor ihm das Wort Weib aussprüchst, er sähe
433 1336 2517 1516 Dich lang an und wüsste nicht was Du meinst.
1184 1475 1576 1655 Alexius.
448 1645 2886 1759 Ein Glas. Und gleich noch eins. Ich muss die Gefühle
455 1787 2914 1920 wegtrinken, die das Wort Weib in mir wachgerufen hat.
1194 1936 1623 2103 Barnabas.
448 2049 2880 2273 Ach die Wetber, die sind schuld, dass ich im Kloster
458 2229 2949 2365 stecke. Denn höre. Wär ich nicht so viel hinter ihnen
455 2374 2851 2526 gesteckt, so wär ich nicht in Schulden gestockt und
458 2507 2927 2665 dann hätt mich mein Vater nicht ins Kloster gesteckt!
458 2684 2940 2886 Gott hab sie alle selig, die Wetter, die Schulden und
455 2848 1355 3050 meinen guten Vater.
1228 3003 1610 3176 Alexius
442 3145 1759 3350 Es war doch schön da droben.
1184 3284 1632 3486 Barnabas.
455 3435 2987 3669 Hei Brüderchen siehst Dus jetzt ein? Da fiels ihm mit
