3320 4088
2741 423 2883 595 90
1257 825 1919 1022 Zweites Genie.
580 955 2944 1152 Ich will Dir antworten, wenn ich aus seinen Blicken
580 1130 1421 1333 klug geworden bin.
1348 1251 1804 1475 Aegidius.
580 1396 3007 1623 Es liebt ein Mann ein Weib und das Weib gehört einem
595 1572 2883 1780 andern an. Und auch das Weib dieses andern ist in
601 1720 3013 1946 sindhafter Liebe entbrannt zu dem, dem sie nun schon
614 1856 2974 2089 einmal nach göttlichem und menschlichem Recht fremd
614 2022 2938 2237 bleiben und niemals sich nähern soll. Der Liebende
614 2206 2977 2364 ruft aus: Welche Ungerechtigkeit, dass die Geliebte
620 2345 3019 2530 nicht völlig, völlig mein sein darf. Nur einmal leb
635 2469 3041 2663 ich und des Menschen Leben währt siebenzig Jahre und
571 2636 2980 2832 wenn es schön gewesen ist, so ists Kummer und Trüb -
629 2826 3038 3001 sal gewesen und wie Spreu im Winde fliegen die Jahre
629 2929 2874 3134 dahin. Und nun winkt und lookt das höchste, herr
589 3071 2968 3304 lichste Glück, das ein menschlich Herz sich ersehen
638 3258 2896 3449 kann und er füllt sich mein Sehnen nicht, so bin
644 3412 1986 3606 ich unglücklich auf immerdar.
