3352 4120
2830 427 2915 549 9
651 736 2306 883 In enger Klosterzelle aufgewachsen,
648 889 2904 1056 Mein erster Keim war doch der Ketm des Menschen,
642 1036 2918 1245 Auch mir gehört die Welt. Wohlauf! Ich hab nicht
2601 1208 2909 1339 minder
634 1367 2451 1517 An allen Freuden dieses Lebens Anteil.
640 1500 2621 1653 Als jene andern, die vielleicht am Kloster
642 1678 2233 1828 In diesem Augenblick vorübereilen
642 1777 2711 1984 In der Erinnerung ### froh durchwachterNacht.
645 1973 2686 2131 Wohlau! Ich bin entschlossen. Meinen Anteil
640 2077 2683 2281 Ich nehm in mir. Der günst'ge Augenblick,
634 2261 2677 2445 Der mir ihn bietet, ### soll vergebens nicht
637 2420 2621 2609 Den Armen, den verlangenden, entschwinden,
634 2592 2776 2722 Sobald er naht, ich schliess ihn fest an mich
640 2720 2799 2870 Und will ihn halten - und will glücklich sein.
628 2884 2720 3065 Auf! Weg von diesen Stufen! Wandeln will ich
640 3059 2635 3206 Im ganzen Raum. Da hör tch von der Strasse
625 3192 2519 3373 Ein dumpfes Räderrollen. Wiel Noch immer
628 3351 2790 3515 Nicht stille in den Strassen? Stets wechselnd,
620 3487 2731 3673 Nie rastend Treiben! O glücksel'ges Leben!...
637 3637 2604 3812 Und ich gefangen! O könnt ich das Fenster,
