7336 4792
232 442 3299 851 Ich weiss bei jungen Mänchen kommt so manchmal
324 742 3169 1028 Ein Anfall von Freig eisterei. Doch das mag,
291 910 2916 1171 Wie auch bei mancher andern Krankheit, nur
299 1100 3000 1382 Auf einem schnellern Laufels Bluts beruhe.
316 1268 1386 1546 Es wird vergehe.
257 1424 3084 1698 Aegie aus (gehtlangsam; das andere folgen)
312 1580 3573 1833 Leverin (ängstlich) Nehmt hier geweihtes Wasser.
244 1757 3540 2027 Hier hier — (Er spritzt ihn mit dem Weihwasser an
270 1943 3662 2233 und geht Furchtsam tüpzelndete beiden ändern nach.
