3336 4056
2653 418 2827 549 122
525 791 2537 998 Und schaute hieher und ward toll! Und immer
528 949 2808 1154 Verwirrter wurde nun um mich, und wirrer in mir.
522 1096 2314 1313 Ich weile wo ich sie erblicht! Und ist
525 1242 2393 1453 Was ich mit ängstlichem Entzücken ahnte,
534 1410 2503 1563 Glückseltge Wahrheit? Wie? So weil ich in
513 1529 2457 1755 Dem Zimmer eines Weibes, das mich küsste?
504 1728 2167 1896 Mich küsstel Glückseliger Äegidius.
513 1844 2405 2036 Und doch unglücklich! Beides bist Du ja.
519 2030 2546 2207 Du hast das Glück des einen heissen Kusses,
510 2179 2418 2369 Mit Detner Sehnsucht stets erneuter Qual
516 2299 2967 2534 Erhauft und - (er sieht nach der Tür ) zittern fühl
1972 2442 2726 2665 ich meinen Leib,
513 2634 2463 2814 Schau ich dorthin — — der sonderbare Mann
522 2787 2277 2964 Verliess mich und in jedem Augenblick
513 2927 2604 3120 Kann er dorther mit....wte...nein, o mit ihr?
516 3065 2668 3272 Er kommt mit ihr, mit Ihr? War sies? Sie wars,
516 3251 2637 3404 Die mich...ja, ja sie wars, die mich geküsst.
522 3321 2573 3593 Ein jubelnd Fühlen glüht durch meine Brust
