3384 4120
2555 436 2684 599 21
506 772 2740 883 Dort drüben liegt die Kirch' in nächtgem Dunkel
500 918 2851 1032 Ein Licht erblick ich, zitternd, fast verlöschend,
506 1047 2666 1228 Gewiss, ein Mönch trägt dieses schwanke Licht,
506 1210 2713 1386 Ein Mönch, der noch zu später Nachtstund betet,
500 1374 2582 1494 Er hofft und fleht- um hehre Himmelsfreuden!
494 1538 2076 1681 Die Seligkeiten ungezählter Jahre
503 1690 2029 1819 Von eines Augenblickes Seligkeit
500 1845 2105 2023 In meinen Armen völlig aufgewogen!
497 1971 2778 2131 o welch ein Sieg! Nein, nein, ich bin nichtschön
482 2105 2240 2295 Misslingt es mir. Wohlan! Veränderung!
488 2283 2526 2435 Ein neues Bild- ein Mönch zu meinen Füssen!
1067 2702 2415 2889 * * * * „ *
1070 3163 2169 3313 * * * *. * * x * * » * *
