3320 4056
2692 327 2860 528 121.
1079 749 2014 974 Zimmer der Faustina.
611 935 2962 1217 Die Ausstattung reich und geschmachvoll. Es liegt
588 1166 2971 1277 eine gewisse Ueppigkeit, eine berauschende Stimmung
1538 1247 1751 1349 Gouneur de ses
665 1262 956 1364 G.C.H.
582 1295 2959 1490 über allen, die durch die Anordnung der Gegenstände
674 1409 1334 1523 2 1/2
1265 1445 2518 1706 e selbst hervorgerufen wird.
588 1466 1259 1682 und durch dtes
1307 1583 1754 1733 Aegidius.
597 1703 1993 1930 ( allein ) Benedtkt, Benedikt!
594 1876 2578 2050 Wie ist mir, welch beklemmend üpp'ger Duft
576 1984 2638 2191 Bin ich im Traum noch? Ist er abgeschüttelt?
582 2143 2635 2329 Und hab ich denn geträumt? Nein, alles wahr.
588 2302 2524 2497 Ich trat ins Haus, in dem die Offenbarung
582 2440 2569 2641 Die heiligste mir ward. Nein, heilige nicht
585 2587 2662 2806 Doch feurig, herzentzündend, unbeschreiblich
588 2779 2236 2956 Die Offenbarung meines Menschetums.
591 2920 2986 3210 (beim Fenster ) Hier ists, hier wars, da stand sie
1978 3048 2734 3237 und ich sah sie,
585 3198 3000 3483 Dort wandelt ich — und löscht mein Licht, und stand
