3592 4696
1349 276 2780 597 O könntest du erzählen,
170 563 2875 797 Du weiche Luft! O sag! Was sahst du alles!
125 695 2943 941 kommst du verferne. Nahst du seliges Glück:
200 876 3120 1171 Hast du ein schönes Weib geküßt? Du schweigst
227 1080 2629 1311 Sumitten dieser Mauer bist du ruhig
174 1209 3158 1443 Und schlummerst ein, so wie hier alles schlummert
181 1375 2928 1575 Bei Tag und Nacht. Es ist nicht mehr als das:
147 1571 3041 1749 Wenn Mönche wach sind in verschlossenen Zellen,
140 1719 3139 1919 So ist's ein scheinbar Wachsein nur. Hier schlummert
159 1862 2648 2119 Man still dem Tode zu. Kaum dringen
147 2063 2697 2244 Der Sonne Strahlen in den kleinen Raum,
162 2172 3192 2387 der unter freiem Himmel liegt. Das wenige Gras
204 2331 3113 2546 Beugt sich zu Boden. Aus dem Brunnenfließt
196 2516 2905 2788 Euitönig und das Messer. Mich umgiebt
204 2712 3018 2962 Ein ewiger Abschied von der Welt, und alles hier
189 2852 3135 3109 Scheint mit sich selbst und allein, was er kannte,
215 3048 2690 3237 Versöhnt zu sein... jedwede Sehnsucht starb.
238 3196 2025 3441 Hier finden Menschen Ruhe¬
1949 3320 2909 3592 Ruhe: Jasasa
234 3506 2803 3721 Da fass’ ich diese Eisenstäbe an, als wollt ich
204 3676 2754 3891 die ungerbrechlichen zersteren – ich rüttte
193 3834 2572 4072 Und stoße sie — und drück und grosse sie
257 3985 2841 4261 In meine Nägel dringt das Blut - da stehen
