3699 4984
1227 706 1618 976 Cacht
341 1040 1990 1271 Faustina auf ihrem Zimmer.
368 1200 2846 1451 Sie steht beim Spiegel und löst sich rasch das Haare.
187 1541 2361 1826 Da, ich bin schön! Nicht schale Schmeich denn
171 1735 2284 1969 Und nicht der Liebe soldes kosevort
197 1886 2672 2163 brauchts wir mit heißen Blicken zu gestehen
181 2090 2829 2314 Nein, selbst das Auge, das nichts ist als Auge
181 2244 2819 2518 Ein kaltes Anschaun dessen, was sich bietet,
201 2401 2792 2688 Von jedem Hauch der Leidenschaften frei,
214 2618 2902 2866 Selbst dieses Aug muß sagen. Du biß schön
204 2755 2732 3043 doch wie? Der kalte Blick.? Er ists ja nimmer
207 2909 2825 3217 Sobald er mich geschaut! Er kann's nicht bleiben.
582 3096 2775 3357 Wie sie beim Feste heute, das ich gab,
221 3267 2494 3544 An meinen Zügenagen. Wie sie alle
227 3437 2675 3685 Nach einem Lächeln meines Stundes geizten!
217 3625 2210 3916 In allen Blickenbrannte Liebesglut¬
221 3792 2545 4046 Bald sehnend kühne, bald erhaltne Glut
261 3939 2555 4267 Todas - es glüht' in allen dieser Augen
