3352 4104
2771 334 2917 537 88
487 665 2771 927 dort drüben. Und da rujen sie wieder verzweifelt:
490 889 1810 1089 Wer bürgt uns fürs Jenseits!
493 924 2833 1229 Es fragt und forscht die Wissenschaft und sucht in
505 1179 3011 1416 der Welt umher und eilt rastlos und hetzt und jagt und
518 1348 2755 1519 findet nichts. Und unser Geist versenkt sich in
512 1507 2730 1679 die Unendlichkeit und ermisst was der Mensch er
502 1638 2808 1822 messen kann in hastendem Wahnsinn. Und wir wissen
524 1747 2939 1962 nichts, nichts...Narren, Toren, Freuler! Ihr sollt
524 1938 2948 2131 ja nichts wissen. Ihr sollt nicht wissens, Ihr Sollt
537 2065 2533 2262 glauben, glauben und das ist Eure Freiheit!
527 2221 2736 2424 Ihr kommt ja sehr weit mit Euerm Verstand, in
543 2390 2889 2599 endlich weit, bis dorthin nämlich, wo Ihr Eure neu
543 2555 2880 2752 gierigen Schädel an die Wand stösst. - Und es sind
546 2705 2923 2864 viele Schädel daran zerschellt, aber die Wand steht
543 2820 2930 3039 noch. Ja, ja lasst sie Euch zum Merk dienen die Kno
546 2976 2830 3186 chen, die da herumltagen. Aber diese Philosphen,
555 3148 2923 3348 diese langweiligen Forscher mit ihrem ewigen Warum!
552 3310 2952 3535 Und das sind die Fragen, die sie an den Ewigen rich
