7192 4744
682 811 3298 1182 Getaucht in wiederholden Gluten schimm es
769 1053 3543 1409 Da das ich nicht mein Herrn zu finden wähnte -
804 1315 3288 1672 Verlassen will ich sie, will wiederkehren
794 1532 3134 1889 Zum allgemeinen Heim der Erdensöhne.
2154 1735 2319 1861 at
776 1805 2927 2088 In eine stille Zelle späre ich auch
700 1969 3011 2301 des großen Klosters. die Alltäglichkeit.
696 2217 3508 2511 Wo sich die Menschheit leicht zufriedenen Geistes
710 2476 3176 2770 So jämmerlich glückselig fühlte. Durchs Gitter
651 2704 2801 2976 Seh ich hinab zum weiten freien Plan,
654 2885 3172 3211 der sich dahin streckt sonnenhell und schön,
703 3151 3060 3438 Wo sich mit frohen Son und gegen tumelt
787 3340 3141 3665 Im immormünde Spiel der Schantasie
773 3557 3186 3921 Ein widerswerth Geschlecht von ewgen
2462 3795 3274 4106 Kindern.-
1941 4103 2298 4347 totas
