3368 4104
2462 384 2621 509 154
1278 678 1437 818 tina
1043 693 1284 825 Faust
1271 781 1384 890 G.C.
1415 737 1534 887 P.
990 809 1243 893 a lʼa eu le
312 847 1774 1059 Ihr habt mich recht verstanden.
1043 990 1487 1225 Benedikt.
312 1125 2752 1346 Ihr wollt ihm die Türe nicht mehr verschliessen. Der
306 1312 2718 1481 Abt fragte mich gestern: lieber Doktor seid Ihr mit
328 1471 2786 1624 dem Kranken zufrieden. Ich erwiderte mit einer Frage:
312 1621 2680 1765 Seid Ihr mit dem Mönch zufrieden? Wenn ich aufrich
319 1743 2761 1909 tig sein soll, lieber Benedikt, meinte er darauf, er
347 1902 2761 2118 scheint mir noch nicht völlig kuriert. Darauf machte
322 2062 2715 2299 ich ein ernstes Gesicht, gab dem besorgten Hilartus
331 2215 2696 2412 mit den Augen ein Zeicher, das ich selber nicht ver
344 2358 2727 2611 stand, drückte ihm die Hand und verschwand. Das sah
350 2530 2861 2721 sehr geheimnisvoll aus. Wollt Ihr ihn völlig kurteren,
337 2643 2846 2874 Faustina? Aber Ihr seid zerstreut liebe Freundin, ich
337 2852 2005 3002 will Euch eine Geschichte erzählen.
1087 2986 1481 3174 Faustina
1015 3058 1324 3183 ou le dernier aa
397 3149 1665 3346 Ich kenne Eure Geschichten.
1087 3308 1524 3489 Benedikt.
444 3455 2893 3645 Ich erzähle Euch immer dieselbe. Ganz natürlich. Die
