3304 4072
2541 270 2724 455 174
416 573 1363 818 In mir gestorben....
1119 770 2688 959 Zelle wird aufgerissen, Faustina
439 787 1088 961 (die Türe der
439 945 2156 1164 stürzt herein. Hilarius springt auf )
1108 1110 1552 1214 Hilarius.
433 1231 2404 1462 Wie, was? Ein Weib in meiner Zelle? Wer...
1144 1394 1605 1569 Faustina.
422 1532 2392 1712 O scheltet nicht die Mönche, wilrdger Herr,
422 1650 2676 1869 Der gütge Zufall liess mich schnell Euch finden.
427 1830 2685 2013 Mich sah kein Mensch hierher die Schritte nehmen
433 1962 2002 2173 Und meine Worte sollen leise sein
436 2142 2300 2311 Und keiner ahnen, dass ich hier gewesen.
441 2300 1200 2516 Wo ist Aegeidius?
1167 2451 1622 2634 Hilarius.
455 2555 2474 2822 (als stiege ihm plötzlich eine Ahnung auf
430 2769 663 2941 An.
1139 2884 1560 3095 Faustina.
439 3036 1302 3239 Er ist nicht da...
441 3112 2690 3379 Ich weiss, hochwürdger Abt, er ist nicht da....
436 3340 2589 3545 Der Arzt nahm ihn mit sich, um ihn zu heilen..
