3352 4104
2686 513 2810 618 86
596 710 2881 945 ist entschwunden und schwebt in den Lüften! Nein.
590 908 3072 1071 Ihr werdet sage: die Glocke ist zerbrochen und nichts
584 1099 843 1263 mehr.
584 1164 3029 1402 So sind die Worte des Gottlosen. Ihr werdet begierig
593 1380 2739 1538 sein zu hören, was der Fromme darauf erwidert.
584 1525 2949 1698 Er ist ruhig geworden, denn er war fromm genug die
590 1701 2748 1843 frevelhaften Worte nicht zu verstehn und sagt:
568 1859 3035 2001 Du glaubst nicht und das ist Deine erste Sünde. Doch
584 1964 2949 2130 das sind die erstxxx ärgsten nicht, die nicht glau
587 2161 2992 2285 ben und göttlos in den Tag hineinleben. Die ärgsten
580 2291 2868 2439 sind die, die nicht glauben und statt zu glauben
574 2439 2779 2603 denken. Und das ist Deine amette Sünde, Mensch.
574 2572 2840 2754 Und diese bestraft sich schon auf Erden, weil Du
556 2723 2908 2908 Dich eben wegen dieses Denkens unglücklich fühlst.
553 2896 2924 3038 Denken! Mich kommt ein gelinder Schauder an, teure
556 3001 2915 3205 Andächtige, wenn ich das Wort ausspreche. Wenn Ihr
577 3199 2924 3368 in den Himmel eingehn und auf Erden glücklich sein
559 3338 3016 3538 wollt, so denket nicht. Glaubt und lasst alles andre
571 3507 1843 3702 seinen Weg gehn, wies geht.
