3320 4072
2661 270 2824 464 173.
1002 919 2212 1112 Geräumtge Zelle des Abtes.
568 1075 2166 1269 Der Abt Hilarius über einem Buche.
1192 1383 1656 1564 Hilartus.
581 1512 2507 1711 Und nun lasst sehn, wie diesem Gegenstand
559 1668 2077 1856 Der würdge Tomas von Aquino sich
559 1828 2621 2022 Und andern glaublich machen will. Mirs ists,
562 1982 2470 2169 Als wär mein Lernen nur Vergleichen mehr.
559 2095 3029 2280 Denn was ich glaub und nicht glaube steht längst fest.
550 2271 2489 2470 Stell ists dart n ( auf sein Herz weisend.
553 2424 1868 2624 Doch seltsam dünkt mir eins.
556 2590 2160 2768 Ich hab in meinem ganzen Leben nie
544 2744 2341 2913 Mich irgend et nem Menschen, einem Ding
547 2894 2409 3100 Mit wild-gewaltger Leidenschaft ergeben.
538 3029 2148 3229 Und allzuheftig glühte kein Gefühl
544 3198 2599 3346 In meiner Brust. Und dennoch ist mirs jetzt,
535 3355 2298 3527 Als wäre was in diesen letzten Jahren
