3336 4120
2675 310 2856 502 109
512 727 2717 922 Zwet Menschen, die Ihr sogleich unaussprechlich
518 929 1687 1128 glücklich machen könntet.
1279 1055 1782 1210 Aebtissin.
1368 1181 1463 1260 G.
512 1241 2982 1431 Geduldet einen Augenblick. Ihr sollt den Brief haben.
515 1396 796 1510 (ab
515 1497 629 1624 —
1238 1516 1680 1668 Benedtkt.
515 1690 2916 1816 Frage Dich nun aufs Gewissen, Benedikt, hast Du das
528 1813 2865 1990 auch gefühlt was Du gesprochen hast;Faustina unaus
524 2003 2988 2107 sprechlich glücklich? Gewiss, wenn Befriedigung einer
505 2164 3001 2296 Laune unaussprechliches Glück ist. Im Grunde genommen
531 2315 2982 2429 ists doch jedem nur um Zettvertreibt zu tun, mir ihr,
521 2467 2972 2638 dem Aegidius, der Aebtissin. Alles Zeitvertetb. wenn
512 2600 3045 2805 wirs recht bedenken. Wir scholmmen da in Raum und Zett
521 2780 2884 2890 ümher. Der leere Raum und die leere Zeit muss aus
518 2922 2871 3077 gefüllt werden. Das ist ein Naturgesetz wie jedes
518 3073 3020 3225 andre. Ein Narr, ver sich einbildet, dass er zu einem
521 3216 1504 3427 bessern Beruf da ist.
1251 3392 1718 3563 Aebtissin
534 3531 2717 3680 ( kehrt zurück ) Hier habt Ihr Eure Empfehlung.
575 3661 679 3746 -
