3304 4088
2680 332 2852 490 181
473 659 1525 900 Die Glieder hin und...
1201 843 1657 1023 Hilarius.
482 1006 1430 1187 Ist in Wahrhett tot.
479 1129 2476 1258 Und so verlangt auch Leidenschaft nach dem,
482 1275 2408 1447 Was ihr das Leben gibt. So schmachtet sie
473 1450 2193 1591 Nach Atem, windet bange in der Brust
479 1582 2783 1714 Des Menschen sich, nach Luft und Licht verlangend
496 1754 1619 1886 Und endlich ist sie tot.
490 1872 1694 2058 Weilt hier Aegidius! (ab
1172 2021 1579 2230 Aegidius
493 2181 977 2319 (alletn )
496 2359 2230 2482 Guten Morgen, Heimatland Melancholte!
493 2502 2379 2625 Ich war auf Reisen weit in schönen Gauen
493 2648 2775 2777 Und dacht es gibt ein Glück. Ha, bin schon wieder
496 2763 2379 2938 Zurück im grauen Hetm, im halbvergessnen
493 2929 2012 3121 Und packe meine Seltenheiten aus
487 3073 2445 3262 Und stöbre drin und werf sie untrernander.
502 3253 2004 3397 S' ist alles trüb und glanzlos -
493 3405 1052 3606 Da nur da —
