3352 4088
2635 307 2805 545 158
1195 678 1641 882 Künstler.
502 833 2842 1047 Ich... kurz und gut — habe einen Walzer komponiert,
523 1031 2858 1161 den ich Sie, erlauben Sie mir frank und frei zu re
529 1167 2886 1362 den, noch im Laufe dieses Abends aufzuführen bitte.
1238 1319 1638 1471 le Pause.
529 1313 1208 1533 (schreckensvo
1288 1455 1551 1644 zopf.
529 1582 2954 1780 Verehrtester, ich kann nicht umhin Ihrem Ehrgeiz und
523 1749 2957 1929 Ihrer Offenheit gebürende Achtung zu zollen... (hier
523 1901 2861 2099 kommt ein Kellner, xxx xxx Köllner ###te Kärtärxxxx
529 2062 2932 2235 dem Zopf die Karte gibt ) Ananas und Haselnuss (der
508 2211 2842 2375 Künstler ist in grosses Unruhe.) Aber bester Herr,
533 2393 2867 2573 ohne vorher mit meinen Musikern eine Probe durchge
514 2542 1365 2719 macht zu haben....
1201 2663 1951 2849 Komiteemitglied.
505 2849 2161 3028 Auch ich könnte unmöglich zugeben..
1248 2969 1666 3164 Künstler.
508 3106 2768 3294 Der Walzer ist sehr leicht, jede einzelne Stimme
511 3260 3003 3508 lässt sich ohne die geringste Schwierigkeit vom Blatt
517 3409 821 3650 lesen.
