3720 4696
312 711 3260 1031 Das alte Mutterchen. Bleib, Töchterchen; bleib! ich bin recht nun.
299 911 1975 1173 Ja ja! die Jugend eilt und Flicht
262 1040 2412 1364 Das Alterwill sich zur Ruhesetzen.
183 1227 3522 1568 Junges Mädtev. Hier könt ihr auch gut an der Kredigt ergehen.
254 1401 2279 1701 Ihr liebtesga, lieb Großmutterlein,
262 1572 2404 1851 Ganz nahe neben der Kanzel zu sein.
254 1730 2653 2034 Müllerchen. Bevor das Orgelspiel beginnt,
304 1938 2591 2154 Will ich noch beton, mein liebes Kind:
266 2096 2350 2366 Mein Gebettuch ist ganz zerkeittert
312 2246 2732 2508 Und - ach - die Blätter sind fast verwittert
279 2458 2425 2736 Drum ließ ichs liegen im alten Schrank
304 2591 2687 2886 Mein Töchterchen, hat dich zu mir auf der Bonk
333 2774 2670 3065 Und laß mich in deinem Gebetbuch lesen
266 3003 3140 3223 Aädchen (parstraut). Wie sagtet ihr, lieb Großmutterlein
279 3111 3136 3473 Mutterchen. Wo biß hiemit deinen Gedanken gewesen
225 3277 2038 3560 Du sollst mir dein Gebetbuchleihe.
191 3473 3156 3730 Mädchen (schlägler auf) Mir ist es so seltsam im Gotteshaus
195 3647 2815 3897 Mutterchen. Ei ei, da fällt eine Blume heraus
208 3793 2857 4109 Mädchen. Es ist eine Nelke; die hab' ich gerne
212 3976 2533 4308 Ich hab sie erst heute selbst gepflückt
