3336 4088
2699 350 2835 499 89
509 706 2931 903 ten und ans Unendliche. Aber es fügt sich auch, dass
509 855 3064 1055 sie unter ihren Mitmenschen herumfragen, meine gelib -
515 1011 2905 1214 ten Anwesenden. Und sie sind mit den Gesetzen nicht
512 1189 3017 1380 zufrieden und sagen: Dies Gesetz macht uns zu Knech -
528 1329 2870 1497 ten und wir wollen Freiheit. Und manche, die doch
521 1462 2944 1675 noch ein kleinenig Vernunft haben, erwidern darauf:
524 1612 2737 1828 Ohne diese Gesetze wird in der ganzen Welt kein
521 1748 2861 1949 Sein möglich. Die Schranken, die sich die Mensch -
534 1926 2870 2111 heit nach und nach selbst aufgebaut, müssen stehen
537 2066 3007 2273 bleiben. Denn es stünde sonst noch furchtbarer um die
534 2190 2956 2422 Erde. Lasst mich Euch ein Beispiel sagen, meine An-
550 2355 3007 2597 dächtigen und gestattet Euerm Prediger, ein völlig tr
547 2492 2800 2718 disches Verhältnis, die Liebe zwischen Mann und
540 2635 2985 2877 Weib zu wählen, auf das es jedem klar werde, was ich
547 2813 2994 3045 metne, selbst dem Gmüt, das am wenigsten vermag sich
540 2994 1825 3214 zu der Evigkett zu erheben.
1262 3144 1888 3430 Erstes Gente
556 3319 1186 3598 Was sagst Du?
