3304 4088
2473 258 2651 399 170
445 522 2519 800 Das wir geniessen. — Doch die Menschheit ist
410 740 2441 993 Vernarrt in ihre Schnörkel und pedantisch¬
448 929 2192 1079 Misst das Jahrhundert die Gefühle ab.
433 1050 2206 1277 Ich aber rufe kühn: die Lieb ist frei
465 1211 2441 1420 Und also lieb ich Dich und liebst Du mich.
470 1311 2774 1546 Was ist die Welt, wenn sich zwei Menschen lieben!
1205 1512 1698 1693 Felict tas.
482 1635 2728 1819 Nichts ist sie, nichts. Mein Liebster, Liebster!
499 1790 2103 1979 (sie umarmt ihn leidenschaftlich
479 1948 2510 2175 Du musst mir doch einmal erzählen, Liebster
499 2140 1629 2321 Wies vormals Dir erging.
1216 2278 1647 2493 Aegidius
502 2404 1512 2585 Nicht gut, nicht gut.
502 2453 2407 2754 Drum lass mich heute. Zu gelegner Stunde
519 2697 2255 2892 Will ich von hingezognen Zagen reden.
519 2846 2823 3052 Jetzt bin ich glücklich! Könnt ich doch, Geliebte
499 2984 2590 3219 Dir unverwandt ins blaue Auge sehn an Deiner
528 3196 1862 3377 Seite weilen, wortlos, Deine
545 3316 2605 3543 Traut-holde Hand still in der meinen halten!
545 3468 2651 3658 Und oft, wenn allzuviel des Glücks ich fühle,
