7288 4776
227 491 2424 759 Genug - die Klaverei entstande mit ihr
227 674 2781 966 Gesetz und Kecht, vielleicht Gesetz und Unrecht;
1636 828 1965 1007 vGöste
264 861 2619 1145 Es war der Mensch, der Gesetze gab,
235 1019 2830 1311 Um ins Regieren und Gelangen Ordnung
252 1194 2826 1470 Und ein gewisses friedliches System zu bringen
406 1368 3053 1543 Undt weil einmal vor hundert tausend Jahren
284 1531 2822 1799 Die Laune einem Menschen kam, der jetzt
276 1689 2830 1981 Schon längst zu Raub geworte ist (vielleicht,
195 1855 2481 2107 dass dieses Käubchen, Bruder bevorin
223 2030 2960 2261 das dort im Sonnenstrahle tanzt, einstmals
268 2225 2586 2444 Ein Theil von jenem großen Manne vor¬
179 2367 3090 2667 Ach schauerte nicht. Das Räubchen ist kein Geist!)
171 2533 2436 2818 Weil alß jenem Mai, der ja viel nicht
175 2704 2578 2919 Am Sinnen und Verstand nicht höher stand
203 2874 2310 3122 Als sind ihr, einmal die Laune kam
227 3049 2651 3321 Daß auf der Erde Sklaverei entstünde,
276 3207 2891 3431 Soll ich im Klave sein? Wie wenn nun mir
191 3390 2339 3650 Die Baune käme, frei zu fin? Wie? O der
276 3552 2781 3829 Ist der in unsern Tagen nicht erlaubt?
175 3719 2635 4003 Und meine kaum hält sich, wie ihr seht
179 3894 2671 4194 Inengen Grenzen; und für mich allein
252 4072 422 4287 be
5047 162 5298 321 15
3739 426 5733 808 Begehr ich Unumschänktheit!
3788 694 6695 909 Und dies verwehrt ihr mir? Ihr starrt mich an,
3727 865 6204 1157 Als wie es unerklärlich, so zu denken¬
3739 1047 6419 1348 Gdaß es doch der Menschen Sitte ward,
3739 1222 6821 1514 Nicht, was ein Vorfahr schlechtesschuf, zu bessern,
3719 1389 6561 1673 Nein, selber noch für seine Schuld zu büßen.
4880 1535 5201 1681 kehr die
3735 1555 7003 1786 Statt daß ihr jene Lasten von ruch schleudert,
3776 1717 6638 1965 Schleppt ihr auch damit mit bis zum Grab,
4251 1876 4677 2006 du ce Erb
3796 1872 5619 2136 Ruft dann am Grab herbei,
3784 2042 6545 2347 Gebt ihm die Last und sagt: Nun schleppe du!
3820 2221 6610 2521 Leverin (zu Augustin) Was wollt ihr nun beginnen:
3845 2412 4490 2590 Augustin.
5988 2428 6825 2700 Lasst einheur.
3792 2558 4535 2805 Augustus.
3772 2740 6589 3025 Agidus. Nun glaubt ihres wohl, ihr lieben,
3731 2911 5798 3203 daß ich vollständig wach bin!
5343 3090 6378 3321 kommt zum Abt
3731 3098 4503 3297 Augustin.
3768 3268 6658 3581 Theilt ihm die Zweifel mit die auf bewegen
3691 3419 4226 3642 Ander
4291 3451 4600 3715 lecht
3751 3597 6301 3885 Agidius Ha! sa! Mein, Bruckr Augustin,
3719 3764 5834 4060 Nicht so! Ich will gehorsam sein
5615 3869 6800 4194 Das ist ein Saß
3715 3934 4202 4218 Leverin
