7384 4792
4569 703 5794 1026 Mosterkeller
3945 1150 6083 1409 Kellermeister Barnabas. - Es klopft. -
3803 1484 6658 1732 Barnabas. Nur Frischherrin, Bänder Alexius! Ich
3874 1665 6748 1954 könne nur Klopfen. Auch muß es mir noch von
3833 1834 5820 2089 heute Mittag in Erinnerung sein
3780 2018 6805 2288 Alexias kommt sowrei / Jago, es ist nicht lang, dass ich auch
3803 2164 6700 2465 hier aufsuchte. Du mein Gott, man will sich doch.
3810 2345 5013 2623 ab und zu erfrischen.
3818 2510 6827 2750 Bernabas. Setzt euch und gebt mir unter des das 1. Was
3791 2672 6767 2938 her; ich will es auch füllen. (Während er des Thut) Nun, wie
3799 2867 6155 3119 gehts ds Noben? Was hat der Abt gesagt?
3791 3062 6812 3277 Alerius. Ach gesagt hat der Abt eben nichts - gebl
3810 3194 6531 3453 doch endlich das Gasher. - So! Ich trink’s auch zu.
3810 3393 5426 3588 Barnabas Män und der Abl?
3795 3461 6651 3814 Alceine. Der Abt lässt den tollen Bruder predige
3799 3705 4810 3972 Barnabas Toll?!
3776 3870 5527 4163 Alerius kie was österdem
