3336 4104
628 658 2531 877 Wie- oder sind die Augen mir vielleicht
614 880 2443 1023 Nur trüber? Und was jetzt? O könnt ich
622 1020 2017 1225 Im unbegrenzten Raume weilen!
625 1178 2522 1339 Die Türe dort zur Kirche seh ich öffnen,
620 1312 2914 1508 Dort ist es weiter, höher - freier fühl ich mich
625 1464 2528 1654 In jenen Hallen. In die Kirche will ich.
628 1622 2908 1800 Hier nehm ich noch das Licht; das Fenster bleibe
634 1850 2455 1961 Geöf/net; diese Türe schliess ich; so.
622 1970 2750 2093 Nun durch den Gang. Die Tritte hallen wieder.
625 2116 2335 2268 Inmitten dieser Steine weht es kühl,
628 2256 2528 2423 Ja kalt beinahe. Blauer Mondglanz liegt
631 2461 2695 2578 Stiil auf dem Altar, spottend meines Lichts.
628 2598 2502 2738 Der ganze hochgewölbte Raum erhebt sich
628 2715 2721 2867 Seltsam vor mir...fast wäre jetzt mein Licht
625 2864 2543 3031 An dieser Säule hier verlöscht; diesteht
625 2981 2630 3168 So schwarz im Schatten da, fast unsichtbar
640 3168 2575 3335 Und die danebenstrahlend, bloss und hell.
637 3332 2475 3495 Hier auf den Altarstufen will ich math
628 3478 2978 3644 Ein wenig ausruhn und dann - Und dann? O wäre ich
