7416 4776
445 359 1217 676 Erstes Genie.
416 583 2800 814 Ich will der Menschengeist verlachen,
538 740 2499 980 Und mich darüber lustig machen,
525 881 2617 1185 Wie man schon hier auf dieser Erde
551 1060 2489 1336 Zukünftger Zeit entgegenlebt,
573 1253 2589 1490 Und doch in Ungewisheit schwebt,
554 1426 2541 1621 Ob man dort oben selig werde.
519 1576 2605 1855 Was weiß der gute Prediger nicht
567 1746 2550 2022 Auf seiner Kanzel zu erzählen:
570 1906 2525 2191 Von Edelhandeln, um vom Fehlen,
1374 2082 1666 2185 sind
522 2108 2726 2364 Von Christenplicht und Christenpflicht,
538 2268 2569 2528 Von der Bestrafung jeder Sünde,
583 2460 2444 2694 Von guten Thaten, ein gem Lohn,
589 2630 3005 2887 Vielles einstmals Zusinnung finde
580 2787 2646 3050 Dass man bei Gottesbrant und Sohn
589 2986 2384 3210 Um seine Seligkeit muß fleher¬
573 3169 2640 3396 Das schwört er alles hoch und theuer
586 3284 2486 3563 Als hätt'er Höll und Hegefeuer,
570 3466 2380 3720 chen Himmel selber schon gesehn.
497 3623 2297 3870 Ich hörte eine Predigt halten
497 3777 2143 4050 Acht Tage sind es eben heut
493 3953 2637 4229 Von Gottes wundersamen Walten,
487 4126 2480 4418 Von himmlischer Bärmherzigkeit.
5498 413 5885 564 förmlich
4034 416 6193 718 das war die dann ein angesßungen
4075 634 6311 855 Man Gott, Gottsohn und heilgem Geist,
4101 772 6334 1035 Er thät die drei zusammenbringen,
4126 948 6167 1182 Mußt’ selber nicht wie jede heißt,
4101 1096 6532 1368 Bald hatt der Geist sein Wort genommen,
4126 1307 6331 1515 Und bald Gott Vater, bald Gottsohn.
4165 1499 6737 1714 Und als der Prediger zum Schluß gekommen
4181 1599 6116 1906 Sprach er im salbungsvollen Ton:
4223 1807 6353 2073 Gott ist barmherzig; müßt ihn lieben,
4120 1990 6286 2246 Er liebt ja auch auch, das ist sehr klar¬
4146 2147 6391 2409 Denn so ists in der Schrift geschrieben
4187 2336 6456 2601 Und was die Schrift sagt, das ist wahr.
4018 2486 6299 2765 Ich aber thät in Wuth enttrennen;
4101 2675 6078 2935 Ö warum rief ich ihm nicht zu:
4075 2839 6177 3098 du, du die Wahrheit so erkennen?
4082 3008 6154 3252 Die Bibel weiß nicht mehr als du.
4085 3201 6186 3425 Aus leuchtet in den alten Worten
4101 3332 5722 3633 Der Poesie stets neue Gluth
4101 3505 5696 3793 Es strömt in ihnen allerorten,
4130 3668 6106 3979 der Phantasie hellpohlen fluth.
4072 3848 6241 4139 Die Wahrheit liegt in jenen Dingen,
4120 4014 6170 4280 die man an jedem Tag erlebt,
4085 4194 6350 4492 Wahr ist des blutgen Kriegs Gelingen,
