3320 4072
2799 253 2976 430 176
540 476 2506 723 Den Ort bezeichnen, wo der Schuldge weilt.
534 668 2108 851 Der Name Leonhard, des Astronomen
546 796 2570 1034 Ist Euch nicht unbekannt. Sein Weib ist tot
558 1002 2390 1217 Und an der Seite seiner Tochter lebt er
552 1193 1937 1356 Die alten Tage hin. Felicitas
558 1321 1551 1533 Hetsst seine Tochter.
563 1458 1972 1707 Sucht Aegidius in ihren Armen.
1301 1646 1751 1797 Hilarius.
575 1783 1507 1972 Und vor wenig Tagen
578 1882 2535 2082 Durft ich ihn wohl in Euern Armen suchen.
587 2047 2640 2253 Und jener Arzt und der Aebtissin Brief.....
1324 2233 1763 2404 Faustina.
584 2297 2529 2584 Mein ist die Schuld. Ich war die Sünderin
587 2468 2924 2703 Doch mich könnt Ihr nicht strafen. Und mein Glück,
584 2654 2814 2866 Mein einiges Glück ist dies: dass Ihr den Mönch
589 2785 2573 3046 Dass Ihr Aegidtus strafen könnt und müsst.
1321 3008 1765 3159 Hilartus
598 3110 2433 3302 Er wird das Mädchen niemals wiedersehn.
1295 3290 1736 3499 Faustina.
618 3441 2306 3638 O weiser Abt! Der Himmel segne Euch,
