3336 4088
2706 388 2899 580 156
493 621 2918 807 einer halben Stunde wird der Tanz von neuem beginnen
478 760 2824 1027 Ich möchte Ihnen, sehr geehrter Herr Kapellmeister
493 965 2886 1142 nur einige Andeutungen über die Rethenfolge der Tän
503 1139 847 1347 26.....
1223 1291 1496 1468 zopf.
503 1350 2896 1642 Ich weiss alles. Vorallem wird eine Polka mazour ge
509 1567 2179 1775 tanzt. Hierauf folgt eine Quadrille.
1223 1732 2005 1921 Komiteemitglied.
509 1906 2111 2104 Zwei, geschätzter Herr Zopf. Zuer!
1238 2039 1508 2263 zopf.
512 2210 1319 2399 Zwet Quadrillen.
1201 2319 1952 2520 Komiteemttglied.
515 2452 3008 2685 Es sind so viele Tänze da und der Raun ist beschränkt
521 2635 2390 2871 und wir haben das alles zu verantworten.
1260 2812 1508 2980 zopf.
509 2933 2852 3138 Also xxxet Quadrillen. Hierauf ein Walzer und m###ar.
559 3091 2818 3315 (es ist unterdessen ein junger Mann aufgetreten,
534 3234 2958 3433 der sich durch lange blinde Haare als Künstler zu erhalten.
537 3430 1204 3631 kennen gibt. )
