3368 4120
2693 408 2825 549 41
603 807 2582 957 Es war der Mensch, der selbst Gesetze gab,
612 924 2381 1131 Um ins Regieren und Gehorchen Ordnung
615 1119 2816 1283 Und ein gewisses friedliches System zu bringen.
624 1205 2714 1403 Und weil einmal vor hundert tausend Jahren
609 1424 2486 1577 Die Laune einem Menschen kam, der jetzt
618 1565 2870 1706 Schon längst zu Staub geworden ist (vielleicht,
630 1718 2429 1874 Dass dieses Stäubchen, Bruder Severin,
624 1880 2624 2033 Das dort im Sonnenstrahle tanzt, einstmals
624 2021 2360 2189 Ein Teil von jenem grossen Manne war
621 2159 3032 2372 Ach, schauert nicht- das Stäubchen ist kein Geist!)
636 2357 2396 2507 Weil also jenem Mann, der ja an Geist
636 2471 2540 2666 An Sinnen und Verstand nicht höher stand
624 2624 2438 2774 Als ich und Ihr, einmal die Laune kam,
633 2765 2435 2918 Dass auf der Erde Sklaverei entstünde,
642 2906 2675 3122 Soll ich ein Sklave sein? Wie, wenn nun mir
636 3086 2459 3224 Die Laune käme frei zu sein? Wie? Oder
654 3224 2501 3398 Ist dies in unsern Tagen nicht erlaubt?
654 3362 2534 3539 Und meine Laune hält sich, wie Ihr seht,
645 3551 2429 3745 In engen Grenzen. Nur für mich allein
