3288 4072
467 569 2829 795 Ich lese...heiter schaustnDu mir ins Antlitz, ich..
461 795 1048 986 Ich... ich...
1189 883 1644 1089 Aegidius.
452 1057 2480 1265 Du liesest Glück! Ja, ja ich habs gefunden!
467 1227 2627 1394 Ein Wanderer war ich, Mädchen, eine Irrfahrt x
464 1365 2254 1585 Mein Leben. Seit ich jene Reise antrat
464 1556 2462 1696 Durchs weite Land der menschlichen Gefühle,
470 1670 2536 1867 Geschah mir nie so wohl wie jetzt. Lass mich
467 1814 2536 2046 Die süssen Lippen xxxssen, die hold flüsternd
478 1964 2239 2219 Sich völlig mir zu eigen gaben. Liebe,
478 2143 2143 2339 Gibt als Geschenk sich selbst dahin.
475 2275 2148 2495 Was kilmmern uns die Leute unter uns,
464 2454 2175 2642 Mit ihrem schüchternen Empfinden, die
475 2571 2342 2803 Ne bon dem, was allerhöchste Wonne ist,
481 2718 2521 2912 Furchtsam erbeben und gleichgiltge Schnörkel
481 2873 2395 3096 Von Menschenhand ans Götterbildnis malen.
475 3029 2609 3234 Ein Wanderer wirft sich unter Baumes Schatten,
481 3190 2336 3402 Wenn heiss die Sonne auf die Erde glüht
484 3337 2465 3601 So offen liegt das Glück vor uns, Geliebte,
2665 335 2844 475 169
