7304 4840
192 493 2827 839 Für unsern Geist, solang er in den Banden
155 722 1491 1015 des Körpers weilt.
1190 848 2940 1157 Ha in der Kögers Bauete
167 927 814 1115 Aegidius
134 1044 3312 1324 Wär’s das! Maas das nur! doch des Menschen Geist
188 1207 3040 1508 Ist auch von andrer Menschen Geist gefesselt,
150 1387 2698 1662 die doch nur sich- und jenen nicht verstehn.
217 1608 3015 1875 Und solchen beugt er sich. Und solchen muss er
205 1741 2961 2025 Gesuchen - Ah gehorchen! Ja - Das wäre
238 1900 2577 2188 Euch Ich fragt euch, euch brunter Augustin
196 2009 2890 2360 Wer solche Satzungen der Menschheit gab.
213 2238 3120 2518 Ihr sagtet darauf, nur sei nicht völlig wohl.
221 2401 3337 2627 Wie? Ists vielleicht den Sklaven nicht erlaubt
221 2568 3095 2844 Zu fragen, wenn er dient? Er muss sich fügen
234 2752 3408 3036 Und darf das Haupt nicht sehn, das ihm befiehlt?
188 2898 3550 3216 Augustin. Er kann es ja nicht sehn! Das Haupt ist Gott!
200 3082 2502 3408 Stegutus Und er gab die Gesetze?
1842 3207 3036 3529 Da, der Höchste!
221 3287 973 3479 Augustin
226 3387 3567 3713 Regitus. Ich aber sag! Ein Mensch gab die Gesetze,
292 3600 1737 3842 Leverin. Townh'ownh!
246 3671 3525 4072 Augustin (streng) Ihr lästert Gott, Augustus!
5078 184 5341 393 13
3742 422 6711 760 Regidius. In ältster Zeit, vor vielen tausend Jahren,
3717 697 6578 940 Als noch die Menschheit nichts als Kenschheit war,
3709 860 6223 1161 Nicht durch Karteiungen wie heutgen Tags
3729 1048 6110 1345 Zerrissen in unzählige kleine Theile,
3692 1219 6064 1495 Da war sie frei - war ungebunden frei
3754 1378 6306 1654 Jetzt - in den Jahren unseres Jahrhunderts
3759 1566 6502 1825 Verstehe wir dieses frei nicht völlig mehr
3767 1729 6210 2009 Nicht nur daß einer nicht dem anderüstende,
3734 1925 6231 2155 Nem. - auch im Tuern fühlte man sich niemals
3729 2051 6127 2343 bedruckt - die wilden Lüdenschaften schwiegen;
3704 2222 6369 2506 denn kaum erwacht war auch der Wunsch gestellt.
3759 2393 5955 2694 Und also wärs auf Ernte stets geblieben,
3759 2573 5914 2852 Wenn nicht ein eigenthümlich es Gefühl
3738 2752 5897 3040 Allmählig in die Welt geschlichen wäre¬
3717 2915 5809 3174 das Lieben nach Veränderung. Es kom¬
3738 3082 6014 3370 Und mit ihm alles andre. Ihrer Freiheit
3771 3274 6507 3554 Wand nun die Menschheit überdüssig Gleichheit
3729 3412 5997 3696 Langwult sie - der eine wollte herrschen
3759 3604 6018 3851 der andre mußt dienen – oder wollte.
3713 3771 6532 4026 Am manchmal findet sich im Menschenherzen
3742 3917 6168 4210 Der Reim zu einem solchen Dierenwollen
