3336 4088
2544 376 2724 522 155
481 598 2961 880 Menschheit bildet sichs immer ein, dass es etwas an -
449 778 2993 1047 dres gäbe. Es gibt nur eines. (er nimmt ihren Fächer)
446 1000 2971 1190 Erlaubt. ( er legt den Fächer zusammen ) Seht, das ist
465 1139 2952 1332 eine Geschichte. (er gibt dem Fächer eine andre Form)
452 1310 2885 1503 Das ist eine weite. (er gibt ihm wieder eine andre
465 1477 2847 1648 Form.) Da tst eine dritte. ( er tut das noch einige
462 1604 2841 1791 male ) Und so wetter und am Ende ists doch nur das!
494 1743 2408 1930 (er gibt der Faustina den Fächer zurück.
1825 1879 2268 2126 beide ab
1202 2066 1933 2272 Anselmus Zopf
1085 2180 2813 2408 sich die Stirne trocknend. Mit ihm ein
639 2224 1025 2430 ritt auf
478 2411 1050 2623 Festoräner)
1209 2487 1477 2667 Zopf.
484 2620 3006 2860 Wollen Sie, sehr wertes Komitteemitglied nicht aller —
500 2803 2828 2996 gütigst noch einen Moment verziehen? Ich will dann
497 2945 1813 3161 geduldig jedes Wort anhören.
1180 3088 1943 3360 Komiteemitglied.
490 3230 2851 3493 bitte. Zum Glück hat eben die Pause begonnen und
500 3445 2936 3708 im Saale werden Erfrischungen herumgereicht. Erst in
