3336 4088
2781 326 2963 458 105
565 697 3085 895 hielte, beiseite lassen und Dir, offen und rückhalts -
581 882 2969 1073 los alles gestehn. Ich liebe einen Mönch. Sein Name
584 1042 1733 1199 ist Aegidius. " Aegidius?
1315 1193 1761 1368 Benedikt.
578 1325 2150 1525 Ihr kennt den Namen vürdige Frau?
1362 1472 1842 1670 Aebtissin
596 1616 3016 1799 Ich hört ihn neul ich nennen. Aegidius. Sein Abt Hi
596 1786 3076 1965 larius - Aegidius, der seine Predigt mit einem Schrei
606 1968 2696 2100 abbrach - man sprach von religiösem Wahnstnn.
1359 2116 1500 2260 Ben
1569 2116 1842 2263 Gikt.
593 2238 2910 2417 Derselbe Aegidius. Ob es die Religion machte,
609 2407 3013 2549 dass er verrückt wurde, oder... oder trgend etwas an
625 2546 1648 2753 deres, das lehrt Euch.
1343 2712 1846 2897 Aebtiss in.
625 2841 3032 3019 ( liest ) "Sein Name ist Aegeidius. Du hast wohl ge-
615 3019 3010 3158 hört, dass er vor wenigen Tagen während seiner Pre
631 3151 2555 3315 digt.....( Diest schnell für sich weiter,
1362 3333 1802 3446 Benedikt.
628 3493 2596 3644 Ihr seht es ist der den Ihr vermutet habt.
