3352 4104
2766 323 2963 504 108
604 689 2914 906 Euerm Leben kein gottgefälligeres Werk vollbracht
616 867 2380 1111 habt, als Ihr jetzt vollbringen könnt.
1350 1051 1903 1259 Aebtissin.
631 1187 2890 1431 " Du bist der Welt nicht fremd, die Du verlassen
616 1401 1066 1582 hast...."
1353 1498 1824 1670 Benedikt.
622 1646 2881 1839 Bestnnet Euch nicht. Ists nicht Eure Aufgabe die
622 1821 2005 1990 Menschen glücklich zu machen?
1268 1987 1951 2150 Aebtissin.
643 2114 1142 2292 Glücklich?
1377 2286 1791 2377 Benedikt
1401 2371 1507 2446 8.
646 2386 2990 2582 Und gibt es ein süsseres Glück, als das der Liebe!
646 2561 3071 2730 Es ist Nacht, hochwürdige Frau. Niemand lauscht, wir
649 2688 2951 2905 sind allein mit unsern Gefühlen, wir dürfen offen
658 2863 2993 3032 sein. Weg das lästerliche Zeremoniel, das Euch ver¬
664 3020 2914 3207 bietet Erinnerungen zu gehorchen, die Euch ja so
664 3156 3017 3373 deutlich sagen, was Ihr tun sollt. Welche Vorwürfe
652 3316 3059 3545 müssten Euch Tag und Nacht verfolgen, wenn wirklich
652 3479 3047 3724 zwei Menschen durch Eure Schuld unglücklich würden?
