3320 4088
2610 322 2749 531 93
420 739 2876 923 schliessen, der verstrickt sich in noch ärgeres Uebel
436 891 2667 1059 und Unglück. Und das ist das Los der Sterblichen!
427 1049 2762 1239 Dunkel überall, düster ringsum. Kein Ausweg, keine
439 1207 2768 1375 Seligkeit. Und da nun das Vergangene verloren, das
449 1340 2853 1514 Zukünftige aber ungewiss ist - und da wir nun einmal
455 1485 2692 1687 leben und unser ganzes Ich, wie es nun atmet und
465 1624 2863 1823 denkt zu Staub wird und verweset und in kurzem alles
468 1782 2844 1975 auseinandergeht und dahin ist, so lasset uns nur ei
465 1947 2784 2136 nem unser Dasein weihn - dem Augenblicke. Nicht er
477 2105 2797 2300 innern, nicht denken, nur vergessen. Nicht grübeln
471 2266 2737 2468 nur gentessen. Genuss, Genuss! Allesandre wankt,
483 2398 2850 2591 sinkt, fällt! Was tst Glaube? Ein Wahn! Was ist das
483 2496 3027 2749 Wissen? Ein trügertsches Blendwerk.Erfüllung? Erlösung?
471 2699 2762 2929 Ruhe? Nirgends, nirgendes, ntrgends. Hin wallet un
493 2850 2774 3015 aufgehalten unser Leben, der Zufall spielt gleich
506 2986 2743 3207 giltig über dem Menschengeschlecht, nur eins ist
493 3144 2939 3324 wirklich, der Augenblick! Gentesst ihn, gentesst Ihn.
506 3290 2882 3536 (sein Blick fällt auf Faustina, die vor kurzem mit
