3560 4616
1481 583 2552 952 tegidius.
152 755 1563 1124 Von Arthur Schnitzler.
1071 1177 2330 1456 Klosterzelle, Nacht.
1218 1374 2343 1592 Brüder moncidius
185 1403 2831 1760 Bist du von neuem da, Gedank voll Glut,
131 1678 3430 1904 Und brennst mir durch die Seel! Kann ich dich nicht
176 1887 2704 2043 Verbannen durch Gebet und durch Kastein?
209 2014 2946 2219 Aus ist's mit meiner Kuh! — Hinweg mit dir,
172 2150 3147 2384 Du modernd Pergament, aus hin geschwundnene
156 2334 2991 2585 Jahrhundert weg! Sieh, wie der Staub so rasch
135 2507 2884 2745 Sich aus den Blättern flüchtet; – gleich wie wenn
131 2720 2650 2933 Er's nicht ertrüge, heißes, junges Leben
115 2835 3278 3126 Sig seiner Näh“ zu fühlen. Weg. Du Pergamentland.
148 3007 2585 3282 da lieg in deiner Ecke, rühr’ dich nicht
135 3163 3344 3446 Und bleib. - Du flackerst, Licht? - Erschrükst du wohl?
111 3335 3204 3557 Ich sollt' es selbst vor mir, — bin ich ein andrer doch¬
172 3495 2802 3750 Als aber ich gestern war. Mit einem Stal
131 3672 2055 3934 Entflamente sich die Teufels glut
156 3856 2983 4053 In meiner Brust. Und hab’ ich s nur versucht,
135 3992 3114 4226 die Glut zu löschen? - Nein, ich ließ es brennen,
