7544 5096
475 578 3530 827 verweset und in kurzem Alles auseinandergeht
403 698 3795 1045 und dahin ist, so lasset uns nur einem unser Dasein
347 925 3795 1221 weihe – dem Augenblicke. Nicht erinnern, nicht den¬
373 1088 3804 1422 ken nur vergessen. Nicht grübeln, nur genießen.
441 1268 3791 1585 Gerufs, Genigs! Alles andere wankt, best, fällt!
450 1426 3671 1739 Was ist Glaube? Ein Wahn! Was ist das Wissen?
493 1611 3800 1915 Ein trügerisches Elendwerk! Erfüllung? Erlösung?
458 1786 3226 2030 Buhe' nirgends, niegends, mirgends!
497 1893 3834 2249 Hin wallet unaufgehalten unser Leben, der Zufall
527 2133 3753 2455 spielt gleichgiltig über dem Menschengeschlecht, nur
518 2292 3705 2613 eins ist wirklich, der Augenblick "Geniehlt ihn, ge¬
394 2515 1169 2780 nießt ihn
651 2639 3645 2952 (Sein Blick fällt auf Faustina, die vor Kurzem mit
737 2814 3753 3071 Romnald herein trat; sie sah still auf ihn, er erkannt
707 3020 3414 3269 sie, - kurze Pauso; Aegidius schreit laut auf
728 3157 3431 3444 Und stürzt die Hufen der Kanzel hinunter,
715 3333 3663 3667 Die Orgel beginnt: Erstaunen der Leute in der
758 3508 3864 3774 Kirche. Aegidius bohnt sich durch die Leute einen
745 3714 3658 3992 Weg und trifft auf den Abt. Der Abt wirft ihm
664 3825 3474 4112 einen ernsten Blick zu. Aegidius verhüllt sich
711 4048 3825 4327 und wirft sich kaum hinter dem Schatten eines Pfer¬
681 4185 3873 4502 lers verschwunden an einem kaum bemerktaren
4095 475 6734 758 Seiten alter meilen. Der Abt besteigt die
4082 621 7094 895 Kangel; die Menge beruhigt sich. Abt Hitarius
4065 840 5522 1127 beginnt zu sprechen.)
3967 1028 5093 1302 Abt Hilarius
4172 1259 7012 1624 Meine theuren, frommen, christlichen Brüder!
3902 1495 7222 1765 Lasst wieder Ruhe in einer aufgeregtes Herz kommen und
4215 1692 4584 1829 ersehet.
3962 1692 7278 1936 auch aus dem seltsamen Schauspiel, das Euch in diesen
3992 1829 7240 2150 heiligen Räumen ward, wie weit den Menschen Glau¬
3924 2001 7355 2275 Bauseifer zu bringen vermag. Denn habt Ihr des Brudor
4005 2232 7278 2442 Aegidius Rede wohl verstanden und seid Ihr ihm Wort
3988 2382 7210 2703 für Wort in seinen Erklärungen gefolgt, die er gar
3958 2527 7282 2844 mannigfaltig und fromm begeistert unterbrach, durch
3958 2746 7347 3011 die wilden Lästerungen der Gottlosen, auf daß Euch der
3992 2930 7347 3213 frevelhafte Sinn eben dieser Gottesleugner recht deutlich
3958 3084 7252 3384 und klar werde, so wisset Ihr ja auch, liebe Zuhörer,
3945 3303 7385 3543 daß unser frommer Bruder Augiclius die letzten Worte
4001 3401 7394 3684 einem jener Verruchten in den Mund legte, die kaum
3980 3611 7377 3877 wissen, was sie denken, viel weniger, was Sie reiten;
4040 3791 7364 4074 so kam es, daß der Widerspruch zwischen den Gesin¬
4014 3911 7419 4228 mungen eines Unseligen, die Bruder Ägilius ein frommen
4091 4112 7287 4429 Herzen hezt, und den Lästerungen eines Gottlosen sich
