7384 4872
456 361 3632 730 Mesius. Trinkt, denselben, die ihr heut Morgens
377 607 3434 896 getrunken, bevor ihr die Orgel probirtet. Item
396 757 3442 1082 heut Morgens habt ihr gut gespelt. Ich hab euch sel¬
349 936 3327 1205 ten so schön spielen hören. Wie die Töre doch den
254 1122 3113 1423 weiten Raum klangen, so voll und mächtig.
305 1281 3116 1586 Kornabas (hat den Dein vor Basibus gestellt)
282 1459 3160 1697 Man sieht, daß er einmal ein mit gewesen.
285 1622 3085 1947 Basibus (mehr für sich) Abends sollen sie noch
254 1804 3172 2002 voller, noch mächtiger Slingen. Ich bin heut in
278 1971 3093 2220 einer musikalischen Stimmung. Jugendträume
242 2117 3101 2411 Kirnchterin meines Seelen auf: Feuer des Begeisterung
258 2300 3081 2609 glühte durch meinen Geist. der Gedanke an
258 2466 3172 2704 die verlassene Welt war es, der in meinem
238 2657 3224 2887 Innern sein Erwachen feierte. Nun ists vorüber.
262 2791 3200 3097 Ich bin wieder mit Worten allein — und da verschwindet
238 2966 3128 3299 es. Aber waren ich meine Finger über die Tasten
222 3152 3220 3477 gleiten lasse, dann schreben sie hervor, die ver¬
262 3327 3283 3648 schwommenen Bilder, und ich ich spiel ihnen
305 3465 1301 3735 zum Tanze auf.
270 3580 3255 3933 Alexius. Ach ja. die Welt. Wir haben eben von
214 3802 3323 4151 der Welt gesprochen, würdiger Breit Baselius; ich und
3874 400 7062 849 Bamabas, und da begonnen wir uns wieder so sehr
3878 706 6142 991 zusehnen nach dem schönen Leben dest ober.
3830 872 6978 1166 Basiliers die dem schönen Leben? Ja wohl, schön, woraus
3906 1035 5836 1320 von der Kunst verkürzet wird.
3838 1269 6895 1550 Abrins hin so! Das war wohl so halb und halben.
3902 1372 5158 1681 taphorisch gesprochen.
3846 1602 6808 1776 Basilius Nie ihr's nehmt, lieber Brudes. Ich wenn
3866 1764 6737 2018 ihrs uns richtig empfindet, bleibt sich's zugleich. Ich
3858 1879 6717 2165 hab's nie verstanden, so recht mit Worten um¬
3890 2066 6649 2375 zugehen. Das Reich der Musik ist die Wohnung
3870 2212 6614 2530 meines Gefühle, meine Gedanken, und in der
3795 2379 6653 2704 Heimat. Eucht ich mich wohl. - Doch ersch, noch ein
3779 2569 6665 2799 Glas, lieber Bruder! Ich muß bald zur Orgel.
3842 2716 6530 3065 Barnabus. Ist es ganz fast dabei geblieben.
3822 2898 5571 3208 daß Brüder Angidius gedagt?
3842 3077 6534 3350 Basilius. Ich sprach mit dem Abte. Er sagt: seine
3806 3251 6443 3505 eigenen Worte sollen den Bruder läutern.
3909 3414 6626 3699 Hört ihr die Schritte? Angidius geht in seiner
3917 3592 6562 3874 Zelle langsamaufab und meditirt über
3894 3743 5876 4056 seiner Kriegt. (Es klopft)
3866 3882 6594 4254 Barnabas. Hn, werchs schon wieder da?
