7432 4888
416 668 2630 943 Hast niemals, so wie ich, vermessen
424 828 2607 1096 Nach dieses Lebens Zweck gefragt,
401 1023 2672 1283 der Mensch" — so hast der stets gesagt
473 1187 2535 1420 Sei auch im Streben still und sachte,
347 1332 2550 1653 „Die Schranken hat ihm Gott gebeut."
321 1519 3054 1809 Erstes Genie! Und als ich jenes Gottes dachte,
527 1710 2535 1974 Da wurden meine Zweifel laut.
492 1851 2478 2126 Wohl that ich vor den andern so,
515 2008 2520 2325 Als wär ich meines Unseins froh,
481 2191 2707 2470 Als wurd ich durch der Bücher Zeichen,
481 2363 2600 2680 der Sehnsucht letztes Ziel erreichen.
481 2535 2470 2825 Doch wozu ämtere mich enthüllen,
454 2726 2592 2974 Glaubst du, die könnten sie vielleicht
447 2901 2279 3180 die ruhelose Schusucht stillen?
466 3046 2722 3336 Hätt' ich durch sie mein Ziel erreicht?...
462 3222 2447 3470 So bin ich denn für mich geblieben,
462 3382 2416 3703 Ich hab’ studirt und hat’ geschrieben
443 3554 2565 3871 Und sprach zu mir: „Noch bin ich jung,
386 3730 2390 4012 "das Alter bringt Befriedigung"
443 3882 2218 4173 Doch seh ich wohl schon heute ein
435 4054 2451 4375 Ich hab’ mit meinem Thun gefehlet,
389 4237 2397 4505 die hast den bessern Theil erwählet
3840 492 5803 805 das Beste ists ein Lung zu sein.
3833 702 5890 977 Ich thäs von Tag zu Tage denken.
3852 878 6161 1126 Und dachte fort - und wahr ein Tropf.
3882 1061 6097 1309 doch du zerbrachst dir nicht den Kopf
3875 1218 6173 1428 Und thätest deinen Schmerz ertränken
3882 1374 6161 1661 Und stürztest dich in Lust und freude
3882 1554 4566 1756 Und - und -
3863 1722 6383 1997 zweites Geme. Und bin wie du ein Thor¬
3928 1901 5745 2153 Unglücklich sind wir alle beide¬
3894 2103 5898 2310 Dann war die innere Ruh verlor,
3917 2241 6119 2500 Hat auch sein Lebensglück verloren.
3833 2439 6891 2707 Erstes Genie. Und würd ich noch einmal geboren
3936 2592 5925 2871 Ich könnte doch nichts anders thun,
3928 2764 6253 3043 Als immer streben, niem als ruhn.
3840 2920 6692 3222 Zweites Genie. Ich bin des jagens überdrüssig¬
4062 3115 6341 3378 Es scheint mir schaal und überflüssig
4035 3283 6513 3546 Und nun nicht stets verstört zu bleiben
4043 3436 6436 3695 Wilt ich mir nur die Zeit vertreiben
4073 3611 6497 3875 Um wünsche, daß sie bald verstreicht.
4066 3776 6020 4047 So ist mein letztes Ziel erreicht.
4047 3932 5898 4230 Was aber daß ich's nun erfahr,
4096 4111 6158 4402 führt dich denn hierher zum Altar?
