3352 4088
2736 410 2867 599 55
573 719 2932 905 bevor Ihr die Orgel probiertet, denn heut morgens.
573 869 2974 1057 habt Ihr gut gespielt. Ich hab Euch selten so schön
586 1077 2889 1207 spielen hören. Wie die Töne durch den weiten Raum
579 1197 1952 1393 klangen, so voll und mächtig!
1315 1324 1728 1539 Barnabas
586 1510 2867 1653 ( hat den Wein vor Basilius gestellt) Man sieht,
586 1685 2082 1822 dass er einmal ein Poet gewesen.
1315 1845 1744 2001 Basilius.
667 1965 3078 2187 mehr für sich ) Abends sollen sie noch voller, noch
582 2099 3114 2320 mächtiger klingen, ich bin heut in einer mustkalischen
576 2317 3104 2440 Stimmung. Jugendträume tauchten in meiner Seele auf.
586 2421 2925 2596 Feuer der Begeisterung glühten durch meinen Geist.
573 2564 3185 2736 Der Gedanke an dte verlassene Welt war es, der in meinen
586 2727 3029 2909 Innern sein Erwachen feterte. Nun ists vorüber. Ich
586 2886 2993 3055 bin wieder mit Worten allein...und da verschwindet
589 3059 3003 3221 es. Aber wenn ich meine Finger über die Tasten glei
586 3198 3059 3377 ten lasse, dann schweben sie hervor, die verschwomme
589 3358 2688 3508 nen Bilder und ich spiel ihnen zum Tanze auf.
