3320 4104
2598 501 2738 608 40
655 742 2349 952 Zerrissen in unzähl'ge kleine Teile,
658 932 2450 1106 Da war sie frei — war ungebunden frei.
664 1092 2587 1240 Jetzt, in den Jahren unseres Jahrhunderts
683 1249 2671 1408 Verstehn wir dieses frei nicht völlig mehr.
664 1378 2811 1529 Nicht nur, dass einer nicht dem andern diente,
669 1548 2744 1700 Nein? Auch im Innern fühlte man sich niemals
675 1683 2864 1862 Bedrückt - die wilden Leidenschaften schwiegen;
655 1837 2909 2008 Denn kaum erwacht, war auch der Wunsch gestillt.
680 1988 2551 2164 Und also wärs auf Erden stets geblieben,
678 2145 2380 2327 Wenn nicht ein eigentümliches Gefühl
661 2332 2495 2503 Allmählig in die Welt geschlichen wäre
2705 2428 2878 2573 G.C.H.P.
675 2453 2414 2601 Das Streben nach Verändrung. Es kam -
689 2618 2523 2741 Und mit ihm alles andre. Ihrer Freiheit
686 2752 2901 2906 Ward nun die Menschheit überdrüssig. Gleichheit
672 2912 2730 3077 Langweilte sie. - Der eine wollte herrschen
678 3086 2436 3212 Der andre musste dienen- oder wollte
672 3234 2702 3374 Denn manchmal findet sich im Menschenherzen
672 3385 2506 3520 Der Keim zu einem solchen Dienenwollen.
683 3508 2517 3699 Genug — die Sklaverei entstand. Mit ihr
689 3690 2934 3856 Gesetz und Recht, vielleicht Gesetz und Unrecht.
