3736 4728
324 416 3516 749 zwar fromm genug, die freyelhaften Worte nicht
425 677 3563 980 u verstehe und sagte: Du glaubst nicht, und das ist
294 858 3432 1115 Deine erste Sünde. Dach das sind die Ärgsten nicht
252 1022 3508 1283 die nicht glauben und gottlos in den Tag hinein leben
336 1190 3386 1468 die Ärgsten sind die, die nicht glauben und statt zu
311 1363 3592 1590 Glauben - Denken. Und das ist deine zweite Sunde
315 1531 3487 1838 Mensch! Und diese bestraft sich schon auf Erden
278 1754 3554 1926 weil du dich eben wegen dieses Denkens unglück¬
257 1872 896 2162 lich fühlst.
501 2053 3601 2276 Denken! Mich kommt ein gelinder Schauder
210 2221 3592 2440 an, theure Andächtige, wenn ich das Wort ausspreche,
198 2393 3546 2717 Wenn ihr in den Himmel eingehe, und auf Erden
252 2562 3348 2843 glücklich sein wollet, so denket nicht. Glaubt
257 2734 3546 2982 28 und lasset-alles andere seiner Wege gehe, wie's
265 2940 3504 3180 geht. Es giebt eine sonderbare Klasse von Mun¬
227 3150 3546 3411 schen, die die abscheuliche Gewohnheit hat, immer bei
252 3268 3491 3500 Allem und jedem nach dem Wärm? zu fragen.
252 3470 3567 3735 Ein grübelndes Volk verdammlicher Zweifler, die
231 3617 3491 3903 ihr meiden sollt, wo Ihr Ihnen begegnet. Sie ver¬
219 3760 3357 4059 posten die Luft wo sie Šthmen, und bringen jene
231 4000 3554 4206 entsetzliche Krankheit unter die Leute, die man
