7240 5000
189 738 2210 1012 Ich sahns wohl und Stolz erfasste auf.
193 882 2195 1198 Ich fühlte, daß ich über alle herrschte,
193 1068 2124 1342 Ich fühlte mich als Königin. Als sich
163 1231 2558 1498 Mein Busen schneller athmend sob und siekte,
159 1416 2744 1698 Und das Gewand, sich lüstere um ihn schwiegend
119 1565 2458 1839 Als wäres selbst in ihn verliebt, jedoch der
152 1761 2161 2006 Bewegung folgte, jeder unbewußten,
115 1906 2625 2199 Die dem Begehren doch so bald bewußt ward,
133 2106 2451 2377 Da sah ich sah gar wohl, die stolzen Männer,
148 2295 2558 2543 die stolzen, die im Treiben unserer Welt
171 2469 2414 2714 Die ersten sind — da sah ich sie vergehen
178 2610 1895 2884 In eines Weibs Betrachtung
1917 2773 2721 3062 Und ich weiß
219 2955 2147 3218 Hatt ich zu einem dieser Herrscher da
193 3140 2336 3396 Mit sustem Flüsterwort gesagt. O kom
230 3311 3025 3489 Und küsse mich — mein klag wär er geworden
189 3437 2584 3737 Mein Unterthan durch meiner Lippen Kuß
834 3641 3025 3904 Erwärs geworden. Ist es nicht ein jeder
200 3759 2710 4067 der mich gesehn? Da stande sie – die einen
200 3974 2276 4204 Mit blossem Antlich - liebesgramer füllt;
122 4141 2369 4427 di andere hochgerötet Stirn und Wangen
189 4293 2599 4612 Von der Regierde angefachtem Feuer¬
3607 664 5895 927 Ein jeder mein - und ohne daß ich darum
3637 827 6366 1094 Wie sonst die Weiber - sein mich nennen mußte,
3997 997 6521 1275 Es ist nicht lang; vielleicht drei Monde erst,
3708 1172 6229 1435 Da war ich einem Manne selbst zu eigen;
3733 1350 5995 1620 Und mancher andere hab ich auch geliebt
3704 1509 6414 1765 Und ward am End des Lebens und Genießers
3708 1691 5943 1943 Recht überdrüssig, und jemmehr die Sehnsucht
3674 1857 6040 2136 Geliebt zu werden, nur im Herzen flammte,
3722 2035 6103 2313 Teweniger empfand ich selbst die liebe¬
3652 2184 6114 2503 Die Stellung jener Sehnsucht war mir alles,
3641 2373 5980 2669 In ihr fand ich Genuss und stetes Leben,
3611 2532 6132 2851 Und doch befriedigung zugleich und Frieden¬
3656 2710 6158 3033 Bald reizissie, die mir zu Fusten liegen,
3670 2903 6381 3170 Bald wenn ich kalt mein Angesicht von ihnen,
3711 3070 5976 3359 Und sichte Hoffnung, namenlosen Schmerz,
3637 3263 6625 3504 Ich biet ihn wechselnd denen, die mich lieben.
3678 3418 6273 3622 Und dieses Spiel mit den verliebten Männern,
3667 3585 6633 3815 Nun währt es Monde lang. Mich dunkt, sie werden
3670 3748 6114 4067 Espäter und als ich, dies doch begonnen
3715 3926 5758 4219 Ermatten fühl ich mich. Alltäglichkeit
3722 4108 5676 4397 Und Langeweile nahm sich von neuem
