3320 4104
2779 411 2899 543 91
626 755 2980 977 Warum soll ich das Weib nicht besitzen, das ich un
635 965 2914 1118 endlich liebe und das mich unendich liebt. Lasst
629 1118 2959 1274 Eure Gedanken weit hinfliegen, geliebte Andächtige
641 1250 2974 1403 und denkt Euch nun, dass die Schranken fallen, wel
635 1436 2980 1544 che jener verrückte Tor so sehr perdammt, inn Wahr
632 1604 2950 1718 heit fallen. Das Weib des andern ist frei - es ge
638 1688 1912 1873 hört ihm, ihm der es liebt!
638 1873 2965 2005 O, er ist zu selig der Nar-r und denkt nicht weiter
641 1996 2956 2170 und ist mit dem Genusse des Augenblicks zufrieden.
635 2173 2932 2335 Das Weib ist frei. Und alle Leidenschaften auf Er
662 2338 2941 2482 den schal ten und wal ten schrankenlos. Noch ein an
662 2476 3069 2632 derer Mann fasst glühende Liebe zu dem Weth, das nun
656 2611 3057 2785 den beiden, in Wahrheit aber keinem und allen gehört.
653 2758 2938 2941 Soll ich Euch die Geschichte weiter erzählen? Wie
656 2923 2941 3090 das Weib nun auch den Gelüsten eines dritten sich
644 3090 2896 3234 hingab? Wie der erste aber rasend darob ward und
659 3192 2947 3372 beide erschlug, und nun unglücklicher war als je?
659 3378 3027 3555 Und wies in der ganzen Welt ebenso elend zuging als
