3320 4120
2682 396 2812 565 96
519 752 2724 924 den höhnenden Gesinnung halber zu hassen und zu
519 921 2809 1090 verdammen. Unser lieter, frommer Bruder Aegidtus
480 1060 2908 1235 ist heute noch ein Jüngling. Er wird ein Mann werden
513 1214 2848 1386 es wird sich auskämpfen Leidenschaft wider Leiden
516 1356 2784 1558 schaft in seinem aufgeregten Herzen. Friede und
525 1540 2869 1685 selige Ruhe wird in seine Seele kommen, wie sie je
525 1715 2839 1818 dem wird, der da in Ehrfurcht niederkniet vor dem
516 1860 2923 2002 Höchsten und das Edelste, Grösste anstrebt, was dem
510 1981 2800 2138 Menschen werden kann - Gottähnlichkeit. Der Name
541 2150 1848 2286 des Herrn sein gelobt. Amen.
541 2319 2878 2464 ( Der Abt verlässt die Kanzel, die Leute entfernen
634 2404 1984 2513 (votre amitiété lʼœuvrité. (F)
577 2452 2975 2667 sich aus der Kirche. Orgel. Augustin scheint den Abt
1782 2564 2337 2664 — ̃
544 2636 2129 2803 etwas zu fragen. Der Abt erwidert:
583 2733 1021 2839 ilmoitta.
535 2797 1456 2957 Lasst ihn ruhn ( ab
525 2902 2866 3117 Aegidtus liegt unbeweglich beim Altare. Unbemerkt.
1576 3020 1845 3120 a
550 3071 2957 3201 Vom Chor kommen Leute herunter in eifrigem Gespräch.
1084 3174 2054 3265 iMimme oli nyttä
541 3237 2800 3401 Faustina, verschleiert eilt zum Altar. Sie küsst
544 3382 1806 3591 den Aegidius und eilt fort.
