3352 4120
2812 473 2940 607 37
640 736 2890 891 Drum fürcht ich mich, die Brücke zu beschreiten,
640 954 2480 1137 Denn eine Sage geht: Sobald der Wandrer
637 1107 2477 1235 Erst drüben ist, erblindet er sogleich.
646 1244 2710 1382 Was nützt ihm dann die Klarheit rings herum?
646 1388 2522 1564 Ach! Andern ist sie ja bestimmt als ihm.
640 1520 2575 1711 Er darf sich nimmer ihrer Strahlen freun.
649 1693 2719 1870 Sich nicht im Meer des selgen Lichtes baden!
646 1858 2650 1995 So ist's, Ihr lieben Brüder. Ja! Und darum
649 2013 2357 2151 Wird Euch die feurigste Beredsamkeit
661 2163 2486 2267 Vergebens sich in heissen Mühen quälen,
646 2267 2937 2450 Mir das zu schildern, was sie selbst nicht kennt.
652 2462 2949 2617 „Nicht kennt, weil sie’s nicht sah, wel sie's nur
2659 2572 2902 2731 ahnt.
676 2755 3078 2896 (Als wär er mit einem Mal in einen neuen Gedanken.—
1645 2857 1807 2952 le sujet
721 2857 1337 2955 ....i.
670 2925 1971 3102 krets gekommen) Ahnt - ahnt
1301 3072 1756 3219 Augustin.
652 3186 2007 3389 Aegidius, mein lieber Bruder,
649 3350 2492 3563 Auf schlimmem Irrweg wandelt Euer Sinn.
667 3530 1618 3682 Geht heute beichten!
