3336 4088
2495 352 2688 490 149
490 678 1888 933 Das Auge die gewohnte Schürfe.
1219 876 1636 1043 Leonhard
516 992 1486 1202 (Gibt ihr das Licht.)
539 1188 865 1327 Besser
507 1293 2390 1466 Vermag ich alles dort zu sehn, als unten¬
499 1449 2387 1619 Ich bin wie ein Poet, der sich auf Erden
499 1622 2495 1778 Zurecht nicht finden kann, zur Höhe strebt.
507 1755 2379 1950 Er sucht Gewährung eines innern Wunsches
519 1919 2577 2104 Und fühlt, dass in dem Umkrets des Gewohnten
519 2072 2481 2262 Gewähr ihm niemals winkt. Ob je wo anders?
513 2203 2418 2379 Wo unser Atem weht, der rasch verhauchte,
516 2347 2792 2569 Ist alles klein — und Menschensein und Schicksal,
513 2517 2381 2707 So gross es auch zu Zeiten scheinen mag,
524 2668 2328 2852 Wenn es die Sinne und Gedanken aufregt,
516 2824 2427 2988 Bedeutungslos verschwindets meinem Blick,
513 2994 2390 3153 Richt ich ihn auf zu jener grossen Ruhe,
519 3150 2730 3342 Die still ob unsern Häupten glänzt.-Komm, Kind!
1264 3320 1732 3490 Felicitas.
527 3459 1721 3674 Sieh dort — ein Schläfer¬
