3352 4088
2526 393 2725 567 145
559 639 2556 868 Darf ich Dein Ziel bestimmen- lächle nicht
520 788 2285 1002 Mit dieser Kalten, unberührten Miene.
517 992 2081 1183 In jener letzten Tage trüben Lauf
510 1082 2280 1318 Hab ich dies Antlitz allzuoft gesehn.
517 1228 2409 1464 Ich habs gesehn, so oft mein wilder Sinn
517 1370 2262 1619 Um Liebe flehte — habs gesehn, so oft
510 1539 2325 1775 Dem Fiebertollen Wilnsche Du versagtest,
500 1696 2437 1924 Was Du nicht länger mehr versagen darfst,
497 1837 2464 2108 Ohn dass der Wahnsinn meiner mächtig wird.
495 1996 659 2116 Ist
1236 2066 1673 2168 Faustina.
475 2203 2091 2394 Aegidius will mein Ziel bestimmen?
1213 2377 1668 2578 Aegidius.
472 2451 646 2613 Ja,
475 2625 2287 2832 Ich kenn ein Ziel, das Seligketten mir
472 2827 2168 2988 Das Dir der Liebe feurigste Genüsse,
475 2956 2297 3103 Uns beiden süsse, himmlische Erfüllung,
452 3063 2156 3247 Das wahres Glück uns bieten kann....
457 3267 2036 3451 Lass uns hinan die Treppe stetgen
