<?xml version="1.0" encoding="UTF-8" standalone="yes"?>
<PcGts xmlns="http://schema.primaresearch.org/PAGE/gts/pagecontent/2013-07-15" xmlns:xsi="http://www.w3.org/2001/XMLSchema-instance" xsi:schemaLocation="http://schema.primaresearch.org/PAGE/gts/pagecontent/2013-07-15 http://schema.primaresearch.org/PAGE/gts/pagecontent/2013-07-15/pagecontent.xsd">
    <Metadata>
        <Creator>prov=READ-COOP:name=TrHtr:version=2.1.0:model_id=51170:date=28_07_2023_11:36</Creator>
        <Created>2023-05-10T11:24:19.879+02:00</Created>
        <LastChange>2023-07-28T11:36:17.726+02:00</LastChange>
        <TranskribusMetadata docId="1428155" pageId="55386869" pageNr="45" tsid="131342638" status="IN_PROGRESS" userId="64420" imgUrl="https://files.transkribus.eu/Get?id=XGUENSRPFYFYFFYCGVVUYMUC&amp;fileType=view" xmlUrl="https://files.transkribus.eu/Get?id=OKBZONMGRWXQSRFGGXTGZBOI" imageId="44661766"/>
    </Metadata>
    <Page imageFilename="1428155_0045.jpg" imageWidth="3368" imageHeight="4104">
        <ReadingOrder>
            <OrderedGroup id="ro_1711820459868" caption="Regions reading order">
                <RegionRefIndexed index="0" regionRef="tr_1"/>
                <RegionRefIndexed index="1" regionRef="tr_2"/>
            </OrderedGroup>
        </ReadingOrder>
        <TextRegion id="tr_1" custom="readingOrder {index:0;}">
            <Coords points="611,499 3074,499 3074,2705 611,2705"/>
            <TextLine id="tr_1_tl_1" custom="readingOrder {index:0;}">
                <Coords points="2747,603 2762,603 2787,588 2802,600 2821,597 2855,575 2876,575 2870,421 2855,421 2849,428 2827,418 2812,428 2781,418 2769,425 2741,421"/>
                <Baseline points="2760,549 2805,549 2850,549 2880,555"/>
                <TextEquiv>
                    <Unicode>36</Unicode>
                </TextEquiv>
            </TextLine>
            <TextLine id="tr_1_tl_2" custom="readingOrder {index:1;}">
                <Coords points="603,889 2563,886 2627,769 606,769"/>
                <Baseline points="620,877 662,877 707,874 752,874 796,871 841,871 886,871 931,868 976,868 1020,868 1065,868 1110,868 1155,868 1199,868 1244,868 1289,868 1334,868 1378,868 1423,868 1468,865 1513,862 1558,862 1602,859 1647,862 1692,862 1737,862 1781,862 1826,862 1871,862 1916,862 1960,862 2005,859 2050,859 2095,859 2140,859 2184,859 2229,859 2274,859 2319,856 2363,856 2408,859 2453,856 2498,856 2542,856 2587,856 2632,859"/>
                <TextEquiv>
                    <Unicode>Ist klar und greifbar — wie das Eure nicht.</Unicode>
                </TextEquiv>
            </TextLine>
            <TextLine id="tr_1_tl_3" custom="readingOrder {index:2;}">
                <Coords points="615,1061 1661,1018 1837,1080 2212,1018 2399,1074 2461,944 1821,898 1547,966 618,954"/>
                <Baseline points="632,1023 674,1023 719,1020 764,1023 808,1020 853,1020 898,1020 943,1020 987,1020 1032,1020 1077,1017 1122,1017 1167,1020 1211,1020 1256,1020 1301,1020 1346,1017 1390,1017 1435,1017 1480,1014 1525,1017 1569,1014 1614,1014 1659,1011 1704,1011 1749,1011 1793,1011 1838,1011 1883,1011 1928,1011 1972,1011 2017,1011 2062,1011 2107,1011 2151,1011 2196,1011 2241,1011 2286,1008 2331,1011 2375,1011 2420,1011 2465,1011"/>
                <TextEquiv>
                    <Unicode>Verschwommen in dem Nebel der Vermutung</Unicode>
                </TextEquiv>
            </TextLine>
            <TextLine id="tr_1_tl_4" custom="readingOrder {index:3;}">
                <Coords points="600,1246 2729,1184 2652,1074 600,1083"/>
                <Baseline points="617,1175 632,1178 677,1175 722,1175 767,1175 811,1175 856,1172 901,1172 946,1172 990,1170 1035,1170 1080,1170 1125,1170 1170,1170 1214,1170 1259,1170 1304,1170 1349,1167 1393,1167 1438,1167 1483,1167 1528,1167 1572,1167 1617,1164 1662,1167 1707,1164 1752,1164 1796,1164 1841,1161 1886,1161 1931,1161 1975,1161 2020,1161 2065,1164 2110,1161 2154,1161 2199,1158 2244,1158 2289,1158 2334,1158 2378,1158 2423,1158 2468,1158 2513,1158 2557,1155 2602,1155 2647,1152 2692,1149 2736,1149"/>
                <TextEquiv>
                    <Unicode>Schwebt Eurer Sehnsucht Bild, und letcht ver¬</Unicode>
                </TextEquiv>
            </TextLine>
            <TextLine id="tr_1_tl_5" custom="readingOrder {index:4;}">
                <Coords points="2138,1400 2218,1372 2295,1378 2353,1335 2412,1344 2443,1314 2529,1357 2664,1350 2664,1209 2532,1240 2452,1227 2369,1267 2304,1267 2273,1240 2190,1255 2138,1240"/>
                <Baseline points="2154,1313 2199,1310 2244,1313 2289,1313 2334,1310 2378,1310 2423,1310 2468,1310 2513,1310 2557,1310 2602,1307 2647,1313 2671,1313"/>
                <TextEquiv>
                    <Unicode>schwebt es.</Unicode>
                </TextEquiv>
            </TextLine>
            <TextLine id="tr_1_tl_6" custom="readingOrder {index:5;}">
                <Coords points="594,1486 2621,1523 2852,1477 2852,1381 594,1418"/>
                <Baseline points="611,1474 620,1474 665,1471 710,1471 755,1471 799,1471 844,1474 889,1471 934,1471 978,1468 1023,1468 1068,1471 1113,1468 1158,1468 1202,1468 1247,1468 1292,1468 1337,1468 1381,1468 1426,1468 1471,1465 1516,1465 1561,1465 1605,1465 1650,1465 1695,1465 1740,1465 1784,1462 1829,1462 1874,1462 1919,1462 1963,1462 2008,1462 2053,1459 2098,1462 2143,1462 2187,1462 2232,1462 2277,1462 2322,1462 2366,1459 2411,1456 2456,1459 2501,1459 2545,1459 2590,1456 2635,1456 2680,1456 2725,1459 2769,1459 2814,1462 2859,1465"/>
                <TextEquiv>
                    <Unicode>Könnt Ihrs in Worten schildern wie ichs könnte,</Unicode>
                </TextEquiv>
            </TextLine>
            <TextLine id="tr_1_tl_7" custom="readingOrder {index:6;}">
                <Coords points="609,1667 2716,1627 2716,1557 2295,1507 2110,1566 609,1535"/>
                <Baseline points="626,1620 665,1620 710,1620 755,1623 799,1623 844,1623 889,1623 934,1620 978,1620 1023,1617 1068,1617 1113,1617 1158,1617 1202,1614 1247,1614 1292,1614 1337,1614 1381,1614 1426,1614 1471,1614 1516,1611 1561,1611 1605,1611 1650,1611 1695,1614 1740,1614 1784,1611 1829,1611 1874,1611 1919,1608 1963,1611 2008,1611 2053,1611 2098,1611 2143,1611 2187,1611 2232,1608 2277,1608 2322,1608 2366,1608 2411,1608 2456,1608 2501,1608 2545,1605 2590,1605 2635,1605 2680,1608 2725,1611"/>
                <TextEquiv>
                    <Unicode>Wenn ich Euch beide wert hielt' zu vernehmen,</Unicode>
                </TextEquiv>
            </TextLine>
            <TextLine id="tr_1_tl_8" custom="readingOrder {index:7;}">
                <Coords points="606,1806 2310,1809 2310,1689 1566,1667 1474,1726 1369,1673 1197,1723 1126,1673 1015,1726 606,1670"/>
                <Baseline points="623,1778 662,1775 707,1775 752,1775 796,1775 841,1775 886,1772 931,1772 976,1772 1020,1772 1065,1772 1110,1772 1155,1772 1199,1772 1244,1772 1289,1772 1334,1772 1378,1769 1423,1769 1468,1769 1513,1766 1558,1769 1602,1766 1647,1769 1692,1766 1737,1766 1781,1763 1826,1763 1871,1766 1916,1763 1960,1763 2005,1763 2050,1763 2095,1766 2140,1763 2184,1763 2229,1760 2274,1760 2319,1760"/>
                <TextEquiv>
                    <Unicode>Was unter uns ich eben nur begreife?</Unicode>
                </TextEquiv>
            </TextLine>
            <TextLine id="tr_1_tl_9" custom="readingOrder {index:8;}">
                <Coords points="612,1953 2018,1923 2233,1987 2393,1926 2572,2003 2901,1926 2759,1815 1449,1895 612,1846"/>
                <Baseline points="629,1928 665,1928 710,1925 755,1925 799,1925 844,1928 889,1928 934,1931 978,1925 1023,1925 1068,1922 1113,1922 1158,1922 1202,1922 1247,1922 1292,1922 1337,1925 1381,1925 1426,1922 1471,1922 1516,1922 1561,1922 1605,1919 1650,1922 1695,1919 1740,1919 1784,1919 1829,1919 1874,1919 1919,1916 1963,1916 2008,1916 2053,1919 2098,1919 2143,1916 2187,1916 2232,1916 2277,1916 2322,1913 2366,1916 2411,1916 2456,1916 2501,1913 2545,1916 2590,1913 2635,1913 2680,1913 2725,1913 2769,1913 2814,1913 2859,1913 2904,1916"/>
                <TextEquiv>
                    <Unicode>Geböt' ichs Euch, Ihr müsstet machtlos schweigen.</Unicode>
                </TextEquiv>
            </TextLine>
            <TextLine id="tr_1_tl_10" custom="readingOrder {index:9;}">
                <Coords points="603,2113 2729,2086 2729,2015 2418,1963 606,2027"/>
                <Baseline points="623,2080 632,2080 677,2080 722,2077 767,2080 811,2080 856,2080 901,2080 946,2080 990,2080 1035,2080 1080,2077 1125,2077 1170,2077 1214,2077 1259,2074 1304,2074 1349,2074 1393,2074 1438,2074 1483,2071 1528,2071 1572,2071 1617,2068 1662,2071 1707,2071 1752,2071 1796,2071 1841,2068 1886,2068 1931,2068 1975,2068 2020,2068 2065,2068 2110,2068 2154,2068 2199,2068 2244,2068 2289,2065 2334,2065 2378,2065 2423,2065 2468,2065 2513,2065 2557,2065 2602,2065 2647,2065 2692,2068 2736,2077"/>
                <TextEquiv>
                    <Unicode>Wenn Ihr mir schwarze Fläche gäbt und Kreide,</Unicode>
                </TextEquiv>
            </TextLine>
            <TextLine id="tr_1_tl_11" custom="readingOrder {index:10;}">
                <Coords points="600,2243 883,2304 1320,2236 1415,2286 1692,2233 2258,2270 2258,2160 2203,2150 600,2169"/>
                <Baseline points="617,2238 653,2235 698,2235 743,2235 787,2232 832,2232 877,2232 922,2232 967,2232 1011,2232 1056,2232 1101,2229 1146,2229 1190,2229 1235,2229 1280,2229 1325,2229 1369,2229 1414,2226 1459,2226 1504,2226 1549,2226 1593,2223 1638,2223 1683,2223 1728,2223 1772,2223 1817,2220 1862,2220 1907,2220 1952,2220 1996,2217 2041,2217 2086,2217 2131,2217 2175,2220 2220,2220 2265,2226"/>
                <TextEquiv>
                    <Unicode>In wenig Augenblicken stünd' es da,</Unicode>
                </TextEquiv>
            </TextLine>
            <TextLine id="tr_1_tl_12" custom="readingOrder {index:11;}">
                <Coords points="603,2399 2541,2396 2541,2301 2224,2270 606,2323"/>
                <Baseline points="623,2384 668,2384 713,2387 758,2387 802,2387 847,2387 892,2384 937,2384 981,2384 1026,2384 1071,2384 1116,2384 1161,2381 1205,2378 1250,2378 1295,2381 1340,2381 1384,2381 1429,2381 1474,2378 1519,2378 1563,2378 1608,2378 1653,2378 1698,2375 1743,2375 1787,2375 1832,2375 1877,2372 1922,2372 1966,2372 2011,2372 2056,2372 2101,2372 2146,2372 2190,2372 2235,2372 2280,2372 2325,2369 2369,2369 2414,2369 2459,2369 2504,2363 2548,2360"/>
                <TextEquiv>
                    <Unicode>Das silse Bild, das meine Sehnsucht sucht</Unicode>
                </TextEquiv>
            </TextLine>
            <TextLine id="tr_1_tl_13" custom="readingOrder {index:12;}">
                <Coords points="597,2581 3064,2563 3067,2436 600,2486"/>
                <Baseline points="614,2540 656,2540 701,2540 746,2537 790,2537 835,2537 880,2537 925,2537 970,2537 1014,2534 1059,2534 1104,2534 1149,2531 1193,2534 1238,2531 1283,2534 1328,2531 1372,2534 1417,2534 1462,2534 1507,2531 1552,2531 1596,2531 1641,2528 1686,2525 1731,2525 1775,2525 1820,2528 1865,2525 1910,2525 1954,2525 1999,2528 2044,2528 2089,2528 2134,2528 2178,2525 2223,2525 2268,2525 2313,2525 2357,2525 2402,2522 2447,2522 2492,2522 2537,2522 2581,2522 2626,2522 2671,2519 2716,2519 2760,2519 2805,2519 2850,2519 2895,2519 2939,2516 2984,2516 3029,2516 3074,2513"/>
                <TextEquiv>
                    <Unicode>Etns- hell - und schön - und in sich selbst vollend</Unicode>
                </TextEquiv>
            </TextLine>
            <TextLine id="tr_1_tl_14" custom="readingOrder {index:13;}">
                <Coords points="603,2722 2575,2704 2541,2621 2212,2578 2003,2633 606,2618"/>
                <Baseline points="623,2695 659,2695 704,2695 749,2695 793,2692 838,2692 883,2695 928,2692 973,2692 1017,2692 1062,2692 1107,2692 1152,2689 1196,2689 1241,2689 1286,2692 1331,2689 1375,2692 1420,2692 1465,2692 1510,2689 1555,2689 1599,2689 1644,2686 1689,2686 1734,2686 1778,2686 1823,2683 1868,2683 1913,2683 1957,2683 2002,2683 2047,2686 2092,2686 2137,2686 2181,2683 2226,2683 2271,2680 2316,2680 2360,2680 2405,2680 2450,2680 2495,2683 2540,2686 2584,2689"/>
                <TextEquiv>
                    <Unicode>Was brauchtet Ihr für Mittel und für Wege,</Unicode>
                </TextEquiv>
            </TextLine>
        </TextRegion>
        <TextRegion id="tr_2" custom="readingOrder {index:1;}">
            <Coords points="599,2779 2993,2779 2993,3633 599,3633"/>
            <TextLine id="tr_2_tl_1" custom="readingOrder {index:0;}">
                <Coords points="597,2886 2286,2864 2363,2852 2363,2738 1987,2793 597,2781"/>
                <Baseline points="614,2853 620,2850 665,2850 710,2847 755,2850 799,2847 844,2847 889,2847 934,2847 978,2847 1023,2844 1068,2844 1113,2844 1158,2844 1202,2841 1247,2844 1292,2841 1337,2841 1381,2841 1426,2841 1471,2841 1516,2841 1561,2841 1605,2841 1650,2838 1695,2838 1740,2838 1784,2838 1829,2838 1874,2838 1919,2841 1963,2838 2008,2838 2053,2838 2098,2838 2143,2838 2187,2838 2232,2835 2277,2832 2322,2829 2366,2829"/>
                <TextEquiv>
                    <Unicode>Mein würdger Bruder Augustin, um über</Unicode>
                </TextEquiv>
            </TextLine>
            <TextLine id="tr_2_tl_2" custom="readingOrder {index:1;}">
                <Coords points="606,3027 907,3079 1753,3052 1846,2996 2138,3049 2283,2999 2286,2938 609,2926"/>
                <Baseline points="623,3005 632,3008 677,3008 722,3008 767,3008 811,3008 856,3008 901,3005 946,3005 990,3002 1035,3002 1080,3002 1125,3002 1170,3002 1214,3002 1259,3002 1304,2999 1349,2999 1393,2999 1438,2996 1483,2996 1528,2996 1572,2996 1617,2996 1662,2996 1707,2996 1752,2996 1796,2993 1841,2996 1886,2996 1931,2993 1975,2993 2020,2993 2065,2993 2110,2993 2154,2990 2199,2993 2244,2993 2289,2990"/>
                <TextEquiv>
                    <Unicode>Die graue Flut verworrener Gedanken</Unicode>
                </TextEquiv>
            </TextLine>
            <TextLine id="tr_2_tl_3" custom="readingOrder {index:2;}">
                <Coords points="594,3178 2412,3184 2498,3156 2501,3067 597,3076"/>
                <Baseline points="611,3163 626,3160 671,3160 716,3160 761,3160 805,3157 850,3160 895,3157 940,3157 984,3154 1029,3154 1074,3154 1119,3157 1164,3157 1208,3154 1253,3154 1298,3154 1343,3154 1387,3151 1432,3151 1477,3151 1522,3148 1566,3148 1611,3148 1656,3148 1701,3148 1746,3148 1790,3148 1835,3148 1880,3145 1925,3145 1969,3145 2014,3145 2059,3145 2104,3145 2149,3145 2193,3142 2238,3142 2283,3142 2328,3142 2372,3142 2417,3142 2462,3142 2507,3148"/>
                <TextEquiv>
                    <Unicode>Ans Ufer heller Klarheit mich zu führen?</Unicode>
                </TextEquiv>
            </TextLine>
            <TextLine id="tr_2_tl_4" custom="readingOrder {index:3;}">
                <Coords points="581,3325 2532,3341 2535,3224 584,3239"/>
                <Baseline points="599,3310 614,3307 659,3307 704,3304 749,3304 793,3304 838,3304 883,3304 928,3301 973,3301 1017,3301 1062,3301 1107,3301 1152,3301 1196,3298 1241,3301 1286,3298 1331,3298 1375,3298 1420,3295 1465,3295 1510,3295 1555,3295 1599,3295 1644,3295 1689,3295 1734,3295 1778,3295 1823,3295 1868,3292 1913,3292 1957,3292 2002,3292 2047,3292 2092,3292 2137,3292 2181,3292 2226,3289 2271,3289 2316,3289 2360,3289 2405,3289 2450,3289 2495,3292 2540,3295"/>
                <TextEquiv>
                    <Unicode>Von Worten eine Brücke müsst Ihr zimmern.</Unicode>
                </TextEquiv>
            </TextLine>
            <TextLine id="tr_2_tl_5" custom="readingOrder {index:4;}">
                <Coords points="621,3535 2867,3461 2867,3378 2661,3344 621,3368"/>
                <Baseline points="638,3462 680,3456 725,3456 770,3456 814,3456 859,3456 904,3456 949,3456 993,3459 1038,3459 1083,3453 1128,3453 1172,3450 1217,3450 1262,3450 1307,3450 1352,3450 1396,3450 1441,3450 1486,3450 1531,3450 1575,3450 1620,3450 1665,3447 1710,3447 1755,3447 1799,3447 1844,3444 1889,3444 1934,3444 1978,3444 2023,3444 2068,3444 2113,3444 2157,3444 2202,3444 2247,3444 2292,3444 2337,3444 2381,3441 2426,3441 2471,3444 2516,3441 2560,3441 2605,3441 2650,3438 2695,3438 2739,3438 2784,3438 2829,3438 2874,3441"/>
                <TextEquiv>
                    <Unicode>(Lachend) Von Worten eine Brüchel Auf unf nieder</Unicode>
                </TextEquiv>
            </TextLine>
            <TextLine id="tr_2_tl_6" custom="readingOrder {index:5;}">
                <Coords points="603,3679 2987,3661 2984,3556 2812,3513 600,3556"/>
                <Baseline points="617,3614 662,3614 707,3611 752,3611 796,3611 841,3614 886,3611 931,3611 976,3614 1020,3611 1065,3611 1110,3611 1155,3614 1199,3614 1244,3611 1289,3614 1334,3614 1378,3614 1423,3614 1468,3611 1513,3611 1558,3614 1602,3614 1647,3614 1692,3617 1737,3614 1781,3614 1826,3614 1871,3614 1916,3614 1960,3611 2005,3611 2050,3611 2095,3611 2140,3611 2184,3611 2229,3611 2274,3614 2319,3614 2363,3614 2408,3614 2453,3614 2498,3614 2542,3614 2587,3614 2632,3614 2677,3614 2722,3614 2766,3614 2811,3614 2856,3614 2901,3617 2945,3617 2990,3620 2993,3623"/>
                <TextEquiv>
                    <Unicode>Schwankt sie und schwingt sich hölzern hin und her.</Unicode>
                </TextEquiv>
            </TextLine>
        </TextRegion>
    </Page>
</PcGts>
