<?xml version="1.0" encoding="UTF-8" standalone="yes"?>
<PcGts xmlns="http://schema.primaresearch.org/PAGE/gts/pagecontent/2013-07-15" xmlns:xsi="http://www.w3.org/2001/XMLSchema-instance" xsi:schemaLocation="http://schema.primaresearch.org/PAGE/gts/pagecontent/2013-07-15 http://schema.primaresearch.org/PAGE/gts/pagecontent/2013-07-15/pagecontent.xsd">
    <Metadata>
        <Creator>prov=READ-COOP:name=TrHtr:version=2.1.0:model_id=51170:date=28_07_2023_11:37</Creator>
        <Created>2023-05-10T11:24:45.203+02:00</Created>
        <LastChange>2023-07-28T11:37:20.520+02:00</LastChange>
        <TranskribusMetadata docId="1428155" pageId="55387569" pageNr="229" tsid="131342908" status="IN_PROGRESS" userId="64420" imgUrl="https://files.transkribus.eu/Get?id=NDSSCRBGVNKBJVLMJWQUBVWC&amp;fileType=view" xmlUrl="https://files.transkribus.eu/Get?id=AHGENAFZNFYVACFEEIUYROOA" imageId="44662465"/>
    </Metadata>
    <Page imageFilename="1428155_0229.jpg" imageWidth="7288" imageHeight="4824">
        <ReadingOrder>
            <OrderedGroup id="ro_1711820627595" caption="Regions reading order">
                <RegionRefIndexed index="0" regionRef="tr_1"/>
            </OrderedGroup>
        </ReadingOrder>
        <TextRegion id="tr_1" custom="readingOrder {index:0;}">
            <Coords points="161,218 7062,218 7062,4213 161,4213"/>
            <TextLine id="tr_1_tl_1" custom="readingOrder {index:0;}">
                <Coords points="5022,389 5043,389 5064,410 5094,397 5111,414 5141,418 5214,367 5269,359 5256,154 5231,154 5188,128 5175,137 5150,128 5107,179 5073,171 5043,201 5004,201"/>
                <Baseline points="5038,274 5128,268 5218,280 5271,292"/>
                <TextEquiv>
                    <Unicode>9</Unicode>
                </TextEquiv>
            </TextLine>
            <TextLine id="tr_1_tl_2" custom="readingOrder {index:1;}">
                <Coords points="1764,406 1789,410 1840,363 1849,371 1857,363 1875,371 1896,363 1943,380 1951,243 1917,239 1896,260 1883,260 1857,239 1806,243 1798,235 1772,235"/>
                <Baseline points="1791,358 1868,346 1958,346"/>
                <TextEquiv>
                    <Unicode>8</Unicode>
                </TextEquiv>
            </TextLine>
            <TextLine id="tr_1_tl_3" custom="readingOrder {index:2;}">
                <Coords points="3706,764 4061,683 5645,739 5773,658 6179,739 6183,525 5423,384 3711,461"/>
                <Baseline points="3731,680 3773,674 3862,674 3952,668 4041,674 4131,674 4221,674 4310,668 4400,668 4489,668 4579,668 4668,662 4758,662 4847,662 4937,656 5026,656 5116,650 5206,650 5295,650 5385,650 5474,644 5564,644 5653,644 5743,644 5832,644 5922,638 6012,638 6101,632 6191,632"/>
                <TextEquiv>
                    <Unicode>Und wieder ja- wenn Spielen Krankheit ist</Unicode>
                </TextEquiv>
            </TextLine>
            <TextLine id="tr_1_tl_4" custom="readingOrder {index:3;}">
                <Coords points="149,833 1021,786 1341,892 1593,764 2015,871 2746,781 2746,547 2596,529 154,555"/>
                <Baseline points="179,752 250,752 340,758 429,758 519,764 608,764 698,764 788,764 877,764 967,758 1056,758 1146,758 1235,758 1325,758 1414,758 1504,758 1594,764 1683,758 1773,758 1862,758 1952,758 2041,752 2131,752 2220,752 2310,746 2400,746 2489,740 2579,734 2668,734 2758,740"/>
                <TextEquiv>
                    <Unicode>Das spracht ihr wahr. Ledoch der Mensch, dem doch</Unicode>
                </TextEquiv>
            </TextLine>
            <TextLine id="tr_1_tl_5" custom="readingOrder {index:4;}">
                <Coords points="3852,803 3899,790 4018,790 4048,807 4095,790 4150,811 4168,794 4210,811 4206,705 4061,683 3980,730 3954,717 3847,752"/>
                <Baseline points="3874,782 3964,782 4053,782 4143,782 4215,788"/>
                <TextEquiv>
                    <Unicode>Eguhis</Unicode>
                </TextEquiv>
            </TextLine>
            <TextLine id="tr_1_tl_6" custom="readingOrder {index:5;}">
                <Coords points="3694,948 3864,888 4121,969 4214,892 4543,863 4979,965 5175,850 5773,841 5777,696 3694,773"/>
                <Baseline points="3719,847 3725,847 3815,847 3904,841 3994,847 4083,847 4173,841 4262,835 4352,835 4441,835 4531,835 4621,835 4710,829 4800,829 4889,829 4979,829 5068,829 5158,829 5247,823 5337,823 5427,817 5516,817 5606,817 5695,817 5785,817"/>
                <TextEquiv>
                    <Unicode>Auszum Ein Spiel? - Philosophie ein Spiel?</Unicode>
                </TextEquiv>
            </TextLine>
            <TextLine id="tr_1_tl_7" custom="readingOrder {index:6;}">
                <Coords points="149,986 525,961 845,1042 1042,961 1435,1063 1721,952 2092,965 2092,833 2011,871 1875,790 1567,884 1460,798 1345,888 1042,786 653,867 504,786 149,820"/>
                <Baseline points="173,937 262,937 352,937 441,937 531,937 620,937 710,937 800,937 889,937 979,937 1068,937 1158,931 1247,937 1337,931 1426,931 1516,931 1606,931 1695,937 1785,931 1874,931 1964,931 2053,931 2101,937"/>
                <TextEquiv>
                    <Unicode>All das so offen dazuiegen scheinet.</Unicode>
                </TextEquiv>
            </TextLine>
            <TextLine id="tr_1_tl_8" custom="readingOrder {index:7;}">
                <Coords points="5248,1033 5397,1085 5461,1059 5517,1085 5547,1055 5598,1055 5645,1085 5671,1072 5709,1110 5901,1093 5905,918 5722,833 5427,948 5372,922 5248,948"/>
                <Baseline points="5271,1003 5283,1003 5373,1003 5462,997 5552,997 5641,997 5731,991 5821,991 5910,997"/>
                <TextEquiv>
                    <Unicode>So sagt ich.</Unicode>
                </TextEquiv>
            </TextLine>
            <TextLine id="tr_1_tl_9" custom="readingOrder {index:8;}">
                <Coords points="3659,1080 3779,1038 3856,1050 3916,1106 4061,1059 4146,1068 4206,1033 4300,1059 4304,931 4261,935 4214,892 4129,969 3864,892 3749,969 3659,969"/>
                <Baseline points="3683,1044 3773,1026 3862,1026 3952,1020 4041,1020 4131,1020 4221,1014 4310,1020"/>
                <TextEquiv>
                    <Unicode>Augustin</Unicode>
                </TextEquiv>
            </TextLine>
            <TextLine id="tr_1_tl_10" custom="readingOrder {index:9;}">
                <Coords points="149,1179 1546,1119 1674,1238 1934,1234 2455,1136 2455,999 2353,939 1921,1025 1704,974 1426,1072 1042,961 867,1046 384,965 149,1038"/>
                <Baseline points="173,1110 226,1104 316,1104 405,1110 495,1110 585,1110 674,1116 764,1116 853,1116 943,1116 1032,1110 1122,1110 1211,1110 1301,1104 1391,1104 1480,1104 1570,1110 1659,1110 1749,1110 1838,1104 1928,1104 2017,1104 2107,1104 2197,1098 2286,1098 2376,1104 2465,1098"/>
                <TextEquiv>
                    <Unicode>Als wär es eben mir dazu geschaffen,</Unicode>
                </TextEquiv>
            </TextLine>
            <TextLine id="tr_1_tl_11" custom="readingOrder {index:10;}">
                <Coords points="3698,1281 3928,1208 4274,1281 4526,1191 4864,1302 4966,1251 5141,1298 5406,1221 5406,1080 5286,1033 4663,1080 4210,1033 3702,1132"/>
                <Baseline points="3725,1206 3803,1200 3892,1194 3982,1194 4071,1194 4161,1194 4250,1188 4340,1188 4429,1188 4519,1188 4609,1182 4698,1182 4788,1182 4877,1182 4967,1176 5056,1170 5146,1170 5235,1170 5325,1170 5415,1176"/>
                <TextEquiv>
                    <Unicode>Zum mindesten die Luftphilosophie,</Unicode>
                </TextEquiv>
            </TextLine>
            <TextLine id="tr_1_tl_12" custom="readingOrder {index:11;}">
                <Coords points="132,1311 2690,1354 2891,1328 2895,1161 2229,1119 1742,1247 1537,1119 137,1166"/>
                <Baseline points="161,1277 220,1283 310,1283 400,1283 489,1277 579,1277 668,1277 758,1277 847,1277 937,1283 1026,1277 1116,1283 1206,1283 1295,1283 1385,1277 1474,1277 1564,1277 1653,1277 1743,1277 1832,1271 1922,1271 2011,1271 2101,1265 2191,1271 2280,1271 2370,1265 2459,1265 2549,1259 2638,1259 2728,1265 2817,1259 2907,1265"/>
                <TextEquiv>
                    <Unicode>Dass ers nach Well und innerm Trieb benütze,</Unicode>
                </TextEquiv>
            </TextLine>
            <TextLine id="tr_1_tl_13" custom="readingOrder {index:12;}">
                <Coords points="3694,1413 3941,1379 4142,1456 4641,1362 5431,1426 5888,1362 5893,1204 5449,1187 5107,1302 4522,1196 4274,1285 3945,1208 3694,1281"/>
                <Baseline points="3719,1379 3749,1373 3838,1367 3928,1367 4018,1367 4107,1361 4197,1355 4286,1355 4376,1355 4465,1355 4555,1349 4644,1349 4734,1349 4824,1343 4913,1343 5003,1349 5092,1343 5182,1343 5271,1343 5361,1343 5450,1337 5540,1337 5629,1337 5719,1337 5809,1337 5898,1343"/>
                <TextEquiv>
                    <Unicode>des Schwebedenken in das Wesenlose,</Unicode>
                </TextEquiv>
            </TextLine>
            <TextLine id="tr_1_tl_14" custom="readingOrder {index:13;}">
                <Coords points="145,1524 1337,1580 1956,1465 2434,1576 2814,1503 2814,1371 2579,1285 2075,1379 1883,1298 615,1307 423,1401 145,1315"/>
                <Baseline points="167,1468 226,1456 316,1456 405,1450 495,1456 585,1450 674,1456 764,1456 853,1462 943,1456 1032,1456 1122,1450 1211,1456 1301,1456 1391,1456 1480,1456 1570,1456 1659,1450 1749,1450 1838,1450 1928,1450 2017,1450 2107,1450 2197,1450 2286,1444 2376,1444 2465,1444 2555,1444 2644,1444 2734,1444 2823,1444"/>
                <TextEquiv>
                    <Unicode>Der Mensch gehörcht auch andern Satzungen,</Unicode>
                </TextEquiv>
            </TextLine>
            <TextLine id="tr_1_tl_15" custom="readingOrder {index:14;}">
                <Coords points="3689,1631 3928,1546 4257,1623 4693,1537 5769,1563 5769,1405 5525,1362 5094,1452 4808,1362 4317,1371 4095,1460 3694,1409"/>
                <Baseline points="3719,1534 3809,1534 3898,1534 3988,1534 4077,1534 4167,1528 4256,1528 4346,1522 4435,1522 4525,1516 4615,1516 4704,1516 4794,1510 4883,1516 4973,1510 5062,1510 5152,1510 5241,1510 5331,1510 5421,1510 5510,1498 5600,1498 5689,1504 5779,1510"/>
                <TextEquiv>
                    <Unicode>Das mählige Schwerlieren in das Nichts.</Unicode>
                </TextEquiv>
            </TextLine>
            <TextLine id="tr_1_tl_16" custom="readingOrder {index:15;}">
                <Coords points="145,1670 623,1640 850,1721 1114,1652 1238,1734 1349,1648 1648,1742 1968,1631 2626,1682 2626,1490 2438,1580 1840,1469 1494,1571 145,1524"/>
                <Baseline points="167,1635 220,1629 310,1623 400,1617 489,1617 579,1617 668,1617 758,1623 847,1623 937,1623 1026,1617 1116,1617 1206,1617 1295,1623 1385,1623 1474,1617 1564,1617 1653,1617 1743,1617 1832,1617 1922,1617 2011,1617 2101,1617 2191,1617 2280,1611 2370,1611 2459,1611 2549,1611 2638,1611"/>
                <TextEquiv>
                    <Unicode>Als denen in der eignen sind am Brust.</Unicode>
                </TextEquiv>
            </TextLine>
            <TextLine id="tr_1_tl_17" custom="readingOrder {index:16;}">
                <Coords points="3706,1742 6362,1725 6439,1717 6443,1524 5410,1631 5167,1524 4360,1635 3711,1584"/>
                <Baseline points="3731,1707 3767,1707 3856,1707 3946,1707 4035,1701 4125,1707 4215,1701 4304,1701 4394,1695 4483,1695 4573,1695 4662,1695 4752,1689 4841,1689 4931,1683 5021,1689 5110,1683 5200,1683 5289,1677 5379,1677 5468,1671 5558,1671 5647,1671 5737,1677 5827,1677 5916,1677 6006,1671 6095,1665 6185,1665 6274,1665 6364,1665 6453,1671"/>
                <TextEquiv>
                    <Unicode>Tage, das ist ein Spiel, und zwar das schlimmste, denn</Unicode>
                </TextEquiv>
            </TextLine>
            <TextLine id="tr_1_tl_18" custom="readingOrder {index:17;}">
                <Coords points="167,1875 628,1900 777,1810 901,1896 1025,1823 1388,1934 1601,1836 1964,1947 2156,1815 2575,1810 2579,1661 2447,1717 1973,1635 1268,1755 1050,1665 389,1652 171,1734"/>
                <Baseline points="191,1809 256,1803 346,1797 435,1803 525,1803 614,1803 704,1797 794,1797 883,1797 973,1797 1062,1797 1152,1803 1241,1797 1331,1797 1420,1803 1510,1803 1600,1797 1689,1797 1779,1791 1868,1791 1958,1797 2047,1791 2137,1791 2226,1785 2316,1791 2406,1791 2495,1791 2585,1785"/>
                <TextEquiv>
                    <Unicode>Regid. Gehorcht? Muß, muß gehorchen?</Unicode>
                </TextEquiv>
            </TextLine>
            <TextLine id="tr_1_tl_19" custom="readingOrder {index:18;}">
                <Coords points="3672,1960 4390,1879 4765,1986 5030,1870 5692,1951 6145,1857 6149,1742 4710,1802 4539,1699 4343,1806 4112,1717 3963,1823 3672,1759"/>
                <Baseline points="3695,1874 3731,1874 3820,1874 3910,1868 4000,1868 4089,1868 4179,1868 4268,1868 4358,1862 4447,1862 4537,1856 4626,1856 4716,1856 4806,1850 4895,1856 4985,1850 5074,1850 5164,1850 5253,1844 5343,1844 5432,1844 5522,1844 5612,1844 5701,1844 5791,1844 5880,1838 5970,1838 6059,1832 6149,1838"/>
                <TextEquiv>
                    <Unicode>Man kan am Ende doch um mehr nicht spielen</Unicode>
                </TextEquiv>
            </TextLine>
            <TextLine id="tr_1_tl_20" custom="readingOrder {index:19;}">
                <Coords points="1917,2020 2114,2003 2208,2079 2267,2062 2310,2092 2494,1986 2656,2020 2865,1998 2861,1832 2613,1793 2434,1836 2383,1806 2242,1836 2199,1806 2011,1921 1917,1896"/>
                <Baseline points="1940,1964 2029,1946 2119,1946 2209,1958 2298,1964 2388,1964 2477,1964 2567,1964 2656,1964 2746,1964 2835,1970 2877,1976"/>
                <TextEquiv>
                    <Unicode>Freilich, Bruder.</Unicode>
                </TextEquiv>
            </TextLine>
            <TextLine id="tr_1_tl_21" custom="readingOrder {index:20;}">
                <Coords points="175,2092 286,2050 397,2101 495,2037 619,2050 670,2020 777,2015 811,2050 875,2050 961,2007 961,1896 781,1875 752,1845 679,1887 508,1887 436,1845 175,1909"/>
                <Baseline points="197,1970 286,1970 376,1976 465,1976 555,1976 644,1970 734,1970 823,1970 913,1976 967,1976"/>
                <TextEquiv>
                    <Unicode>Augustin.</Unicode>
                </TextEquiv>
            </TextLine>
            <TextLine id="tr_1_tl_22" custom="readingOrder {index:21;}">
                <Coords points="3659,2131 4501,2037 5060,2131 5380,2033 5846,2101 6132,2020 6136,1866 5769,1960 5047,1875 4701,1990 4398,1870 3869,1943 3664,1870"/>
                <Baseline points="3683,2053 3725,2053 3815,2047 3904,2041 3994,2041 4083,2041 4173,2035 4262,2035 4352,2035 4441,2035 4531,2029 4621,2023 4710,2023 4800,2023 4889,2023 4979,2017 5068,2023 5158,2023 5247,2017 5337,2017 5427,2011 5516,2011 5606,2011 5695,2000 5785,2006 5874,2000 5964,2000 6053,2000 6143,2000"/>
                <TextEquiv>
                    <Unicode>Als um das eigne menschliche Vernunft.</Unicode>
                </TextEquiv>
            </TextLine>
            <TextLine id="tr_1_tl_23" custom="readingOrder {index:22;}">
                <Coords points="196,2195 491,2161 645,2259 1093,2156 1375,2220 2015,2152 2216,2259 2583,2250 2711,2225 2711,2011 2515,1990 2357,2092 1900,1986 196,2071"/>
                <Baseline points="220,2143 304,2137 394,2143 483,2143 573,2143 662,2143 752,2143 841,2143 931,2137 1020,2143 1110,2143 1200,2143 1289,2149 1379,2149 1468,2149 1558,2143 1647,2143 1737,2143 1826,2143 1916,2137 2006,2131 2095,2131 2185,2137 2274,2137 2364,2137 2453,2143 2543,2137 2632,2143 2722,2137"/>
                <TextEquiv>
                    <Unicode>jedoch ihr scherzt. Von jeher kann ich auch</Unicode>
                </TextEquiv>
            </TextLine>
            <TextLine id="tr_1_tl_24" custom="readingOrder {index:23;}">
                <Coords points="3685,2344 4244,2225 6191,2263 6448,2225 6452,2037 5376,2054 5009,2156 4513,2037 4253,2156 3689,2075"/>
                <Baseline points="3707,2232 3773,2220 3862,2214 3952,2209 4041,2209 4131,2209 4221,2209 4310,2209 4400,2209 4489,2203 4579,2203 4668,2197 4758,2197 4847,2191 4937,2191 5026,2191 5116,2191 5206,2185 5295,2185 5385,2185 5474,2185 5564,2179 5653,2173 5743,2173 5832,2173 5922,2173 6012,2173 6101,2173 6191,2173 6280,2167 6370,2173 6459,2179"/>
                <TextEquiv>
                    <Unicode>tegichis. Und wenn ich auch hierauf erwiderte!</Unicode>
                </TextEquiv>
            </TextLine>
            <TextLine id="tr_1_tl_25" custom="readingOrder {index:24;}">
                <Coords points="179,2370 743,2340 1119,2447 1699,2327 1849,2447 2161,2327 2763,2340 2716,2216 2297,2267 1717,2152 623,2263 491,2161 184,2191"/>
                <Baseline points="208,2322 298,2322 388,2322 477,2322 567,2322 656,2316 746,2316 835,2316 925,2316 1014,2316 1104,2316 1194,2316 1283,2322 1373,2322 1462,2316 1552,2316 1641,2316 1731,2316 1820,2310 1910,2310 2000,2310 2089,2304 2179,2310 2268,2316 2358,2316 2447,2316 2537,2316 2626,2322 2716,2316 2770,2322"/>
                <TextEquiv>
                    <Unicode>Als gottesfünftgen Jüngling. Reiner war</Unicode>
                </TextEquiv>
            </TextLine>
            <TextLine id="tr_1_tl_26" custom="readingOrder {index:25;}">
                <Coords points="3702,2519 4214,2395 4381,2455 5329,2387 6034,2485 6063,2233 5261,2229 5115,2319 4479,2225 3706,2327"/>
                <Baseline points="3731,2394 3743,2394 3832,2388 3922,2388 4012,2382 4101,2382 4191,2382 4280,2382 4370,2382 4459,2382 4549,2376 4638,2370 4728,2370 4818,2364 4907,2364 4997,2358 5086,2364 5176,2358 5265,2358 5355,2364 5444,2358 5534,2352 5624,2352 5713,2352 5803,2352 5892,2352 5982,2358 6071,2358"/>
                <TextEquiv>
                    <Unicode>Ein solches Spiel wenn ich die Religion?</Unicode>
                </TextEquiv>
            </TextLine>
            <TextLine id="tr_1_tl_27" custom="readingOrder {index:26;}">
                <Coords points="222,2519 529,2605 675,2519 892,2622 1136,2494 1251,2571 1755,2502 2041,2618 2178,2502 2272,2583 2532,2549 2536,2425 2208,2327 1853,2447 1699,2327 1490,2430 1247,2374 850,2460 611,2353 222,2357"/>
                <Baseline points="244,2495 334,2489 423,2489 513,2495 603,2495 692,2501 782,2501 871,2501 961,2501 1050,2495 1140,2489 1229,2489 1319,2489 1408,2495 1498,2489 1588,2489 1677,2489 1767,2489 1856,2489 1946,2489 2035,2489 2125,2489 2214,2489 2304,2489 2394,2489 2483,2495 2549,2507"/>
                <TextEquiv>
                    <Unicode>Wie ihr gehorsam eben denchesetzen,</Unicode>
                </TextEquiv>
            </TextLine>
            <TextLine id="tr_1_tl_28" custom="readingOrder {index:27;}">
                <Coords points="3732,2609 4005,2660 4214,2579 4334,2656 4445,2592 4586,2647 4688,2583 4825,2596 4825,2430 4449,2408 4377,2455 4214,2391 4099,2481 4039,2455 3971,2489 3886,2417 3732,2468"/>
                <Baseline points="3755,2543 3761,2543 3850,2549 3940,2549 4029,2549 4119,2549 4209,2549 4298,2543 4388,2543 4477,2543 4567,2543 4656,2543 4746,2537 4835,2537"/>
                <TextEquiv>
                    <Unicode>Leverin Weh, weh!</Unicode>
                </TextEquiv>
            </TextLine>
            <TextLine id="tr_1_tl_29" custom="readingOrder {index:28;}">
                <Coords points="222,2720 1080,2741 1238,2669 1576,2754 1840,2673 2037,2797 2656,2694 2630,2515 2481,2596 2148,2532 2024,2618 1490,2502 999,2622 222,2519"/>
                <Baseline points="244,2662 334,2662 423,2662 513,2662 603,2668 692,2668 782,2668 871,2668 961,2662 1050,2662 1140,2662 1229,2662 1319,2662 1408,2662 1498,2662 1588,2656 1677,2656 1767,2656 1856,2656 1946,2662 2035,2656 2125,2662 2214,2656 2304,2656 2394,2650 2483,2656 2573,2656 2662,2668 2668,2668"/>
                <TextEquiv>
                    <Unicode>Von denen ihr so - seltsom jetzo spracht.</Unicode>
                </TextEquiv>
            </TextLine>
            <TextLine id="tr_1_tl_30" custom="readingOrder {index:29;}">
                <Coords points="3702,2788 7007,2780 7054,2575 5611,2600 5461,2477 4586,2647 3706,2609"/>
                <Baseline points="3731,2728 3749,2728 3838,2734 3928,2734 4018,2728 4107,2728 4197,2722 4286,2722 4376,2722 4465,2716 4555,2716 4644,2710 4734,2716 4824,2710 4913,2704 5003,2704 5092,2698 5182,2698 5271,2698 5361,2698 5450,2698 5540,2698 5629,2698 5719,2692 5809,2698 5898,2698 5988,2698 6077,2698 6167,2692 6256,2692 6346,2686 6435,2692 6525,2686 6615,2692 6704,2686 6794,2692 6883,2692 6973,2692 7062,2698"/>
                <TextEquiv>
                    <Unicode>Augustin (erschrocken) Mein Brack. Nein! Fast schien ich mich,</Unicode>
                </TextEquiv>
            </TextLine>
            <TextLine id="tr_1_tl_31" custom="readingOrder {index:30;}">
                <Coords points="154,2852 790,2933 1097,2844 1456,2980 1606,2844 3587,2891 3587,2780 2998,2669 2033,2801 1691,2677 769,2788 640,2677 154,2711"/>
                <Baseline points="179,2829 268,2835 358,2835 447,2835 537,2835 626,2835 716,2841 805,2841 895,2835 985,2835 1074,2835 1164,2835 1253,2829 1343,2829 1432,2829 1522,2829 1611,2829 1701,2829 1791,2829 1880,2829 1970,2835 2059,2835 2149,2835 2238,2829 2328,2829 2417,2829 2507,2829 2597,2835 2686,2835 2776,2835 2865,2841 2955,2841 3044,2835 3134,2835 3223,2835 3313,2835 3403,2835 3492,2835 3582,2853 3594,2853"/>
                <TextEquiv>
                    <Unicode>Aegidus. Hrn.! Muhsgehorchen! Bruder Augustin, verclarent</Unicode>
                </TextEquiv>
            </TextLine>
            <TextLine id="tr_1_tl_32" custom="readingOrder {index:31;}">
                <Coords points="3732,2921 3792,2908 3941,2998 4035,2933 4116,2968 4343,2904 4693,2916 4680,2822 4569,2848 4475,2805 4411,2835 4210,2788 4069,2805 3971,2771 3856,2805 3736,2767"/>
                <Baseline points="3761,2901 3803,2901 3892,2901 3982,2901 4071,2895 4161,2895 4250,2895 4340,2889 4429,2889 4519,2883 4609,2877 4698,2883"/>
                <TextEquiv>
                    <Unicode>Euch so zu nennen</Unicode>
                </TextEquiv>
            </TextLine>
            <TextLine id="tr_1_tl_33" custom="readingOrder {index:32;}">
                <Coords points="184,3019 1008,3126 1311,3006 2438,3015 2669,3143 2844,3027 3403,3045 3403,2891 3190,2878 1977,2951 1606,2840 1465,2963 1093,2844 790,2933 184,2869"/>
                <Baseline points="208,3003 298,3003 388,3003 477,3003 567,3003 656,3003 746,3003 835,3009 925,3003 1014,3009 1104,3003 1194,3003 1283,3003 1373,3003 1462,2997 1552,2997 1641,2997 1731,2997 1820,3003 1910,3003 2000,3003 2089,3003 2179,2997 2268,2997 2358,2997 2447,3003 2537,3003 2626,3003 2716,3009 2806,3009 2895,3009 2985,3009 3074,3009 3164,3009 3253,3009 3343,3015 3415,3015"/>
                <TextEquiv>
                    <Unicode>Wer war, der jene Satzungen, der Menschheit gab.</Unicode>
                </TextEquiv>
            </TextLine>
            <TextLine id="tr_1_tl_34" custom="readingOrder {index:33;}">
                <Coords points="4548,3160 4731,3070 4834,3126 5094,3062 5248,3138 5342,3087 5846,3062 5846,2972 5675,2976 5615,2925 5500,2980 5393,2887 4996,2942 4919,2912 4808,2976 4697,2895 4548,2912"/>
                <Baseline points="4573,3050 4603,3044 4692,3044 4782,3044 4871,3044 4961,3044 5050,3044 5140,3044 5229,3038 5319,3038 5409,3044 5498,3038 5588,3032 5677,3032 5767,3032 5856,3038"/>
                <TextEquiv>
                    <Unicode>Ich erlass' euch gerne</Unicode>
                </TextEquiv>
            </TextLine>
            <TextLine id="tr_1_tl_35" custom="readingOrder {index:34;}">
                <Coords points="3723,3087 3911,3091 4056,3062 4210,3083 4214,2989 4146,2955 4112,2963 4069,2933 3958,3006 3881,2951 3787,3036 3723,3032"/>
                <Baseline points="3749,3062 3838,3062 3928,3062 4018,3056 4107,3050 4197,3062 4221,3062"/>
                <TextEquiv>
                    <Unicode>Regishes.</Unicode>
                </TextEquiv>
            </TextLine>
            <TextLine id="tr_1_tl_36" custom="readingOrder {index:35;}">
                <Coords points="149,3249 1917,3185 2114,3292 2677,3190 3049,3331 3531,3224 3527,3032 2857,3032 2703,3147 2255,3015 145,3096"/>
                <Baseline points="173,3182 262,3182 352,3182 441,3182 531,3182 620,3182 710,3182 800,3182 889,3182 979,3182 1068,3182 1158,3176 1247,3176 1337,3176 1426,3176 1516,3176 1606,3176 1695,3176 1785,3170 1874,3170 1964,3176 2053,3176 2143,3176 2232,3176 2322,3176 2412,3176 2501,3176 2591,3176 2680,3182 2770,3182 2859,3188 2949,3182 3038,3182 3128,3188 3217,3188 3307,3188 3397,3194 3486,3194 3540,3206"/>
                <TextEquiv>
                    <Unicode>Augustin. Anredius kommt. Euch ist nicht völlig wohl.</Unicode>
                </TextEquiv>
            </TextLine>
            <TextLine id="tr_1_tl_37" custom="readingOrder {index:36;}">
                <Coords points="3711,3343 3924,3262 4543,3339 4663,3245 4859,3309 5645,3224 6102,3301 6102,3117 5999,3173 5337,3087 5060,3160 4684,3074 4343,3143 4099,3053 3907,3207 3715,3138"/>
                <Baseline points="3737,3259 3785,3253 3874,3247 3964,3241 4053,3241 4143,3235 4232,3235 4322,3235 4412,3235 4501,3235 4591,3229 4680,3229 4770,3229 4859,3229 4949,3223 5038,3223 5128,3223 5218,3217 5307,3217 5397,3212 5486,3212 5576,3212 5665,3206 5755,3212 5844,3206 5934,3212 6024,3212 6113,3223"/>
                <TextEquiv>
                    <Unicode>die Antwort. Eure Vorurtheile sind auch</Unicode>
                </TextEquiv>
            </TextLine>
            <TextLine id="tr_1_tl_38" custom="readingOrder {index:37;}">
                <Coords points="192,3373 611,3459 880,3352 2502,3378 2600,3365 2600,3220 2383,3296 2280,3207 2071,3292 1917,3194 1567,3288 1268,3194 192,3262"/>
                <Baseline points="214,3337 304,3343 394,3343 483,3343 573,3349 662,3343 752,3349 841,3343 931,3343 1020,3343 1110,3337 1200,3337 1289,3337 1379,3337 1468,3337 1558,3337 1647,3337 1737,3343 1826,3343 1916,3337 2006,3343 2095,3343 2185,3337 2274,3337 2364,3337 2453,3343 2543,3343 2609,3349"/>
                <TextEquiv>
                    <Unicode>Legt auch zu Bett' in eurer Zelle. Kommt</Unicode>
                </TextEquiv>
            </TextLine>
            <TextLine id="tr_1_tl_39" custom="readingOrder {index:38;}">
                <Coords points="3775,3484 3950,3437 4082,3540 4197,3437 4795,3420 4966,3523 5636,3395 5918,3510 6264,3412 6371,3484 6614,3416 6614,3267 5197,3232 4821,3360 4680,3267 3775,3288"/>
                <Baseline points="3797,3420 3850,3415 3940,3415 4029,3415 4119,3409 4209,3409 4298,3409 4388,3409 4477,3409 4567,3409 4656,3403 4746,3403 4835,3403 4925,3403 5015,3403 5104,3403 5194,3403 5283,3397 5373,3403 5462,3397 5552,3385 5641,3385 5731,3385 5821,3385 5910,3385 6000,3379 6089,3385 6179,3385 6268,3379 6358,3379 6447,3379 6537,3373 6627,3373"/>
                <TextEquiv>
                    <Unicode>So tief ins Herz gefangt, daß ihr mich nicht</Unicode>
                </TextEquiv>
            </TextLine>
            <TextLine id="tr_1_tl_40" custom="readingOrder {index:39;}">
                <Coords points="209,3523 465,3600 1072,3531 1311,3634 1554,3518 2758,3531 2758,3420 2575,3454 2425,3356 209,3425"/>
                <Baseline points="232,3504 322,3504 411,3504 501,3504 591,3504 680,3504 770,3504 859,3504 949,3504 1038,3504 1128,3504 1217,3504 1307,3504 1397,3504 1486,3504 1576,3504 1665,3504 1755,3504 1844,3504 1934,3498 2023,3504 2113,3504 2203,3498 2292,3504 2382,3504 2471,3504 2561,3504 2650,3504 2740,3516 2770,3516"/>
                <TextEquiv>
                    <Unicode>Wir führeten euch. Helft Bruder severin.</Unicode>
                </TextEquiv>
            </TextLine>
            <TextLine id="tr_1_tl_41" custom="readingOrder {index:40;}">
                <Coords points="3736,3638 3954,3655 4014,3604 4210,3655 4313,3587 4569,3583 4680,3655 4868,3578 5077,3668 5235,3574 5410,3621 5414,3480 5303,3489 5209,3403 4923,3536 4659,3459 4479,3493 4398,3429 4202,3446 4086,3540 3899,3433 3741,3450"/>
                <Baseline points="3761,3594 3815,3588 3904,3588 3994,3582 4083,3582 4173,3576 4262,3576 4352,3576 4441,3570 4531,3570 4621,3570 4710,3570 4800,3564 4889,3564 4979,3564 5068,3558 5158,3558 5247,3558 5337,3558 5427,3564"/>
                <TextEquiv>
                    <Unicode>Begreifen könntet. Eine Religion,</Unicode>
                </TextEquiv>
            </TextLine>
            <TextLine id="tr_1_tl_42" custom="readingOrder {index:41;}">
                <Coords points="213,3779 1179,3689 1588,3800 3416,3775 3548,3741 3548,3548 213,3621"/>
                <Baseline points="238,3683 328,3677 417,3677 507,3677 597,3677 686,3683 776,3683 865,3683 955,3683 1044,3683 1134,3677 1223,3677 1313,3677 1403,3683 1492,3677 1582,3677 1671,3677 1761,3677 1850,3677 1940,3677 2029,3671 2119,3671 2209,3677 2298,3677 2388,3677 2477,3677 2567,3677 2656,3677 2746,3677 2835,3683 2925,3689 3015,3689 3104,3689 3194,3695 3283,3695 3373,3701 3462,3713 3552,3725 3558,3725"/>
                <TextEquiv>
                    <Unicode>Regulier. Lastt mir. Ich bin nicht krank, es sei dann daß</Unicode>
                </TextEquiv>
            </TextLine>
            <TextLine id="tr_1_tl_43" custom="readingOrder {index:42;}">
                <Coords points="3736,3830 3997,3753 4313,3847 4398,3762 4518,3843 4825,3745 5090,3809 5192,3745 5948,3749 6004,3629 5718,3570 5474,3681 5226,3591 4838,3681 4535,3600 3736,3634"/>
                <Baseline points="3761,3755 3773,3755 3862,3749 3952,3749 4041,3743 4131,3743 4221,3743 4310,3743 4400,3737 4489,3737 4579,3737 4668,3737 4758,3737 4847,3731 4937,3731 5026,3725 5116,3725 5206,3725 5295,3725 5385,3725 5474,3725 5564,3719 5653,3719 5743,3713 5832,3713 5922,3713 6012,3719"/>
                <TextEquiv>
                    <Unicode>Nicht mein Philosophiren gleicht dem mähligen</Unicode>
                </TextEquiv>
            </TextLine>
            <TextLine id="tr_1_tl_44" custom="readingOrder {index:43;}">
                <Coords points="3194,3997 3249,3980 3275,3988 3288,3975 3309,3984 3360,3928 3399,3941 3433,3911 3501,3933 3497,3758 3454,3753 3412,3775 3390,3758 3378,3770 3356,3758 3279,3775 3258,3766 3190,3792"/>
                <Baseline points="3212,3862 3301,3874 3391,3868 3480,3874 3510,3880"/>
                <TextEquiv>
                    <Unicode>ihr</Unicode>
                </TextEquiv>
            </TextLine>
            <TextLine id="tr_1_tl_45" custom="readingOrder {index:44;}">
                <Coords points="3779,3963 4249,3928 4582,4031 5449,3907 5739,4010 6051,3899 6439,3950 6580,3809 5602,3719 4693,3869 3783,3813"/>
                <Baseline points="3803,3916 3809,3916 3898,3910 3988,3910 4077,3910 4167,3910 4256,3910 4346,3910 4435,3910 4525,3910 4615,3916 4704,3916 4794,3910 4883,3910 4973,3904 5062,3898 5152,3898 5241,3892 5331,3886 5421,3886 5510,3886 5600,3886 5689,3886 5779,3880 5868,3874 5958,3874 6047,3868 6137,3868 6227,3868 6316,3868 6406,3874 6495,3880 6585,3898"/>
                <TextEquiv>
                    <Unicode>Verschwinden in ein Nichts, dem Schweberteken</Unicode>
                </TextEquiv>
            </TextLine>
            <TextLine id="tr_1_tl_46" custom="readingOrder {index:45;}">
                <Coords points="282,4069 427,4052 568,4159 1123,4035 1477,4039 1674,4163 1990,4061 2562,4086 2562,3800 282,3779"/>
                <Baseline points="304,4035 334,4029 423,4023 513,4023 603,4023 692,4023 782,4023 871,4023 961,4023 1050,4023 1140,4023 1229,4023 1319,4018 1408,4018 1498,4018 1588,4018 1677,4018 1767,4012 1856,4018 1946,4018 2035,4018 2125,4018 2214,4018 2304,4018 2394,4018 2483,4018 2573,4018"/>
                <TextEquiv>
                    <Unicode>Philosophien eine Krankheit nennt</Unicode>
                </TextEquiv>
            </TextLine>
            <TextLine id="tr_1_tl_47" custom="readingOrder {index:46;}">
                <Coords points="3762,4180 4368,4116 4966,4176 5299,4082 5777,4172 6029,4082 6029,3975 5880,3916 5752,4005 5410,3903 4582,4031 4488,3954 4266,4010 4078,3933 3766,3954"/>
                <Baseline points="3791,4107 3803,4107 3892,4095 3982,4083 4071,4083 4161,4077 4250,4083 4340,4077 4429,4077 4519,4077 4609,4077 4698,4077 4788,4077 4877,4071 4967,4071 5056,4065 5146,4065 5235,4065 5325,4059 5415,4059 5504,4053 5594,4053 5683,4047 5773,4047 5862,4047 5952,4053 6041,4047"/>
                <TextEquiv>
                    <Unicode>Wie ihr sehr witzig sagtet, lieber Bruder</Unicode>
                </TextEquiv>
            </TextLine>
            <TextLine id="tr_1_tl_48" custom="readingOrder {index:47;}">
                <Coords points="2203,4296 2306,4279 2383,4232 2447,4236 2481,4266 2524,4249 2579,4261 2635,4296 2737,4291 2733,4129 2664,4146 2489,4048 2340,4091 2310,4065 2272,4082 2199,4065"/>
                <Baseline points="2226,4191 2316,4185 2406,4185 2495,4185 2585,4191 2674,4197 2746,4197"/>
                <TextEquiv>
                    <Unicode>Ouoir</Unicode>
                </TextEquiv>
            </TextLine>
            <TextLine id="tr_1_tl_49" custom="readingOrder {index:48;}">
                <Coords points="222,4304 350,4313 521,4249 581,4270 606,4253 739,4326 880,4296 880,4108 816,4086 756,4091 666,4155 636,4133 555,4150 465,4074 350,4048 222,4091"/>
                <Baseline points="244,4197 334,4197 423,4197 513,4197 603,4197 692,4197 782,4191 871,4197 889,4203"/>
                <TextEquiv>
                    <Unicode>Rügustin</Unicode>
                </TextEquiv>
            </TextLine>
        </TextRegion>
    </Page>
</PcGts>
