7544 5080
278 564 3698 939 und erfüllt sich mein Sehnen nicht, so bin ich unglücklich
337 756 3706 1127 Auf immerdar. Warum soll ich das Weib nicht besitzen,
397 965 3557 1281 Das ich unendlich liebe, und das mich unentlich liebt!
371 1140 3702 1507 Laßt Eure Gedanken weit hin fliegen, geliebte Anläch¬
350 1268 3629 1657 tige, und denkt Euch nun, daß die Schränken fallen,
269 1465 3634 1751 welche jenen verrückte Thor so sehr verdammet, in Wahr¬
342 1670 3651 1986 heit fallen. Das Weib des Andere ist frei, - es gehört
325 1883 1917 2156 ihm, ihm, der es liebt!
406 2020 3621 2344 O er ist so selig, der Narr und denkt nicht weiter,
371 2208 3732 2532 und ist mit dem Genusse des Augenblickes so zufrieden!
414 2374 3702 2639 Das Weib ist frei - und alle Leidenschaften auf Erden
414 2502 3749 2840 schalten und walten schränkenlos. Nach ein anderer Ma¬
427 2682 3728 3045 fasst glühende Liebe zu dem Weib, das nun der
427 2865 3676 3198 beiden, in Wahrheit aber keinem und Allen gehört.
495 3053 3544 3390 Soll ich Euch die Geschichte weiter erzählen? Wie
444 3224 3694 3536 das Weib nun auch den Gelüsten eines dritten sich
1712 3420 2131 3561 erste
436 3390 3711 3762 hing ab? Wie der andere aber rasend darob ward
457 3565 3723 3877 und beide erschlug? Und nun unglücklicher war
457 3711 3792 4018 Als he? Und wie's in der ganzen Welt eben so eben
414 3920 3758 4261 zuging als früher, und alles hinschwand, was man
461 4074 3762 4394 einst Tugend und Ruhe nannte. – Und ein Unger¬
461 4253 3758 4595 ständiger, den nicht glaubt, daß es ein Jenseits grebt,
3903 401 7233 709 Ein Jenseits, wo alles sich versöhnt, wo es nicht Wider¬
3916 632 7246 927 Ostreit des eignen Innern giebt, wo nicht Leidenschaft
5713 764 5982 884 elen
3911 811 7276 1080 waltet, ein Rasenden, der lasterhafte Gedanken sagt
3899 978 7157 1208 unter den Menschen sei alles mit dem Tode geendet,
3894 1085 7332 1443 und für das Elend hienieden gab's drüben keinen Trost,
3920 1234 7221 1588 gäbs drüben kein Glück, ein unglückseliger Pfarr, ihr
3907 1448 7306 1759 dessen Hirn der Wohn lobt, das Leben hat keinen Sinn; wenn
3924 1627 7216 1866 wir aufhören zu athmen, ist alles, alles aus, und der
3958 1764 7302 2067 Mensch ist nur Staub, Asche und nichts, nicht ist in ihm, das
3941 1990 7319 2229 der Verwesungentflicht und eingeht zu seligen Gefil¬
3963 2186 7263 2383 den - der möchte angesichts solchen unlösbaren, irdi¬
3950 2323 7161 2618 schen Zwiespalts wohlausrufen: Wie schaal, wie
3933 2489 7302 2780 nutzlos ist das Leben. Alles, wie es nun besteht
3941 2699 7340 2946 ist schlecht und elend, und wer nach Veränderung
3958 2835 7255 3160 strebt und sich aus den Netzen heraussehnt, die ihn um
3975 3032 7357 3318 schließen, der verstrickt sich in noch ärgeres Übel und
4018 3245 7203 3518 Unglück. Und das ist das Loos der Verblichen!
4048 3373 7332 3642 Dunkel überall, düster rings um. Kein Auszweg,
4010 3548 7152 3787 keine Seligkeit! Und da nun das vergangene
4010 3711 7203 3984 verloren, das Zukünftige aber ungewiß ist – und
4001 3873 7071 4108 da wir nur einmal leben und unser ganze
4001 4091 7063 4411 wie es nun atheiet und denkt zu Raub wird und
