3352 4120
2768 445 2902 557 75
1097 741 2030 937 Das alte Milterchen
590 907 2656 1067 Bleib Töchterchen, bleib, ich bin recht müd.
590 1061 2196 1218 Ja, ja die Jugend eilt und flieht,
590 1203 2270 1375 Das Alter will sich zur Ruhe setzen-
1245 1351 1959 1535 Junges Mädchen
596 1509 2836 1677 Hier könnt Ihr Euch gut an der Predigt ergetzen.
602 1654 2353 1820 Ihr liebt es ja, lieb Grossmütterlein
593 1823 2238 1959 Ganz nahe neben der Kanzel zu sein.
1197 1968 1805 2119 Mütterchen.
590 2128 1956 2276 Bevor das Orgelspiel beginnt,
602 2252 2321 2421 Will ich noch beten mein liebes Kind.
590 2407 2261 2552 Mein Gebetbuch ist ganz zerknttert
605 2578 2549 2706 Und ach, die Blätter sind fast verwittert.
584 2730 2466 2893 Drum liess ichs liegen im alten Schrank¬
590 2899 2765 3029 Mein Töchterchen setz Dich zu mir auf die Bank
605 3020 2466 3189 Und lass mich in Detnem Gebetbuch lesen.
1375 3198 1763 3370 Mädchen.
599 3319 2984 3577 (zerstreut) Wie sagtet Ihr, lieb Grossmütterlein?
