<?xml version="1.0" encoding="UTF-8" standalone="yes"?>
<PcGts xmlns="http://schema.primaresearch.org/PAGE/gts/pagecontent/2013-07-15" xmlns:xsi="http://www.w3.org/2001/XMLSchema-instance" xsi:schemaLocation="http://schema.primaresearch.org/PAGE/gts/pagecontent/2013-07-15 http://schema.primaresearch.org/PAGE/gts/pagecontent/2013-07-15/pagecontent.xsd">
    <Metadata>
        <Creator>prov=READ-COOP:name=TrHtr:version=2.1.0:model_id=51170:date=28_07_2023_11:37</Creator>
        <Created>2023-05-10T11:24:44.817+02:00</Created>
        <LastChange>2023-07-28T11:37:19.277+02:00</LastChange>
        <TranskribusMetadata docId="1428155" pageId="55387560" pageNr="227" tsid="131342904" status="IN_PROGRESS" userId="64420" imgUrl="https://files.transkribus.eu/Get?id=BBAUQHHJKGZTSBJTPMDIDNCY&amp;fileType=view" xmlUrl="https://files.transkribus.eu/Get?id=KEDWMJLPRQMNNYUGYODUWKRV" imageId="44662456"/>
    </Metadata>
    <Page imageFilename="1428155_0227.jpg" imageWidth="7304" imageHeight="4824">
        <ReadingOrder>
            <OrderedGroup id="ro_1711820623332" caption="Regions reading order">
                <RegionRefIndexed index="0" regionRef="tr_1"/>
                <RegionRefIndexed index="1" regionRef="tr_2"/>
            </OrderedGroup>
        </ReadingOrder>
        <TextRegion id="tr_1" custom="readingOrder {index:0;}">
            <Coords points="185,326 3659,326 3659,4242 185,4242"/>
            <TextLine id="tr_1_tl_1" custom="readingOrder {index:0;}">
                <Coords points="1956,478 1981,483 2007,474 2015,461 2045,465 2067,457 2084,470 2092,461 2122,461 2109,295 2062,299 2015,282 1986,316 1973,307 1943,316"/>
                <Baseline points="1970,376 2059,382 2125,388"/>
                <TextEquiv>
                    <Unicode>4</Unicode>
                </TextEquiv>
            </TextLine>
            <TextLine id="tr_1_tl_2" custom="readingOrder {index:1;}">
                <Coords points="299,914 700,820 1721,931 3548,897 3510,628 1921,730 709,662 512,521 299,585"/>
                <Baseline points="322,788 334,788 423,782 513,782 603,776 692,782 782,782 871,782 961,782 1050,782 1140,782 1229,782 1319,782 1408,782 1498,782 1588,788 1677,788 1767,788 1856,805 1946,805 2035,800 2125,794 2214,794 2304,800 2394,800 2483,800 2573,794 2662,788 2752,782 2841,776 2931,776 3020,776 3110,782 3200,782 3289,782 3379,782 3468,782 3558,782"/>
                <TextEquiv>
                    <Unicode>Es sieht durchs Bogenfenster, plötzlich fährt er in die Höhe, dann</Unicode>
                </TextEquiv>
            </TextLine>
            <TextLine id="tr_1_tl_3" custom="readingOrder {index:2;}">
                <Coords points="243,1033 1358,974 1571,1059 2015,974 2361,1072 2549,995 2549,875 1725,931 696,820 243,901"/>
                <Baseline points="268,961 358,961 447,955 537,955 626,949 716,955 805,955 895,955 985,955 1074,961 1164,961 1253,955 1343,961 1432,961 1522,961 1611,961 1701,961 1791,961 1880,955 1970,961 2059,961 2149,961 2238,961 2328,961 2417,961 2507,967 2561,961"/>
                <TextEquiv>
                    <Unicode>sagt er leise) das war das Küster.</Unicode>
                </TextEquiv>
            </TextLine>
            <TextLine id="tr_1_tl_4" custom="readingOrder {index:3;}">
                <Coords points="273,1153 517,1132 944,1234 1059,1170 1371,1243 1529,1191 1529,1025 1460,1046 1349,969 1255,1021 769,999 555,1063 273,1012"/>
                <Baseline points="298,1128 388,1122 477,1116 567,1122 656,1122 746,1128 835,1128 925,1128 1014,1128 1104,1128 1194,1128 1283,1134 1373,1134 1462,1140 1534,1140"/>
                <TextEquiv>
                    <Unicode>Leverin (zu Augustin)</Unicode>
                </TextEquiv>
            </TextLine>
            <TextLine id="tr_1_tl_5" custom="readingOrder {index:4;}">
                <Coords points="1678,1161 1836,1153 1913,1208 2242,1191 2383,1255 2545,1179 2694,1200 2784,1157 3040,1196 3036,1016 2938,978 2545,978 2374,1072 2011,974 1674,995"/>
                <Baseline points="1701,1134 1791,1128 1880,1122 1970,1134 2059,1134 2149,1140 2238,1140 2328,1140 2417,1140 2507,1140 2597,1140 2686,1140 2776,1140 2865,1134 2955,1134 3044,1134 3050,1134"/>
                <TextEquiv>
                    <Unicode>Wie? Was sagt er da?</Unicode>
                </TextEquiv>
            </TextLine>
            <TextLine id="tr_1_tl_6" custom="readingOrder {index:5;}">
                <Coords points="231,1379 3412,1358 3651,1460 3647,1208 3523,1179 231,1234"/>
                <Baseline points="256,1295 346,1295 435,1295 525,1295 614,1295 704,1295 794,1301 883,1301 973,1301 1062,1301 1152,1307 1241,1307 1331,1307 1420,1313 1510,1307 1600,1307 1689,1307 1779,1307 1868,1301 1958,1301 2047,1307 2137,1307 2226,1307 2316,1307 2406,1313 2495,1313 2585,1307 2674,1313 2764,1313 2853,1313 2943,1307 3032,1307 3122,1307 3212,1313 3301,1319 3391,1313 3480,1319 3570,1337 3659,1361"/>
                <TextEquiv>
                    <Unicode>Registrias (auf Augustin sehend) Sich ich auch nicht heut Nacht? Laja, ihr weiter,</Unicode>
                </TextEquiv>
            </TextLine>
            <TextLine id="tr_1_tl_7" custom="readingOrder {index:6;}">
                <Coords points="201,1516 1251,1503 1482,1597 2062,1499 2673,1529 2600,1362 1973,1430 201,1371"/>
                <Baseline points="226,1486 316,1474 405,1474 495,1468 585,1468 674,1474 764,1474 853,1474 943,1474 1032,1468 1122,1474 1211,1474 1301,1480 1391,1480 1480,1486 1570,1480 1659,1486 1749,1486 1838,1486 1928,1486 2017,1486 2107,1486 2197,1486 2286,1486 2376,1486 2465,1486 2555,1486 2644,1486 2680,1492"/>
                <TextEquiv>
                    <Unicode>Der mir genüber still aus Büchern lernte</Unicode>
                </TextEquiv>
            </TextLine>
            <TextLine id="tr_1_tl_8" custom="readingOrder {index:7;}">
                <Coords points="201,1729 559,1644 658,1725 752,1687 837,1755 982,1674 1285,1768 1490,1657 1670,1691 1670,1559 1597,1541 1503,1597 1366,1520 1243,1597 1174,1559 1050,1597 991,1554 816,1571 662,1482 201,1516"/>
                <Baseline points="226,1641 316,1629 405,1635 495,1635 585,1635 674,1641 764,1635 853,1635 943,1635 1032,1635 1122,1635 1211,1635 1301,1635 1391,1641 1480,1641 1570,1641 1659,1641 1677,1641"/>
                <TextEquiv>
                    <Unicode>Und dann zu Bette ging.</Unicode>
                </TextEquiv>
            </TextLine>
            <TextLine id="tr_1_tl_9" custom="readingOrder {index:8;}">
                <Coords points="209,1840 265,1828 325,1875 384,1857 491,1883 568,1857 700,1887 764,1853 845,1870 871,1862 871,1648 760,1670 662,1729 598,1734 542,1682 457,1661 346,1670 260,1725 209,1725"/>
                <Baseline points="232,1814 322,1809 411,1809 501,1809 591,1814 680,1814 770,1814 859,1820 883,1814"/>
                <TextEquiv>
                    <Unicode>Augustin</Unicode>
                </TextEquiv>
            </TextLine>
            <TextLine id="tr_1_tl_10" custom="readingOrder {index:9;}">
                <Coords points="1409,1892 1563,1913 1597,1879 1781,1943 1964,1879 2114,1921 2336,1904 2366,1896 2366,1751 2246,1785 2062,1687 1990,1742 1904,1746 1670,1657 1409,1781"/>
                <Baseline points="1432,1826 1522,1826 1611,1820 1701,1820 1791,1826 1880,1820 1970,1826 2059,1826 2149,1826 2238,1826 2328,1826 2376,1826"/>
                <TextEquiv>
                    <Unicode>Ihr reift nur</Unicode>
                </TextEquiv>
            </TextLine>
            <TextLine id="tr_1_tl_11" custom="readingOrder {index:10;}">
                <Coords points="222,2045 303,2071 431,2003 679,2105 777,2071 944,2109 1029,2062 1179,2084 1349,2037 1349,1883 1238,1857 1132,1904 1033,1866 974,1900 828,1862 730,1900 628,1862 512,1904 350,1857 222,1892"/>
                <Baseline points="244,1982 334,1982 423,1988 513,1988 603,1988 692,1988 782,1994 871,1994 961,1994 1050,1988 1140,1988 1229,1982 1319,1982 1361,1988"/>
                <TextEquiv>
                    <Unicode>Gut Nacht herüber.</Unicode>
                </TextEquiv>
            </TextLine>
            <TextLine id="tr_1_tl_12" custom="readingOrder {index:11;}">
                <Coords points="1166,2280 1456,2178 1717,2250 1956,2208 2122,2310 2310,2203 2895,2280 2891,2105 2682,2114 2553,2020 1802,2088 1584,2003 1161,2079"/>
                <Baseline points="1188,2155 1277,2161 1367,2161 1456,2161 1546,2167 1635,2167 1725,2167 1814,2167 1904,2167 1994,2173 2083,2173 2173,2173 2262,2173 2352,2173 2441,2173 2531,2179 2620,2185 2710,2185 2800,2185 2889,2179 2907,2173"/>
                <TextEquiv>
                    <Unicode>Ja. Und was geschaf dann -?</Unicode>
                </TextEquiv>
            </TextLine>
            <TextLine id="tr_1_tl_13" custom="readingOrder {index:12;}">
                <Coords points="184,2216 269,2233 406,2199 453,2220 487,2199 564,2203 581,2225 653,2195 743,2220 743,2114 683,2109 581,2045 568,2058 440,2020 320,2101 295,2084 265,2101 184,2062"/>
                <Baseline points="208,2167 214,2167 304,2161 394,2161 483,2161 573,2161 662,2161 752,2161"/>
                <TextEquiv>
                    <Unicode>Augustis</Unicode>
                </TextEquiv>
            </TextLine>
            <TextLine id="tr_1_tl_14" custom="readingOrder {index:13;}">
                <Coords points="256,2417 401,2340 602,2430 794,2344 1721,2430 2460,2378 2455,2233 2361,2212 2122,2314 1968,2233 1238,2284 798,2178 252,2233"/>
                <Baseline points="274,2328 364,2328 453,2328 543,2328 632,2328 722,2334 811,2334 901,2328 991,2334 1080,2334 1170,2340 1259,2346 1349,2340 1438,2340 1528,2340 1617,2340 1707,2340 1797,2340 1886,2340 1976,2346 2065,2346 2155,2340 2244,2334 2334,2346 2423,2346 2471,2352"/>
                <TextEquiv>
                    <Unicode>Ich- wollte beten - in der Kirche beten</Unicode>
                </TextEquiv>
            </TextLine>
            <TextLine id="tr_1_tl_15" custom="readingOrder {index:14;}">
                <Coords points="201,2588 440,2515 649,2660 995,2536 2805,2579 2767,2391 2199,2370 1904,2472 1524,2370 201,2391"/>
                <Baseline points="226,2501 316,2501 405,2501 495,2507 585,2513 674,2507 764,2507 853,2507 943,2507 1032,2507 1122,2507 1211,2513 1301,2507 1391,2513 1480,2519 1570,2519 1659,2513 1749,2513 1838,2513 1928,2513 2017,2513 2107,2513 2197,2513 2286,2519 2376,2519 2465,2519 2555,2519 2644,2525 2734,2531 2817,2543"/>
                <TextEquiv>
                    <Unicode>Hier - auf den Stufen - meine Wicke weilten -</Unicode>
                </TextEquiv>
            </TextLine>
            <TextLine id="tr_1_tl_16" custom="readingOrder {index:15;}">
                <Coords points="209,2775 350,2801 491,2690 2472,2733 2472,2566 1524,2622 1388,2532 1114,2622 811,2566 640,2652 500,2532 209,2583"/>
                <Baseline points="232,2674 322,2674 411,2674 501,2674 591,2680 680,2680 770,2680 859,2680 949,2680 1038,2680 1128,2680 1217,2680 1307,2680 1397,2680 1486,2686 1576,2680 1665,2680 1755,2680 1844,2680 1934,2686 2023,2680 2113,2686 2203,2686 2292,2686 2382,2686 2471,2686 2483,2686"/>
                <TextEquiv>
                    <Unicode>Hahn! wo weilten meine Blicke!</Unicode>
                </TextEquiv>
            </TextLine>
            <TextLine id="tr_1_tl_17" custom="readingOrder {index:16;}">
                <Coords points="213,2878 653,2852 786,2938 1136,2904 1319,2993 2045,2874 2041,2724 1571,2716 1392,2780 1033,2703 944,2775 769,2694 491,2694 342,2805 209,2771"/>
                <Baseline points="232,2835 322,2835 411,2841 501,2841 591,2847 680,2841 770,2847 859,2853 949,2853 1038,2847 1128,2847 1217,2847 1307,2853 1397,2853 1486,2853 1576,2859 1665,2853 1755,2853 1844,2853 1934,2859 2023,2859 2053,2859"/>
                <TextEquiv>
                    <Unicode>Augustin (selbst erschrocken)</Unicode>
                </TextEquiv>
            </TextLine>
            <TextLine id="tr_1_tl_18" custom="readingOrder {index:17;}">
                <Coords points="2344,2963 2383,2963 2464,2904 2519,2933 2558,2925 2613,2963 2652,2959 2647,2741 2588,2754 2532,2716 2481,2750 2430,2729 2417,2746 2374,2741 2340,2758"/>
                <Baseline points="2364,2859 2453,2859 2543,2859 2632,2865 2656,2871"/>
                <TextEquiv>
                    <Unicode>Wm.</Unicode>
                </TextEquiv>
            </TextLine>
            <TextLine id="tr_1_tl_19" custom="readingOrder {index:18;}">
                <Coords points="235,3070 581,3036 824,3113 1085,3027 1725,3151 2020,3083 2139,3156 2609,3087 2562,2929 2122,2882 2037,2942 1939,2874 1315,2989 589,2878 231,2998"/>
                <Baseline points="256,3026 346,3020 435,3015 525,3020 614,3020 704,3015 794,3020 883,3020 973,3020 1062,3026 1152,3020 1241,3026 1331,3026 1420,3026 1510,3026 1600,3026 1689,3026 1779,3026 1868,3026 1958,3026 2047,3026 2137,3032 2226,3032 2316,3032 2406,3032 2495,3038 2585,3038 2614,3038"/>
                <TextEquiv>
                    <Unicode>Kanders als auf des Gekreuzigten</Unicode>
                </TextEquiv>
            </TextLine>
            <TextLine id="tr_1_tl_20" custom="readingOrder {index:19;}">
                <Coords points="286,3275 444,3198 517,3241 589,3211 687,3284 777,3284 867,3215 1097,3245 1140,3207 1251,3211 1247,3074 1187,3079 1114,3027 794,3117 709,3045 282,3057"/>
                <Baseline points="304,3188 394,3188 483,3188 573,3188 662,3188 752,3194 841,3194 931,3194 1020,3194 1110,3194 1200,3200 1259,3200"/>
                <TextEquiv>
                    <Unicode>Erhabenen Bild?</Unicode>
                </TextEquiv>
            </TextLine>
            <TextLine id="tr_1_tl_21" custom="readingOrder {index:20;}">
                <Coords points="213,3407 713,3476 867,3356 1187,3373 1550,3501 1751,3378 2229,3501 3382,3425 3378,3190 2464,3074 777,3284 444,3198 213,3322"/>
                <Baseline points="238,3349 328,3355 417,3355 507,3355 597,3355 686,3355 776,3361 865,3355 955,3355 1044,3355 1134,3355 1223,3361 1313,3361 1403,3361 1492,3361 1582,3361 1671,3361 1761,3361 1850,3367 1940,3361 2029,3367 2119,3367 2209,3367 2298,3367 2388,3373 2477,3373 2567,3373 2656,3379 2746,3379 2835,3379 2925,3379 3015,3385 3104,3385 3194,3391 3283,3391 3373,3403 3391,3403"/>
                <TextEquiv>
                    <Unicode>Regidina (Starr zum Finster hinaus blickend) Gächst erhabenes Bild!</Unicode>
                </TextEquiv>
            </TextLine>
            <TextLine id="tr_1_tl_22" custom="readingOrder {index:21;}">
                <Coords points="226,3531 568,3595 2272,3570 2272,3420 2131,3463 1956,3382 1725,3382 1559,3493 1366,3416 1038,3489 871,3403 670,3489 226,3420"/>
                <Baseline points="250,3510 340,3516 429,3510 519,3516 608,3516 698,3522 788,3516 877,3522 967,3516 1056,3516 1146,3522 1235,3522 1325,3522 1414,3522 1504,3522 1594,3528 1683,3528 1773,3528 1862,3528 1952,3528 2041,3528 2131,3528 2220,3534 2280,3534"/>
                <TextEquiv>
                    <Unicode>Severin Was sagt er da? Ex lästert!</Unicode>
                </TextEquiv>
            </TextLine>
            <TextLine id="tr_1_tl_23" custom="readingOrder {index:22;}">
                <Coords points="179,3762 3484,3800 3480,3608 3224,3570 175,3583"/>
                <Baseline points="202,3701 292,3695 382,3689 471,3689 561,3689 650,3695 740,3695 829,3689 919,3689 1008,3695 1098,3695 1188,3695 1277,3695 1367,3695 1456,3695 1546,3695 1635,3695 1725,3695 1814,3695 1904,3701 1994,3695 2083,3701 2173,3701 2262,3707 2352,3707 2441,3713 2531,3713 2620,3719 2710,3719 2800,3719 2889,3725 2979,3725 3068,3725 3158,3725 3247,3725 3337,3731 3426,3731 3492,3737"/>
                <TextEquiv>
                    <Unicode>Augustin (mit schlecht verzahlter Angst) Ei, er schläft noch.</Unicode>
                </TextEquiv>
            </TextLine>
            <TextLine id="tr_1_tl_24" custom="readingOrder {index:23;}">
                <Coords points="175,3967 2220,3890 3433,4022 3553,3984 3553,3817 3190,3869 2434,3715 171,3766"/>
                <Baseline points="197,3880 286,3874 376,3868 465,3868 555,3868 644,3868 734,3868 823,3868 913,3868 1003,3868 1092,3862 1182,3868 1271,3868 1361,3868 1450,3868 1540,3868 1629,3868 1719,3874 1809,3874 1898,3868 1988,3874 2077,3874 2167,3880 2256,3880 2346,3874 2435,3880 2525,3880 2614,3886 2704,3886 2794,3886 2883,3892 2973,3898 3062,3898 3152,3904 3241,3904 3331,3910 3420,3910 3510,3916 3564,3922"/>
                <TextEquiv>
                    <Unicode>(Zu Agulin) Die Hufen hier sind kalt, rein lieber Bruder¬</Unicode>
                </TextEquiv>
            </TextLine>
            <TextLine id="tr_1_tl_25" custom="readingOrder {index:24;}">
                <Coords points="192,4091 350,4044 756,4142 995,4048 1136,4146 1345,4065 2195,4142 2455,4091 2455,3954 1862,3911 1627,3975 978,3890 700,3984 474,3916 192,3967"/>
                <Baseline points="214,4023 304,4029 394,4029 483,4029 573,4029 662,4029 752,4035 841,4035 931,4035 1020,4035 1110,4041 1200,4035 1289,4035 1379,4041 1468,4041 1558,4035 1647,4041 1737,4035 1826,4035 1916,4041 2006,4041 2095,4041 2185,4041 2274,4047 2364,4047 2453,4053 2465,4053"/>
                <TextEquiv>
                    <Unicode>deungewohnte Schlummerstätte zeugte</Unicode>
                </TextEquiv>
            </TextLine>
            <TextLine id="tr_1_tl_26" custom="readingOrder {index:25;}">
                <Coords points="162,4206 517,4317 965,4219 1277,4343 1418,4236 2195,4223 2741,4330 2741,4168 2511,4078 2011,4163 1388,4086 1136,4146 995,4048 824,4176 363,4044 162,4121"/>
                <Baseline points="185,4191 274,4197 364,4203 453,4197 543,4197 632,4203 722,4203 811,4203 901,4203 991,4209 1080,4209 1170,4209 1259,4209 1349,4209 1438,4203 1528,4209 1617,4209 1707,4209 1797,4209 1886,4203 1976,4203 2065,4209 2155,4209 2244,4209 2334,4215 2423,4215 2513,4215 2603,4221 2692,4226 2752,4232"/>
                <TextEquiv>
                    <Unicode>In einem Innern sinnverwirrte Träume.</Unicode>
                </TextEquiv>
            </TextLine>
        </TextRegion>
        <TextRegion id="tr_2" custom="readingOrder {index:1;}">
            <Coords points="3743,624 7158,624 7158,4195 3743,4195"/>
            <TextLine id="tr_2_tl_1" custom="readingOrder {index:0;}">
                <Coords points="3762,798 4074,764 4270,833 4543,726 4791,807 5158,722 5235,790 5431,709 5726,760 5799,734 5803,606 5572,538 5350,602 4454,559 4202,636 3766,585"/>
                <Baseline points="3785,722 3838,728 3928,728 4018,728 4107,728 4197,728 4286,728 4376,728 4465,722 4555,722 4644,716 4734,722 4824,716 4913,716 5003,710 5092,716 5182,710 5271,710 5361,704 5450,698 5540,686 5629,680 5719,674 5809,680"/>
                <TextEquiv>
                    <Unicode>Nun aber ist der Schlaf, die Nacht vorbei.</Unicode>
                </TextEquiv>
            </TextLine>
            <TextLine id="tr_2_tl_2" custom="readingOrder {index:1;}">
                <Coords points="3770,1012 4321,935 4595,999 4893,910 5030,969 5273,888 5278,713 5158,717 5034,816 4791,803 4697,726 4484,794 4364,730 4210,837 3779,794"/>
                <Baseline points="3797,919 3850,907 3940,901 4029,901 4119,901 4209,895 4298,901 4388,895 4477,895 4567,889 4656,889 4746,883 4835,883 4925,883 5015,877 5104,877 5194,871 5283,871"/>
                <TextEquiv>
                    <Unicode>Depitius (an früher) Erhabenes Bild!</Unicode>
                </TextEquiv>
            </TextLine>
            <TextLine id="tr_2_tl_3" custom="readingOrder {index:2;}">
                <Coords points="5051,1136 5286,1068 5572,1055 5641,1119 5722,1063 5931,1089 5987,1046 6170,1127 6414,1033 6418,871 6136,880 5999,939 5679,884 5568,927 5419,888 5295,944 5056,905"/>
                <Baseline points="5074,1050 5080,1050 5170,1050 5259,1050 5349,1044 5438,1044 5528,1044 5618,1044 5707,1038 5797,1038 5886,1038 5976,1032 6065,1026 6155,1026 6244,1026 6334,1026 6424,1032"/>
                <TextEquiv>
                    <Unicode>Gewehr - es ist der Teufel.</Unicode>
                </TextEquiv>
            </TextLine>
            <TextLine id="tr_2_tl_4" custom="readingOrder {index:3;}">
                <Coords points="3758,1153 3852,1119 3937,1191 4010,1144 4095,1157 4163,1110 4244,1102 4308,1140 4513,1072 4513,961 4381,939 4206,961 4138,1008 4103,982 3997,1008 3958,986 3834,1038 3762,1003"/>
                <Baseline points="3785,1074 3809,1074 3898,1074 3988,1074 4077,1074 4167,1074 4256,1074 4346,1074 4435,1074 4525,1062"/>
                <TextEquiv>
                    <Unicode>Liverin (leise)</Unicode>
                </TextEquiv>
            </TextLine>
            <TextLine id="tr_2_tl_5" custom="readingOrder {index:4;}">
                <Coords points="3732,1349 4437,1251 4765,1392 5226,1255 5636,1307 6119,1213 6396,1290 6507,1260 6512,1080 3736,1157"/>
                <Baseline points="3761,1247 3832,1253 3922,1253 4012,1247 4101,1247 4191,1247 4280,1247 4370,1247 4459,1247 4549,1241 4638,1241 4728,1241 4818,1229 4907,1229 4997,1229 5086,1229 5176,1229 5265,1223 5355,1223 5444,1217 5534,1217 5624,1211 5713,1211 5803,1211 5892,1211 5982,1211 6071,1206 6161,1206 6250,1200 6340,1200 6430,1200 6519,1200"/>
                <TextEquiv>
                    <Unicode>Augustin Hört doch auf mich, Angidius! Ich komme</Unicode>
                </TextEquiv>
            </TextLine>
            <TextLine id="tr_2_tl_6" custom="readingOrder {index:5;}">
                <Coords points="3732,1507 4142,1426 4428,1490 6059,1435 6256,1392 6256,1272 3736,1349"/>
                <Baseline points="3755,1444 3761,1438 3850,1438 3940,1432 4029,1426 4119,1426 4209,1420 4298,1420 4388,1420 4477,1414 4567,1414 4656,1414 4746,1408 4835,1408 4925,1408 5015,1408 5104,1403 5194,1403 5283,1397 5373,1397 5462,1397 5552,1397 5641,1385 5731,1385 5821,1379 5910,1385 6000,1379 6089,1379 6179,1379 6268,1379"/>
                <TextEquiv>
                    <Unicode>Von unserm würdigen Abt. Er heißt auch.</Unicode>
                </TextEquiv>
            </TextLine>
            <TextLine id="tr_2_tl_7" custom="readingOrder {index:6;}">
                <Coords points="3732,1682 6414,1661 7080,1571 7084,1426 3736,1512"/>
                <Baseline points="3755,1600 3779,1594 3868,1594 3958,1594 4047,1594 4137,1594 4226,1588 4316,1588 4406,1582 4495,1588 4585,1588 4674,1582 4764,1582 4853,1576 4943,1576 5032,1576 5122,1576 5212,1570 5301,1570 5391,1570 5480,1570 5570,1558 5659,1558 5749,1558 5838,1558 5928,1546 6018,1546 6107,1546 6197,1540 6286,1540 6376,1540 6465,1540 6555,1540 6644,1540 6734,1534 6824,1534 6913,1534 7003,1534 7092,1534"/>
                <TextEquiv>
                    <Unicode>Registes (wirkt ihm zu schweigen) Last-Das. Ich bin heut nicht zu ernstes</Unicode>
                </TextEquiv>
            </TextLine>
            <TextLine id="tr_2_tl_8" custom="readingOrder {index:7;}">
                <Coords points="6452,1802 6537,1789 6584,1815 6742,1776 6866,1815 6926,1772 6964,1802 7045,1810 7045,1588 7007,1584 6926,1635 6695,1554 6623,1610 6572,1593 6507,1648 6452,1644"/>
                <Baseline points="6477,1707 6567,1707 6656,1707 6746,1707 6835,1707 6925,1707 7015,1707 7050,1707"/>
                <TextEquiv>
                    <Unicode>Arbeit</Unicode>
                </TextEquiv>
            </TextLine>
            <TextLine id="tr_2_tl_9" custom="readingOrder {index:8;}">
                <Coords points="3762,2045 3950,1977 4125,2024 4197,1964 4377,1956 4586,2075 4898,1973 5056,2041 5320,1926 5325,1815 4663,1768 4150,1853 3975,1781 3766,1802"/>
                <Baseline points="3785,1946 3809,1946 3898,1946 3988,1940 4077,1940 4167,1940 4256,1940 4346,1934 4435,1934 4525,1934 4615,1934 4704,1934 4794,1934 4883,1934 4973,1934 5062,1922 5152,1922 5241,1922 5331,1916"/>
                <TextEquiv>
                    <Unicode>Gestimmt. Mein Kopf ist schwer</Unicode>
                </TextEquiv>
            </TextLine>
            <TextLine id="tr_2_tl_10" custom="readingOrder {index:9;}">
                <Coords points="4825,2225 5337,2118 5495,2186 5649,2101 5901,2208 6046,2122 6179,2178 6341,2088 6537,2092 6542,1986 6375,1921 6179,2007 5965,1939 5773,1990 5636,1917 5538,1968 5077,1934 4945,2041 4834,1986"/>
                <Baseline points="4853,2107 4937,2101 5026,2095 5116,2095 5206,2089 5295,2089 5385,2083 5474,2083 5564,2089 5653,2089 5743,2083 5832,2083 5922,2077 6012,2077 6101,2071 6191,2065 6280,2059 6370,2053 6459,2047 6549,2053"/>
                <TextEquiv>
                    <Unicode>Ihr seid nicht völlig wohl?</Unicode>
                </TextEquiv>
            </TextLine>
            <TextLine id="tr_2_tl_11" custom="readingOrder {index:10;}">
                <Coords points="3745,2148 3783,2135 3830,2169 3907,2161 3933,2186 4069,2139 4112,2161 4206,2144 4266,2178 4347,2152 4347,2062 4185,2011 4078,2067 3933,1990 3843,2054 3745,2050"/>
                <Baseline points="3767,2125 3820,2119 3910,2119 4000,2113 4089,2113 4179,2113 4268,2113 4358,2113"/>
                <TextEquiv>
                    <Unicode>Augustin.</Unicode>
                </TextEquiv>
            </TextLine>
            <TextLine id="tr_2_tl_12" custom="readingOrder {index:11;}">
                <Coords points="3719,2319 6478,2370 7152,2306 7157,2118 5910,2212 3719,2135"/>
                <Baseline points="3743,2298 3755,2298 3844,2298 3934,2298 4023,2292 4113,2292 4203,2292 4292,2292 4382,2286 4471,2286 4561,2286 4650,2286 4740,2280 4829,2280 4919,2274 5009,2274 5098,2274 5188,2274 5277,2274 5367,2268 5456,2268 5546,2268 5635,2262 5725,2262 5815,2256 5904,2256 5994,2256 6083,2250 6173,2256 6262,2250 6352,2250 6441,2244 6531,2244 6621,2238 6710,2238 6800,2238 6889,2232 6979,2226 7068,2226 7158,2226"/>
                <TextEquiv>
                    <Unicode>doch das vergeht. So wie ja diesen Augen auf seine weisend)</Unicode>
                </TextEquiv>
            </TextLine>
            <TextLine id="tr_2_tl_13" custom="readingOrder {index:12;}">
                <Coords points="3766,2532 6290,2519 6328,2302 5564,2361 5431,2284 5218,2391 4855,2289 4509,2421 4347,2302 3766,2413"/>
                <Baseline points="3791,2465 3826,2465 3916,2465 4006,2465 4095,2465 4185,2465 4274,2465 4364,2465 4453,2459 4543,2453 4632,2453 4722,2453 4812,2447 4901,2447 4991,2441 5080,2441 5170,2441 5259,2441 5349,2441 5438,2447 5528,2441 5618,2435 5707,2429 5797,2429 5886,2423 5976,2417 6065,2412 6155,2417 6244,2412 6334,2417"/>
                <TextEquiv>
                    <Unicode>Wenn es genau betrachten will, das zwielicht</Unicode>
                </TextEquiv>
            </TextLine>
            <TextLine id="tr_2_tl_14" custom="readingOrder {index:13;}">
                <Coords points="3745,2686 6597,2643 6627,2442 5824,2553 5086,2464 4868,2566 4599,2477 3749,2528"/>
                <Baseline points="3767,2638 3856,2638 3946,2644 4035,2638 4125,2638 4215,2632 4304,2632 4394,2632 4483,2632 4573,2632 4662,2632 4752,2626 4841,2626 4931,2626 5021,2620 5110,2614 5200,2614 5289,2620 5379,2614 5468,2614 5558,2614 5647,2614 5737,2609 5827,2609 5916,2603 6006,2597 6095,2591 6185,2591 6274,2591 6364,2585 6453,2585 6543,2585 6633,2585"/>
                <TextEquiv>
                    <Unicode>Nicht hülsen ist, so auch dem geistigen Blick</Unicode>
                </TextEquiv>
            </TextLine>
            <TextLine id="tr_2_tl_15" custom="readingOrder {index:14;}">
                <Coords points="3745,2865 6644,2857 6648,2635 4710,2746 3749,2686"/>
                <Baseline points="3767,2794 3791,2800 3880,2806 3970,2806 4059,2806 4149,2800 4238,2800 4328,2800 4418,2794 4507,2794 4597,2794 4686,2794 4776,2794 4865,2794 4955,2788 5044,2788 5134,2788 5224,2788 5313,2788 5403,2788 5492,2782 5582,2782 5671,2776 5761,2776 5850,2770 5940,2764 6030,2764 6119,2764 6209,2764 6298,2758 6388,2758 6477,2758 6567,2764 6656,2764"/>
                <TextEquiv>
                    <Unicode>Die Dämerung inmitten Schlaf und Wachen.</Unicode>
                </TextEquiv>
            </TextLine>
            <TextLine id="tr_2_tl_16" custom="readingOrder {index:15;}">
                <Coords points="3762,3074 4526,2980 5086,2972 5355,3040 5530,2963 5700,2985 5705,2852 4778,2805 4522,2912 4415,2818 4249,2874 3766,2827"/>
                <Baseline points="3785,2979 3832,2979 3922,2979 4012,2979 4101,2973 4191,2973 4280,2967 4370,2961 4459,2961 4549,2967 4638,2967 4728,2967 4818,2967 4907,2967 4997,2961 5086,2955 5176,2949 5265,2949 5355,2949 5444,2943 5534,2937 5624,2937 5713,2943"/>
                <TextEquiv>
                    <Unicode>Regidens. Nun nun, was wollt ihr?</Unicode>
                </TextEquiv>
            </TextLine>
            <TextLine id="tr_2_tl_17" custom="readingOrder {index:16;}">
                <Coords points="5393,3215 5709,3254 5944,3147 6140,3215 6277,3134 6324,3173 6418,3130 6747,3211 6781,2963 5935,2951 5700,3027 5530,2963 5397,3015"/>
                <Baseline points="5415,3128 5444,3134 5534,3128 5624,3128 5713,3122 5803,3122 5892,3122 5982,3116 6071,3116 6161,3116 6250,3116 6340,3110 6430,3110 6519,3110 6609,3104 6698,3092 6788,3098"/>
                <TextEquiv>
                    <Unicode>Vom hochwürdigen Abt</Unicode>
                </TextEquiv>
            </TextLine>
            <TextLine id="tr_2_tl_18" custom="readingOrder {index:17;}">
                <Coords points="3775,3181 4308,3160 4377,3185 4385,3019 4308,3015 4206,3070 4172,3040 4129,3057 4099,3036 3916,3040 3856,3079 3779,3057"/>
                <Baseline points="3797,3158 3850,3158 3940,3152 4029,3152 4119,3146 4209,3140 4298,3134 4388,3140"/>
                <TextEquiv>
                    <Unicode>Augustin</Unicode>
                </TextEquiv>
            </TextLine>
            <TextLine id="tr_2_tl_19" custom="readingOrder {index:18;}">
                <Coords points="3805,3433 3975,3335 4010,3360 4039,3343 4121,3412 4210,3348 4372,3416 4484,3322 4573,3326 4573,3220 4381,3211 4308,3160 3805,3177"/>
                <Baseline points="3826,3319 3868,3319 3958,3319 4047,3319 4137,3313 4226,3313 4316,3313 4406,3313 4495,3313 4585,3313"/>
                <TextEquiv>
                    <Unicode>Ein Auftreiz.</Unicode>
                </TextEquiv>
            </TextLine>
            <TextLine id="tr_2_tl_20" custom="readingOrder {index:19;}">
                <Coords points="3749,3506 3933,3583 4509,3493 4791,3591 5090,3476 5581,3578 5880,3467 6012,3557 6388,3463 6388,3343 4484,3322 4321,3420 3971,3331 3753,3454"/>
                <Baseline points="3773,3492 3803,3492 3892,3492 3982,3486 4071,3480 4161,3480 4250,3480 4340,3486 4429,3486 4519,3480 4609,3480 4698,3474 4788,3474 4877,3468 4967,3468 5056,3468 5146,3462 5235,3462 5325,3462 5415,3456 5504,3456 5594,3450 5683,3450 5773,3450 5862,3444 5952,3444 6041,3444 6131,3438 6221,3444 6310,3438 6400,3444"/>
                <TextEquiv>
                    <Unicode>Regisius. Sagt ich auch nicht schon: Ich bin</Unicode>
                </TextEquiv>
            </TextLine>
            <TextLine id="tr_2_tl_21" custom="readingOrder {index:20;}">
                <Coords points="3758,3736 5167,3651 5402,3758 5722,3642 6076,3775 6580,3698 6584,3497 5205,3591 4906,3510 4565,3612 4334,3518 3924,3600 3762,3506"/>
                <Baseline points="3779,3671 3815,3671 3904,3665 3994,3659 4083,3659 4173,3659 4262,3653 4352,3653 4441,3659 4531,3653 4621,3653 4710,3647 4800,3647 4889,3647 4979,3641 5068,3635 5158,3635 5247,3635 5337,3635 5427,3635 5516,3635 5606,3635 5695,3629 5785,3629 5874,3623 5964,3629 6053,3618 6143,3618 6232,3612 6322,3606 6412,3606 6501,3612 6591,3612"/>
                <TextEquiv>
                    <Unicode>Heut nicht zum staken aufgelegt. Geht doch.</Unicode>
                </TextEquiv>
            </TextLine>
            <TextLine id="tr_2_tl_22" custom="readingOrder {index:21;}">
                <Coords points="3779,3911 3933,3963 4052,3877 4291,3971 4496,3839 4697,3924 4957,3834 5115,3937 5256,3834 5491,3826 5636,3911 5922,3826 5927,3702 5607,3642 5402,3758 5222,3651 4552,3694 4415,3787 4300,3706 4176,3779 3950,3676 3783,3732"/>
                <Baseline points="3803,3832 3874,3838 3964,3832 4053,3832 4143,3832 4232,3832 4322,3832 4412,3832 4501,3826 4591,3826 4680,3820 4770,3820 4859,3820 4949,3815 5038,3815 5128,3815 5218,3809 5307,3809 5397,3803 5486,3803 5576,3803 5665,3803 5755,3803 5844,3803 5934,3803"/>
                <TextEquiv>
                    <Unicode>faßt mich. Ich will hier liegen bleiben.</Unicode>
                </TextEquiv>
            </TextLine>
            <TextLine id="tr_2_tl_23" custom="readingOrder {index:22;}">
                <Coords points="5406,4027 5466,4044 5547,4018 5585,4056 5679,3988 5752,4010 5841,3988 5884,4027 5969,3980 6038,4022 6085,4005 6093,3834 5957,3809 5846,3852 5786,3813 5628,3920 5525,3834 5414,3826"/>
                <Baseline points="5432,3976 5468,3976 5558,3976 5647,3976 5737,3970 5827,3970 5916,3970 6006,3964 6095,3952"/>
                <TextEquiv>
                    <Unicode>Leses!</Unicode>
                </TextEquiv>
            </TextLine>
            <TextLine id="tr_2_tl_24" custom="readingOrder {index:23;}">
                <Coords points="3796,4056 3916,4018 4014,4039 4061,4022 4116,4039 4172,4010 4240,4022 4240,3924 4185,3945 4138,3911 4099,3911 4035,3877 3950,3950 3903,3920 3877,3945 3834,3920 3792,3937"/>
                <Baseline points="3815,3994 3904,4000 3994,4000 4083,4000 4173,4000 4250,4012"/>
                <TextEquiv>
                    <Unicode>Lever in</Unicode>
                </TextEquiv>
            </TextLine>
            <TextLine id="tr_2_tl_25" custom="readingOrder {index:24;}">
                <Coords points="3749,4236 4787,4287 5346,4193 6068,4291 6546,4172 6550,3988 5056,3997 4842,4091 4624,4005 3753,4035"/>
                <Baseline points="3773,4179 3779,4179 3868,4179 3958,4185 4047,4179 4137,4179 4226,4173 4316,4167 4406,4167 4495,4167 4585,4167 4674,4167 4764,4161 4853,4161 4943,4155 5032,4149 5122,4149 5212,4143 5301,4143 5391,4143 5480,4137 5570,4143 5659,4143 5749,4143 5838,4137 5928,4137 6018,4137 6107,4137 6197,4125 6286,4131 6376,4125 6465,4125 6555,4125"/>
                <TextEquiv>
                    <Unicode>(Lese) Sagt übauch nicht, daß ihn der Teufel hat?</Unicode>
                </TextEquiv>
            </TextLine>
        </TextRegion>
    </Page>
</PcGts>
