7496 5000
3806 341 7119 622 Die Liebe zwischen Mann und Weibezu wählen, auf
298 423 3698 816 wissen, ihr sollt glauben, glauber, und das ist fur¬
3823 536 7089 821 daß es jedem klar werde, was ich meine, selbst dem
346 613 3547 937 Freiheit. Of ihr kommt ja sehr weit mit Euerem
3815 674 7154 1097 gemüth, das am wenigsten vermag, sich zu der Ewig¬
337 795 3650 1128 Verstand, unendlich weit, bis dorthin nemlich, wo¬
3711 916 4838 1214 keit zu erheben.
350 968 3586 1296 ihn Eure neugierigen Schädel an die Wand sloßt
311 1119 3633 1408 Und es sind viele Schäfel daran pershellt, aber die
3840 1227 5806 1512 Erstes Genie. Was sagst du?
389 1335 3668 1629 Wand steht noch. Ja, ja laßt sie Euch zum Merk
3866 1374 7249 1689 zweites genie. Ich will dir antworten, wenn ich aus
389 1464 3663 1745 lienen, die Knochen, die da herumliegen! Aber
2877 1620 3421 1758 dorscher,
3875 1551 6169 1875 seinen Blicken klug geworden bin.
337 1676 3694 1957 diese Philosophon, diese langweiligen (Burschen) mit
384 1814 3776 2182 ihrem ewigen: Warum? Und das sind die Fragen
4830 1814 6005 2212 Aegidius.
419 1966 3789 2328 Die sie an den Ewigen richten und aus Unendliche
3961 2035 7219 2415 Es liebt ein Mann ein Weib, und das Weib gehört
419 2169 3663 2467 Aber es fügt sich auch, dass sie unter ihren Mitmen¬
3966 2285 7240 2480 einem Anderen an. Und auch das Weib dieses Anderen
393 2333 3707 2678 schen herumfragen, meine geliebten Anlächtigen
3931 2467 7296 2722 ist in sundhafter Liebe entbrannt zu dem, dem sie nun
406 2549 3789 2812 Und sie sind mit den Gesetzen nicht zu frieden und
3914 2614 7266 2864 schon einmal nach göttlichem u. menschlichen Rechte fremd
3210 2687 3495 2817 en
402 2722 3793 3037 sagen: dies Gesetzt macht uns zum Knecht, und wir
3901 2799 7201 3050 bleiben und niemals sich nähern soll. Der Liebende
393 2894 3767 3149 wollen Freiheit! Und manche, die doch noch ein klein
3910 2959 7128 3292 ruft aus: Welche Ungerechtigkeit daß die Geliebte
389 3050 3810 3326 wenig Vernunft haben, erwidern dar auf: Ohne die
3914 3097 7327 3400 nicht völlig, völbig mein sein darf. Nur einmal leb ich
363 3210 3849 3538 se Gesetzt wird in der ganzen Welt kein Sein möglich,
3892 3288 7206 3620 und des Menschen Leben währt siebenzig Jahre, und
389 3447 3590 3668 die Schranker, die sich die Menschheit nach und nach
3931 3465 7284 3728 wenn es schön gewesen ist, so ist's Kummer und Trub¬
376 3573 3754 3897 selbst aufgebaut, müssen stehn bleiben. Denn es stunde
3957 3655 7227 3957 sal gewesen-, und wie Spreu im Winle fliegen die
441 3758 3793 4056 sonst noch furchtbarer um die Ende. Lastt mich auch
4000 3802 7214 4104 Tage dahin! Und nun wirkt und lockt das höchste
449 3918 3823 4156 ein Beispiel sagen, meine Andächtigen, und gestattet
3974 3970 7361 4320 herrlichste Glück, das ein menschlich Herz sichersehnen kann,
518 4117 3681 4415 Eurem Prediger, ein völlig wilisches Verhältnis,
