3400 4168
2497 413 2670 569 187.
391 750 2435 954 Weh mir! Was sprach ich! Lüge tsts und Trug.
408 886 2599 1096 's ist was in mir, das lügt und höhnt! Nur eins
391 1028 2225 1266 Zu sagen, kam ich her: Dass Dein Aegidius
388 1217 2177 1435 Ein Frevler ist- dass meine Liebe hin-
402 1362 2262 1583 Dass alles Glück verloren ist auf Erden-
408 1506 2492 1670 Ja alles, alles Glück! Stirb, Mädchen, stirb
413 1662 2234 1866 Willst Du unselig sein Dein Leben lang?
1144 1820 1645 2027 Feltot tas
411 1917 2384 2149 Ja, toh will sterben, da der Liebste tot -
1152 2132 1605 2310 Hilarius.
411 2265 2687 2477 Das darfst Du nicht! Dein Liebster ist nicht tot
425 2432 1331 2622 Er denkt ja Dein..
1175 2579 1656 2746 Felicitas.
453 2726 1469 2939 (plötzlich aufstehend)
445 2905 898 3100 Teufel!
1169 3012 1617 3230 Hilarius.
464 3194 1755 3383 (In schwer errungener Ruhe.)
450 3361 1673 3536 Das Gesetz des Klosters...
1181 3497 1662 3618 Felicitas.
456 3647 1515 3845 Und des Herzens Recht?
