3304 4088
2666 479 2865 617 163
1132 721 1552 991 Faustina
491 972 1929 1172 ( in plötzlicher Leidenschaft )
485 1129 1813 1350 Dich, Dich selbst, Aegidius.
503 1248 2617 1466 (sie sieht ihn mit ängstlicher Erwartung an)
503 1426 2488 1595 Was soll der Blick? So juble doch Aegidius.
491 1598 2298 1782 Bist Du nicht glücklich, sieh ich bins.
497 1727 2451 1911 Ich liebe Dich. Und Du, Du sagtest doch...
494 1902 2089 2092 Du hast mirs einst gestanden Du...
528 2021 2939 2236 (da sie sein seltsames Benehmen bemerkt stockt sie
1239 2181 1678 2362 Aegidius.
543 2319 2117 2509 sie eigentümlich ruhig ansehend
521 2497 1304 2604 Ich sagte einst,
479 2506 2788 2745 Das ich Dich liebte. Damals glaubt ich, dass ich
488 2758 2675 2929 Die Wahrheit Dir gestand. Nun glaub ich anders.
1239 2923 1678 3117 Faustina.
497 3025 2960 3209 O sprich nicht vorschnell...schweig ein wenig...dann,
509 3144 2479 3337 Wenn Du bedacht, sprich wieder. Aber denke
500 3383 2316 3521 Dass jene Nacht, wo Du so rasend warst,
521 3543 2184 3690 Wie ichs in diesem Augenblicke bin -
