3352 4120
2866 438 3041 601 132.
663 728 3047 927 dann meint ich, andere könnten sie dabei empfinden,
660 930 1161 1131 nicht ich.
1386 1060 1836 1244 Aegidius
663 1202 2724 1398 Ich versteh Dich nicht. Tust Du ein Unrecht?
1404 1347 1845 1552 Benedikt.
657 1498 2908 1691 Mir ists kein Unrecht, denn es ist mir ein Ver-
663 1646 3009 1824 gnügen, ihr ists kein Unrecht, denn es ist ihr ein
663 1795 3041 1984 Genuss, ihm ists kein Unrecht, denn er weiss nichts
651 1990 2878 2171 Davon, Dir ists kein Unrecht, denn es geht Dich
651 2114 2410 2295 nichts an...folglich will ich zu ihr.
1401 2271 1836 2470 Aegidius.
660 2381 2212 2597 Zu ihr, dieeines andern Weib ist?
1401 2561 1812 2727 Benedikt
646 2704 2946 2890 Heut nachts gewesen. In wenig Augenblicken wieder
669 2893 2781 3035 das metne, das wechselt ja. Du hast ja selbst
669 3018 2194 3228 sehr erbaulich darüber gepredigt.
1401 3171 1863 3391 Aegidius.
663 3325 1910 3551 Und jener liebt sein Weib!
