7400 4872
297 463 1001 835 Erstes-Genie.
344 712 2647 965 da glaubst du nun, daß dich das Singen
372 886 2591 1084 Von Kirchenliedern wird kuriren?
336 1064 3173 1321 Zweites G. Mein Freund, ich will mich amisirin
443 1230 2271 1468 In einer Kirche geht der auch.
273 1393 3339 1685 Erstes G. (lächelnd) Bei andere ist das nicht der Brauch,
669 1547 2544 1800 Aus aber ist es wohl gestattet;-
546 1709 2718 1994 Doch du bist blas, so viel ich sehe.
269 1887 2852 2176 Zweites G. Ja wohl; ich fühle mich ermattet.
550 2097 2702 2330 Komm mit mir in des kltars Stähe.
253 2235 3050 2532 Erstes G. Hier setzen wir uns auf die Bank,
301 2417 2896 2674 Zweites G. Ach wär ich doch nicht seelenkrank!
281 2579 2880 2860 Erstes G. Er ist des Zufalls seltsam Spielen
546 2758 2275 3015 daß unsre Lose also fielen.
609 2936 2682 3185 etu, der mit Wein, Gesang und Lieb¬
605 3121 2481 3367 Sich Nächt und Tage sels vertrieb,
597 3268 2259 3517 Bist etwas düsterer gewesen
597 3438 2663 3691 Als ich, der mit vernünftigem Lesen,
629 3616 2259 3869 Mit allerhand Philosophien,
669 3758 2532 4051 Mit Bücherforschen und Studiren
692 3956 2722 4217 Mein halbes Leben hab' verbracht;
708 4107 2623 4403 Bin immer fröhlich aufgewacht.
3806 704 4668 961 Zweites Genie
3869 862 6108 1124 Man that mir in den letzten Tagen
3917 1029 5824 1286 Zu wiederholten Malen sagen,
3948 1187 5788 1464 daß du in Kirch und Gotteshaus
3980 1365 5998 1618 Seit Wachen viel gehst ein und aus.
3968 1535 5646 1784 Wie wäre deine Fröhlichkeit
3992 1681 5970 1966 Verstellung nur in letzter Zeit? -
3980 1859 6215 2148 Du seufzust auf? O sprich doch! Wann
3968 2073 5863 2295 Hast deine Ruhe du verloren?
3782 2251 6963 2485 Erstes G. (selbungswoll.) Es wird ein jeder große Mann
3972 2413 5978 2631 Mit einem großen Schmerz geboren.
3960 2568 5839 2821 An meiner Weise ward es mir¬
3992 2734 5990 3007 Und X elend fühl’ ich mich gleich dir.
3782 2916 6275 3209 Zweites G. Woher es wohl den Anfang nahm
4300 3086 6195 3347 Dies einge sich zerrissen fühlen!
3806 3240 6227 3545 Erstes G. Ja, wußte man, woher es kam
4281 3422 6401 3671 Dann wäre auch der Gram zu kühlen.
3806 3572 6892 3873 Zweites G. Rats mußt ich dich, mein Freund, beneiden,
4198 3758 6164 4012 Was könnte wir die Lebenslust
4170 3921 6049 4162 Mik einem Male so verleiden?
4134 4091 6168 4340 Innitten staubgen Bücherwust
4182 4261 6298 4542 Hast du dich selber stets vergessen,
