3368 4120
2491 427 2641 589 32
1148 751 1589 877 Aegidius.
510 907 1441 1069 Nun, ich fragt Euch
532 1055 2606 1192 Ob draussen in der Welt —nicht wahr, es gab
562 1236 2088 1367 ne Zeit, wo Ihr die Welt gesehn?
1162 1367 1600 1548 Augustin.
515 1504 967 1674 Die Welt?
1159 1669 1597 1844 Aegidius.
515 1814 2493 1973 Die offne, unbegrenzte Welt, die mein ich.
529 1962 2406 2096 Wo sich nach allen Seiten Wege scheiden,
526 2096 2510 2230 Und sich nach Süden, Norden, Westen, Osten
518 2239 2518 2395 Ein Netz von Straßen auflöst und verwirrt
532 2408 2318 2559 Wo sich die Pfade frei und ungehindert
540 2606 2195 2732 Von Überall nach überall värzmeigen
537 2715 2373 2861 Und woder Mensch die Bahnen dieser Welt
526 2866 2444 3052 Nach eignen Willen, frei und ungehindert,
532 3022 2732 3195 Beschretten darf, wie's ihm sein Sinn befiehlte.
1173 3209 1622 3357 Augustin.
529 3332 2154 3491 Mein lieber Bruder. Jene Wege gehn
532 3452 2362 3639 „Nach allen Seiten frei und ungehindert,
