3064 3496
2530 380 2671 531 20
799 477 2691 685 Antotnette: Nenlich hab ich sie sptelen gesehen.
802 611 2793 804 Lndnig weise eesnieht. Ein plötzlicher Einfall von
802 747 2666 948 mir. Eo nach eine sgte lacherliche eine koile.
777 859 1921 1067 Ich mueste sie eimel sehen.
804 1030 2130 1197 Riohard: Hath sie Ihnen gefällend
2229 1100 2512 1204 Ichwecheruch
799 1157 2639 1331 Antoinette: (nachdenklich) Gefallen -7 Es war e
794 1296 2731 1395 viel Sehnsucht in ihrem Aug und ein Ausdruck von
1219 1383 2445 1457 dechit nelemola C.p - betcisumdell
792 1450 2721 1614 Schmerz beinahe. Hubsch ist sie ja eigentlich ger
1730 1509 2445 1673 Reinh mrnicht siede
794 1571 1067 1720 nicht.
794 1656 2716 1849 Richard:(Und wenk sie eine Venus wäre Die Sache
794 1780 2716 1996 ist aus. Er liebt Sje, Entoinette. Und glaubey sie,
787 1926 1566 2105 dass er nich kennt?
792 2063 2770 2239 Richard: Er müeste wohl alhen, was für eine Art von
819 2192 1358 2299 Frau Sie sind.
789 2336 2751 2495 Antolnette: Er chpt es nicht. Ich glanbe fast, dass
789 2435 2761 2622 Eie mich besserskennen ale er, wenigstene seit die-
782 2559 1504 2761 der Viertelstundet
792 2698 2505 2882 lein Stadennedohen ist auf Sidon zugekonnen!
777 2833 2545 3009 Sidon: de steht eie und plandert.-Antolnette.
787 2947 2671 3145 Etolnetto: Din sohen da (zu Sidonl du hest nohl
787 3096 2609 3274 lest geheht, Peter, dese ich vergesse. Nein,ich
