3064 3528
2317 347 2474 494 243
742 479 2707 670 Riohard: Guten Abend. O Mathildel (Wie gehte Ihnen
747 655 2201 824 denn?) Ich freu mich so Sie zu sehen.
737 772 2625 980 Helene: betwes verwundert) Schon vorüber die Or-
744 940 1141 1062 dination?
762 995 2757 1213 lichard: Sie hat heut überhaupt gar nicht angefan-
1136 1107 2613 1218 Iet glai be fiel betelher bed uile raiem valeb
759 1179 2275 1295 gen.(Ist«keine fost für mich gekommen?
1729 1256 1873 1325 Ei h
764 1268 2650 1461 Helene: Micht dass ich würste. Kom-et du deswe-
779 1427 2330 1593 gen zu so ungewohnter Stunde nach tause?
767 1538 2712 1732 Kichard: Wein. (etwas künktlichl, Ich hatte often-
779 1675 2481 1829 bar eine Ahnung, dass Te da Siha, mathilde.
772 1804 2313 1948 Kathilde: Ich glaub nicht an Ahnungens
782 1928 2657 2072 Helene: Eben war Karl Bern hier und hat uns für
787 2050 2670 2216 Sansteg die Loge gebracht, die Autorenloge. Hanx
784 2184 2707 2380 xaxAxExxX Uebrigens iet es möglich,
796 2335 2270 2476 dass die Vorstellung verschoben wird.
796 2456 1729 2643 Ticherd: So, werum denn?
799 2546 2791 2777 HejeneiMeil die Hauptrolle unbesetzt wird(tür die
796 2697 2759 2878 Roreda wird wahrscheinlich Fraulein friesel sple-
799 2886 985 3022 len.
789 2980 1352 3169 Kicherai Werz
