3096 3512
894 418 2828 624 Gredet. In Perillon sollen jetzt znel fausse spal
1653 556 2084 649 Plienatraht
897 574 2863 757 nische Tnzerinnen (auftreten. Wollen Sie mich hin-
899 681 2791 882 begleiten? Es wäre vielleicht das Vernünftigste
2563 839 2853 957 einne
852 817 2788 1042 "fir uns Beide,statt zuhause-einsam unseren Tran-
887 949 1944 1145 men nachzuhängen.-. M. z
929 1067 2740 1283 idon: Sie machen mich glücklich, gnädige Frau.
882 1237 2823 1408 Fr. Eiderhof: Das ist übertrieben, Herr Kommerzial-
869 1333 2776 1546 rat. begen elf werde ich parat sein. GIx lauten
914 1483 2600 1681 ie einfach hinauf zu mir) Adieu, (sie gelitl
912 1586 2680 1816 idonilzug Bufret, no Ruttespradel(und Richerd)
867 1713 2287 1919 Lndnigileus den 2. Limier, Reiseenzugl
864 1841 2680 2069 Fichard:lschon früher stner gespangt, sieht ihn
852 1969 1794 2104 gleich, tritt auf ihn zuf
849 2152 2618 2340 Sidon: (nach einer Welle mit Rutte und Gradel
849 2249 1258 2370 Vorziuner)
852 2335 1445 2510 Roherd-Ladnige
842 2465 2853 2733 Zednig: Ich bent dir, dass da so lenge behald gehabt
827 2670 2801 2871 Fscherd: Nun, an welchen Fall handelt es sich denn
854 2801 1295 2901 eigentlicht
822 2871 1909 3124 Ledrig: Va don Palt Frant.
