3128 3512
2252 379 2680 533 234 11 ktr.
725 492 2701 694 Atte: (von links) Guten Lbend, Herr Präsident. Ich
710 671 2627 838 habe. Ja heute schon einmal das Jergnügen gehabt.
1025 774 1909 858 menem Negung neu
723 800 2716 933 Fricke: (verstehtenicht gleich) Ach so - Sie meinen
718 953 1409 1071 auf dem Friedhof?
718 1051 2642 1233 Rutte: Vergnügen ist freilich nicht das richtige
723 1235 946 1343 wort.
733 1315 2670 1468 Gradel: Ja, das hätte er sich heute vor acht Tagen
733 1471 2657 1609 nicht träumen lassen,der Herr Kommerzialratailn
733 1573 2711 1748 tielene: (winkt von der Loge aus ihren Vater herein)
776 1748 2460 1876 ie entschuldigen,meine Herren. (in die Loge)
741 1860 2798 2004 Rutte: (zu Gradl) Was sagst du dazuf,dass Frau Eider-
733 1983 2604 2158 hof. im Theater ietk,wo doch jeder Mensch weiss,
725 2127 2660 2276 dass der [Kommerzialrat, wie man so sagt, in ihren
738 2281 1622 2409 Armen gestorben ist...
741 2383 2586 2532 Gradl: Warum nicht? Offiziell wird sie ja doch
2629 2422 2801 2555 nort
738 2519 2765 2670 nicht um ihn trauern-und privat wahrscheinlich auch
787 2627 1107 2734 cocinst
741 2678 987 2778 ntekt.
735 2747 2716 2919 Rutte: HxxxExx Freilich. Aber vor dem Krieg wär-
735 2898 2065 3024 sowas doch nächt möglich gewesen.
1086 2978 2539 3083 dasiiinn. in dem berwei. der mi icue 1o.
720 3034 2601 3167 Gradl: Ja, wir leben in einer sitienlosen Zeit,
776 3131 2780 3334 Reb. Obr dafs in in Regretusten was Secle get
