3144 3544
2291 436 2614 586 116.119
802 561 2564 749 der im Freund der Frauen“ den Mafor spielt,
807 697 2614 882 wo icu Ihnen neulich die Eitze geschenkt hab.
797 812 2647 1008 Uil11 Ich werd doch miesen, wer der Gregor let.
807 977 2669 1160 Franzlildeckt den Fisch abl beh Mutter und die
812 1095 2744 1283 be sohirr, das nimnet du gleich mit in die Küche.
820 1251 2599 1391 Mutter:bübellaunig) War das gleich für einer
822 1363 2519 1539 Uirbel macht, wenn du einmal zu einer Kolle
822 1499 2233 1674 kommst. (rechte mit dem Geschirr ab)
825 1614 2596 1764 m111: sa, da werden sich Frau Fgnanzrat jetzt
822 1744 2596 1915 dran gewöhnen müesen. Und füre nächste Stück
1784 1862 2313 1957 int eu pos d
830 1892 2644 2055 wird sich das Fraulein vam Hateen pitzer die
832 2005 2566 2193 Tolletten machen lassen und die Mili kriegt
832 2155 1451 2323 ihren Abschied.
845 2236 2714 2451 rranzi: leden die keinen Unsinn, Milt. Und menn
842 2368 2662 2574 ich seine) bräfin werd', Sie bleiben meine Pri-
857 2524 2338 2702 rat-und Hofschneiuerin in jedem Fall.
840 2662 2852 2860 untterilrieder herinnen,mackt noch detzte Ordnung)
842 2815 2707 2967 do wird'e setzt schön genug sein für den Herrn
842 2940 1160 3105 Gregorl
852 3030 2784 3263 Prepetilist jetzt bel der Konnode,sicht die sine
