3048 3480
399 322 739 543 31.3.1930
1383 422 1620 551 237-
626 628 1617 767 vorlaufig ertragen kann.
618 731 2547 942 Karl Bern: Ee iet ja beinahe eine Frühlingenacht
636 839 2693 1048 geworden: Ich schlage vor(noch eine Welle im Freien
639 1009 2395 1156 zu spezieren. Er wird Ihnen eicher wohl tum
641 1123 2652 1272 Richard: Ich dank Euch allen, aber - lasst mich lie-
641 1241 2588 1398 ber für heute. Ich verspreche Euch,dass ich keine
641 1388 2554 1545 Torheit oder etwas allzu Vernünftiges tun werde.
649 1542 2511 1705 In dieser Hinsicht könnt ihr Euch ganz auf mich
651 1669 1094 1818 verlaesen.)
654 1751 1764 1947 purschluerigkelt der Andernl
654 1911 2727 2047 Mathilde:(das erte Wort, das sie spricht) Laset mich
649 2070 1267 2217 mit ihm allein.
651 2142 2611 2402 Relene:lrögert einen Monent, Karl der nickt-Belde
659 2333 1303 2498 entfernen eichl.
659 2457 1393 2578 Richard, Mathilde.
649 2536 2655 2755 Rothtide: (wie ihm antwortend) Ee ist nur dee, dase
670 2663 2693 2853 Ich dich in dieser Stunde nicht allein laesen will.
659 2786 2657 2964 O.Ich hab keine Anget um dich. Oder vielleicht iet
752 2923 1022 3005 nun
649 2902 2629 3105 er nur, das an nich nicht allein leseen solltt in
657 3087 1231 3270 dieser Stuade.
