<?xml version="1.0" encoding="UTF-8" standalone="yes"?>
<PcGts xmlns="http://schema.primaresearch.org/PAGE/gts/pagecontent/2013-07-15" xmlns:xsi="http://www.w3.org/2001/XMLSchema-instance" xsi:schemaLocation="http://schema.primaresearch.org/PAGE/gts/pagecontent/2013-07-15 http://schema.primaresearch.org/PAGE/gts/pagecontent/2013-07-15/pagecontent.xsd">
    <Metadata>
        <Creator>prov=READ-COOP:name=PyLaia@TranskribusPlatform:version=2.7.0:model_id=50870:lm=none:date=22_01_2024_15:39</Creator>
        <Created>2023-09-27T14:32:17.471+02:00</Created>
        <LastChange>2024-01-22T15:39:31.619+01:00</LastChange>
        <TranskribusMetadata docId="1589027" pageId="60121862" pageNr="41" tsid="145620658" status="IN_PROGRESS" userId="40391" imgUrl="https://files.transkribus.eu/Get?id=TUACZKCVLVCFFNQSHMTJTAMP&amp;fileType=view" xmlUrl="https://files.transkribus.eu/Get?id=MFXHVWBHDOTETSAFXAHKOBYR" imageId="48546941"/>
    </Metadata>
    <Page imageFilename="1589027_0041.jpg" imageWidth="3080" imageHeight="3512">
        <ReadingOrder>
            <OrderedGroup id="ro_1711795878741" caption="Regions reading order">
                <RegionRefIndexed index="0" regionRef="tr_1"/>
            </OrderedGroup>
        </ReadingOrder>
        <TextRegion orientation="0.0" id="tr_1" custom="readingOrder {index:0;}">
            <Coords points="474,405 474,3196 2783,3196 2783,405"/>
            <TextLine id="tr_1_tl_1" custom="readingOrder {index:0;}">
                <Coords points="2485,456 2507,456 2529,471 2536,466 2561,473 2576,463 2591,476 2613,476 2613,362 2598,365 2593,360 2556,392 2544,392 2527,375 2507,367 2485,370"/>
                <Baseline points="2499,450 2529,450 2559,450 2589,450 2619,450"/>
                <TextEquiv>
                    <Unicode>38</Unicode>
                </TextEquiv>
            </TextLine>
            <TextLine id="tr_1_tl_2" custom="readingOrder {index:1;}">
                <Coords points="855,532 1336,584 1543,552 1728,626 2048,567 2460,606 2455,441 2394,434 2196,505 2016,451 1664,493 1511,424 1255,481 853,451"/>
                <Baseline points="869,528 948,530 1028,531 1108,534 1187,537 1267,543 1347,545 1426,546 1506,550 1586,555 1666,554 1745,555 1825,558 1905,558 1984,561 2064,564 2144,568 2223,570 2303,570 2383,572 2463,576"/>
                <TextEquiv>
                    <Unicode>Dutrend Lietheber gehabt haben und doch-</Unicode>
                </TextEquiv>
            </TextLine>
            <TextLine id="tr_1_tl_3" custom="readingOrder {index:2;}">
                <Coords points="860,707 2675,735 2650,614 1812,643 1617,589 1297,619 1181,542 855,564"/>
                <Baseline points="872,662 962,659 1052,662 1142,665 1233,668 1323,674 1413,674 1504,677 1594,683 1684,683 1775,684 1865,687 1955,693 2045,696 2136,699 2226,704 2316,701 2407,705 2497,707 2587,708 2678,710"/>
                <TextEquiv>
                    <Unicode>Gschardi (ungeduldig) Nun schän, zugegeben -aber</Unicode>
                </TextEquiv>
            </TextLine>
            <TextLine id="tr_1_tl_4" custom="readingOrder {index:3;}">
                <Coords points="845,826 1390,818 1514,880 2258,836 2366,910 2490,855 2768,853 2766,717 1203,752 1067,693 841,700"/>
                <Baseline points="857,788 952,788 1048,792 1144,795 1240,799 1336,803 1432,806 1527,809 1623,815 1719,815 1815,818 1911,823 2007,824 2103,824 2198,827 2294,833 2390,834 2486,836 2582,841 2678,845 2774,845"/>
                <TextEquiv>
                    <Unicode>mas münschest du eigentlich vonf wiresmenn es ge-</Unicode>
                </TextEquiv>
            </TextLine>
            <TextLine id="tr_1_tl_5" custom="readingOrder {index:4;}">
                <Coords points="843,919 1048,959 1371,934 1526,1013 2248,961 2684,1011 2741,996 2739,890 2512,855 2352,912 2263,875 1726,895 1615,858 1366,892 1119,811 841,826"/>
                <Baseline points="857,919 951,916 1046,922 1140,923 1235,926 1329,931 1424,931 1518,936 1613,937 1707,943 1802,943 1896,949 1991,950 2085,954 2180,957 2274,958 2369,961 2463,964 2558,967 2652,967 2747,964"/>
                <TextEquiv>
                    <Unicode>scheheh wäre - du entschuldigst, dass ich lache -</Unicode>
                </TextEquiv>
            </TextLine>
            <TextLine id="tr_1_tl_6" custom="readingOrder {index:5;}">
                <Coords points="831,1067 1380,1060 1605,1146 1960,1090 2576,1109 2554,998 2288,1043 2095,1006 2004,1045 1622,988 1267,1011 1154,934 826,954"/>
                <Baseline points="845,1048 931,1048 1018,1051 1105,1051 1192,1053 1278,1056 1365,1059 1452,1063 1539,1066 1625,1072 1712,1073 1799,1073 1886,1075 1972,1078 2059,1081 2146,1084 2233,1084 2319,1087 2406,1090 2493,1093 2580,1098"/>
                <TextEquiv>
                    <Unicode>Ich könnte es so wenig andern wie du-und sie</Unicode>
                </TextEquiv>
            </TextLine>
            <TextLine id="tr_1_tl_7" custom="readingOrder {index:6;}">
                <Coords points="986,1127 1023,1136 1067,1122 1092,1139 1146,1129 1237,1141 1297,1124 1294,1080 1242,1057 1213,1072 1166,1055 1112,1067 1080,1055 984,1057"/>
                <Baseline points="1000,1116 1025,1114 1050,1113 1075,1115 1100,1116 1125,1116 1151,1117 1176,1119 1201,1120 1226,1122 1251,1122 1276,1124 1302,1131"/>
                <TextEquiv>
                    <Unicode>Kindern</Unicode>
                </TextEquiv>
            </TextLine>
            <TextLine id="tr_1_tl_8" custom="readingOrder {index:7;}">
                <Coords points="831,1225 1427,1193 1583,1269 1846,1225 2024,1269 2233,1218 2285,1255 2430,1223 2650,1260 2655,1161 2556,1188 2327,1114 2260,1161 2056,1119 1868,1156 1090,1139 828,1085"/>
                <Baseline points="845,1179 935,1173 1026,1179 1117,1182 1208,1185 1299,1188 1390,1191 1481,1194 1572,1197 1663,1200 1754,1203 1844,1204 1935,1206 2026,1208 2117,1210 2208,1213 2299,1215 2390,1218 2481,1221 2572,1225 2663,1227"/>
                <TextEquiv>
                    <Unicode>u n, wenn sie entschlossen wäre, dürfte es</Unicode>
                </TextEquiv>
            </TextLine>
            <TextLine id="tr_1_tl_9" custom="readingOrder {index:8;}">
                <Coords points="833,1326 1464,1324 1647,1385 1854,1334 1962,1373 2657,1375 2652,1262 2019,1294 1767,1235 1188,1269 1016,1208 828,1223"/>
                <Baseline points="845,1302 935,1302 1026,1305 1117,1308 1208,1311 1298,1314 1389,1319 1480,1320 1571,1325 1661,1326 1752,1330 1843,1330 1934,1332 2024,1335 2115,1337 2206,1341 2297,1344 2387,1344 2478,1348 2569,1350 2660,1355"/>
                <TextEquiv>
                    <Unicode>aueh schon zu spät sein;-auch wüeste ich beim</Unicode>
                </TextEquiv>
            </TextLine>
            <TextLine id="tr_1_tl_10" custom="readingOrder {index:9;}">
                <Coords points="486,1410 572,1393 604,1405 636,1388 678,1415 717,1385 762,1400 781,1395 784,1338 740,1336 700,1316 675,1331 634,1316 592,1331 552,1309 488,1309"/>
                <Baseline points="498,1394 524,1394 551,1390 577,1388 604,1388 631,1387 657,1385 684,1385 711,1385 737,1385 764,1386 791,1388"/>
                <TextEquiv>
                    <Unicode>V.eleiht ie</Unicode>
                </TextEquiv>
            </TextLine>
            <TextLine id="tr_1_tl_11" custom="readingOrder {index:10;}">
                <Coords points="1765,1403 1802,1395 1809,1403 1819,1400 1846,1412 1861,1398 1868,1403 1903,1400 1903,1353 1883,1353 1861,1366 1829,1338 1819,1348 1814,1343 1804,1351 1785,1346 1777,1353 1765,1353"/>
                <Baseline points="1779,1391 1804,1393 1830,1394 1856,1396 1882,1396 1908,1394"/>
                <TextEquiv>
                    <Unicode>sstes</Unicode>
                </TextEquiv>
            </TextLine>
            <TextLine id="tr_1_tl_12" custom="readingOrder {index:11;}">
                <Coords points="838,1447 1412,1449 1558,1521 1706,1489 1893,1523 2046,1477 2541,1511 2566,1395 1745,1415 1242,1383 976,1314 833,1336"/>
                <Baseline points="848,1439 934,1436 1020,1436 1106,1438 1193,1441 1279,1442 1365,1445 1452,1451 1538,1452 1624,1455 1711,1459 1797,1460 1883,1460 1969,1460 2056,1463 2142,1466 2228,1469 2315,1472 2401,1474 2487,1478 2574,1478"/>
                <TextEquiv>
                    <Unicode>besten Willen nicht wie. +Zum dumm das Ganze</Unicode>
                </TextEquiv>
            </TextLine>
            <TextLine id="tr_1_tl_13" custom="readingOrder {index:12;}">
                <Coords points="461,1474 537,1499 592,1469 658,1491 703,1479 722,1501 752,1496 767,1509 791,1499 791,1415 747,1393 673,1415 656,1400 592,1412 540,1435 508,1422 461,1430"/>
                <Baseline points="474,1472 500,1471 527,1469 554,1469 580,1468 607,1467 634,1465 660,1463 687,1463 714,1464 740,1465 767,1466 794,1466"/>
                <TextEquiv>
                    <Unicode>d c. Heteilt</Unicode>
                </TextEquiv>
            </TextLine>
            <TextLine id="tr_1_tl_14" custom="readingOrder {index:13;}">
                <Coords points="1230,1538 1242,1538 1257,1526 1277,1531 1282,1523 1316,1533 1321,1526 1346,1533 1375,1521 1375,1464 1356,1472 1336,1452 1314,1454 1302,1462 1269,1444 1228,1459"/>
                <Baseline points="1242,1514 1270,1516 1298,1518 1326,1520 1354,1518 1382,1517"/>
                <TextEquiv>
                    <Unicode>1ser</Unicode>
                </TextEquiv>
            </TextLine>
            <TextLine id="tr_1_tl_15" custom="readingOrder {index:14;}">
                <Coords points="816,1597 1193,1610 1235,1570 1353,1642 1656,1679 1960,1602 2236,1647 2255,1538 1743,1501 1240,1541 1119,1447 981,1486 811,1462"/>
                <Baseline points="830,1564 901,1560 973,1562 1044,1564 1116,1567 1188,1567 1259,1570 1331,1574 1403,1576 1474,1577 1546,1582 1618,1584 1689,1585 1761,1590 1833,1591 1904,1594 1976,1596 2048,1597 2119,1597 2191,1601 2263,1606"/>
                <TextEquiv>
                    <Unicode>Indnig? Du husht mir telsgrephieren.</Unicode>
                </TextEquiv>
            </TextLine>
            <TextLine id="tr_1_tl_16" custom="readingOrder {index:15;}">
                <Coords points="796,1716 998,1743 1304,1713 1405,1785 1501,1770 1496,1639 1257,1656 1151,1600 956,1610 932,1587 794,1632"/>
                <Baseline points="809,1693 843,1688 878,1689 913,1690 948,1690 983,1693 1017,1693 1052,1694 1087,1696 1122,1696 1157,1698 1191,1701 1226,1702 1261,1702 1296,1705 1331,1703 1365,1703 1400,1706 1435,1708 1470,1703 1505,1705"/>
                <TextEquiv>
                    <Unicode>Richerd: Na hörel</Unicode>
                </TextEquiv>
            </TextLine>
            <TextLine id="tr_1_tl_17" custom="readingOrder {index:16;}">
                <Coords points="804,1864 1045,1846 1299,1918 2041,1864 2251,1866 2406,1923 2677,1878 2672,1733 2630,1730 2467,1785 2113,1743 1893,1785 1844,1753 1223,1785 1127,1730 910,1721 801,1760"/>
                <Baseline points="818,1815 911,1818 1004,1824 1097,1828 1190,1831 1283,1833 1376,1834 1470,1839 1563,1839 1656,1842 1749,1845 1842,1845 1935,1851 2028,1854 2122,1854 2215,1858 2308,1861 2401,1863 2494,1864 2587,1867 2681,1872"/>
                <TextEquiv>
                    <Unicode>Ludnig: Ja, diesen Freundschaftedienst nuert da</Unicode>
                </TextEquiv>
            </TextLine>
            <TextLine id="tr_1_tl_18" custom="readingOrder {index:17;}">
                <Coords points="801,1989 922,1974 1060,2036 1573,2004 2029,2063 2416,2016 2665,2046 2778,2034 2776,1883 2357,1933 2186,1881 2007,1913 1856,1873 1563,1925 796,1859"/>
                <Baseline points="812,1950 910,1951 1009,1954 1107,1957 1206,1961 1304,1965 1403,1966 1501,1968 1600,1970 1698,1974 1797,1976 1896,1979 1994,1980 2093,1983 2191,1987 2290,1988 2388,1992 2487,1994 2585,1997 2684,2000 2783,2003"/>
                <TextEquiv>
                    <Unicode>wir erwelsen. (Jedenfalls(wird die Mühe doch nicht</Unicode>
                </TextEquiv>
            </TextLine>
            <TextLine id="tr_1_tl_19" custom="readingOrder {index:18;}">
                <Coords points="801,2103 1297,2085 1509,2159 2689,2142 2687,2043 2635,2031 2569,2063 2354,2019 2108,2063 1960,2026 1511,2053 1210,2004 929,2039 799,1989"/>
                <Baseline points="815,2084 909,2084 1003,2084 1097,2085 1191,2088 1285,2087 1379,2092 1473,2096 1567,2098 1661,2105 1755,2105 1849,2108 1943,2112 2037,2114 2131,2118 2225,2118 2319,2122 2413,2123 2507,2126 2601,2129 2696,2129"/>
                <TextEquiv>
                    <Unicode>zu gross für dich sein, mir morgen Früh ein Tele-</Unicode>
                </TextEquiv>
            </TextLine>
            <TextLine id="tr_1_tl_20" custom="readingOrder {index:19;}">
                <Coords points="799,2248 2512,2265 2532,2152 2285,2204 1728,2152 1326,2174 1240,2103 1077,2088 794,2152"/>
                <Baseline points="809,2215 895,2209 982,2209 1068,2214 1155,2215 1242,2220 1328,2221 1415,2224 1501,2227 1588,2230 1675,2233 1761,2233 1848,2237 1934,2239 2021,2245 2108,2248 2194,2248 2281,2251 2367,2251 2454,2254 2541,2263"/>
                <TextEquiv>
                    <Unicode>graum nach Venedig Hotel Dentelt zu senden.</Unicode>
                </TextEquiv>
            </TextLine>
            <TextLine id="tr_1_tl_21" custom="readingOrder {index:20;}">
                <Coords points="2482,2337 2517,2339 2532,2332 2566,2344 2606,2332 2640,2332 2638,2243 2598,2248 2583,2241 2569,2253 2554,2251 2544,2260 2514,2265 2482,2260"/>
                <Baseline points="2496,2326 2525,2330 2555,2333 2585,2335 2615,2331 2645,2329"/>
                <TextEquiv>
                    <Unicode>aber</Unicode>
                </TextEquiv>
            </TextLine>
            <TextLine id="tr_1_tl_22" custom="readingOrder {index:21;}">
                <Coords points="791,2332 1336,2386 1385,2354 1516,2430 1684,2443 1925,2396 2041,2440 2172,2403 2729,2421 2704,2292 2559,2344 2329,2302 1237,2297 875,2221 789,2251"/>
                <Baseline points="806,2323 902,2338 998,2341 1094,2344 1190,2347 1286,2352 1382,2353 1479,2356 1575,2359 1671,2363 1767,2367 1863,2371 1959,2371 2055,2374 2152,2374 2248,2378 2344,2380 2440,2384 2536,2389 2632,2389 2729,2392"/>
                <TextEquiv>
                    <Unicode>Eicherd: Aerder Hute Ich etwfart - da mnchst</Unicode>
                </TextEquiv>
            </TextLine>
            <TextLine id="tr_1_tl_23" custom="readingOrder {index:22;}">
                <Coords points="680,2477 693,2477 712,2458 742,2463 752,2455 774,2470 789,2460 804,2467 818,2453 843,2450 845,2329 823,2324 801,2337 796,2332 737,2366 712,2354 683,2354"/>
                <Baseline points="695,2433 720,2430 746,2430 771,2430 797,2430 822,2429 848,2427"/>
                <TextEquiv>
                    <Unicode>alles</Unicode>
                </TextEquiv>
            </TextLine>
            <TextLine id="tr_1_tl_24" custom="readingOrder {index:23;}">
                <Coords points="796,2517 1292,2482 1839,2536 2007,2502 2645,2536 2642,2435 2448,2450 2396,2413 2053,2450 1945,2401 1706,2443 1055,2408 794,2445"/>
                <Baseline points="809,2466 901,2469 993,2472 1085,2478 1177,2477 1269,2479 1361,2482 1453,2484 1545,2485 1637,2488 1730,2493 1822,2493 1914,2495 2006,2500 2098,2501 2190,2505 2282,2508 2374,2511 2466,2517 2558,2517 2651,2520"/>
                <TextEquiv>
                    <Unicode>estisch, dass ich dir auf deine Hochteitsreise</Unicode>
                </TextEquiv>
            </TextLine>
            <TextLine id="tr_1_tl_25" custom="readingOrder {index:24;}">
                <Coords points="1269,2561 2529,2586 2527,2541 2398,2514 1839,2539 1762,2497 1267,2485"/>
                <Baseline points="1284,2553 1346,2546 1409,2542 1471,2545 1534,2549 1596,2550 1659,2551 1721,2553 1784,2554 1846,2556 1909,2556 1972,2557 2034,2559 2097,2560 2159,2568 2222,2565 2284,2567 2347,2573 2409,2577 2472,2577 2535,2577"/>
                <TextEquiv>
                    <Unicode>sute d. Besrdl. dem rahlen seliet absi</Unicode>
                </TextEquiv>
            </TextLine>
            <TextLine id="tr_1_tl_26" custom="readingOrder {index:25;}">
                <Coords points="776,2633 937,2601 1018,2640 1494,2615 1797,2670 1839,2630 2238,2640 2320,2697 2583,2677 2559,2559 2127,2598 1447,2546 1324,2586 1070,2495 774,2509"/>
                <Baseline points="791,2601 880,2601 970,2601 1060,2604 1150,2604 1240,2607 1330,2613 1420,2613 1510,2616 1600,2619 1690,2622 1779,2625 1869,2628 1959,2628 2049,2631 2139,2634 2229,2637 2319,2642 2409,2645 2499,2649 2589,2660"/>
                <TextEquiv>
                    <Unicode>die Bullstink nachschicke.) Wenn gesichfereige</Unicode>
                </TextEquiv>
            </TextLine>
            <TextLine id="tr_1_tl_27" custom="readingOrder {index:26;}">
                <Coords points="1250,2684 1297,2677 1314,2687 1324,2679 1346,2687 1366,2679 1388,2697 1400,2689 1415,2697 1459,2682 1459,2615 1417,2615 1385,2645 1368,2633 1336,2645 1314,2633 1287,2638 1250,2625"/>
                <Baseline points="1263,2678 1288,2675 1313,2675 1339,2675 1364,2675 1389,2675 1415,2675 1440,2675 1466,2675"/>
                <TextEquiv>
                    <Unicode>mird</Unicode>
                </TextEquiv>
            </TextLine>
            <TextLine id="tr_1_tl_28" custom="readingOrder {index:27;}">
                <Coords points="1681,2687 1703,2684 1738,2719 1787,2689 1807,2709 1834,2689 1891,2702 1928,2689 1999,2716 2014,2714 2011,2647 1970,2647 1955,2633 1883,2647 1839,2630 1802,2670 1775,2650 1679,2655"/>
                <Baseline points="1693,2681 1718,2684 1743,2687 1768,2689 1793,2689 1819,2688 1844,2688 1869,2690 1894,2690 1920,2690 1945,2690 1970,2690 1995,2690 2021,2693"/>
                <TextEquiv>
                    <Unicode>late</Unicode>
                </TextEquiv>
            </TextLine>
            <TextLine id="tr_1_tl_29" custom="readingOrder {index:28;}">
                <Coords points="776,2790 949,2731 1141,2741 1316,2825 1546,2746 1854,2756 1987,2827 2152,2776 2223,2815 2500,2785 2576,2825 2647,2820 2645,2736 2349,2672 2297,2709 2058,2670 1750,2719 1634,2662 1447,2699 1092,2650 772,2679"/>
                <Baseline points="788,2732 881,2732 974,2732 1067,2733 1160,2737 1253,2739 1346,2742 1440,2747 1533,2744 1626,2747 1719,2752 1812,2756 1905,2759 1998,2759 2092,2762 2185,2766 2278,2771 2371,2773 2464,2775 2557,2780 2651,2792"/>
                <TextEquiv>
                    <Unicode>nen sollte mürde es abek in der Zeitung stehen.</Unicode>
                </TextEquiv>
            </TextLine>
            <TextLine id="tr_1_tl_30" custom="readingOrder {index:29;}">
                <Coords points="1536,2827 1600,2837 1689,2822 1822,2840 1849,2822 1878,2825 1878,2766 1849,2753 1807,2773 1743,2753 1570,2766 1536,2748"/>
                <Baseline points="1549,2819 1574,2822 1600,2820 1626,2818 1652,2817 1677,2816 1703,2816 1729,2816 1755,2816 1780,2818 1806,2819 1832,2819 1858,2818 1884,2816"/>
                <TextEquiv>
                    <Unicode>igentlich</Unicode>
                </TextEquiv>
            </TextLine>
            <TextLine id="tr_1_tl_31" custom="readingOrder {index:30;}">
                <Coords points="762,2904 1299,2872 1388,2941 1553,2916 1674,2953 1799,2909 1945,2953 2167,2904 2655,2916 2652,2813 2460,2785 2302,2835 2031,2800 1942,2837 1501,2835 1225,2810 1161,2746 1070,2736 759,2793"/>
                <Baseline points="776,2860 870,2857 964,2858 1058,2861 1152,2863 1247,2868 1341,2869 1435,2871 1529,2880 1623,2881 1718,2884 1812,2887 1906,2887 2000,2890 2094,2894 2189,2898 2283,2899 2377,2898 2471,2905 2565,2908 2660,2911"/>
                <TextEquiv>
                    <Unicode>as dir doch genügen. Noch ein Privattele-</Unicode>
                </TextEquiv>
            </TextLine>
            <TextLine id="tr_1_tl_32" custom="readingOrder {index:31;}">
                <Coords points="759,3010 1077,3000 1368,3081 1649,3039 2514,3052 2512,2963 2455,2948 2031,2985 1844,2919 1780,2963 1612,2958 1553,2914 1378,2960 959,2877 850,2923 757,2896"/>
                <Baseline points="773,2995 860,2992 947,2989 1035,2992 1122,2997 1209,2997 1297,3000 1384,3004 1471,3004 1559,3007 1646,3008 1733,3011 1821,3014 1908,3020 1995,3023 2083,3023 2170,3026 2257,3028 2345,3031 2432,3034 2520,3043"/>
                <TextEquiv>
                    <Unicode>graum von mir - zu viel Confort. Ich kan wir</Unicode>
                </TextEquiv>
            </TextLine>
            <TextLine id="tr_1_tl_33" custom="readingOrder {index:32;}">
                <Coords points="757,3155 1055,3153 1203,3237 1565,3175 1878,3244 1947,3197 2342,3234 2448,3170 2601,3185 2598,3111 2411,3076 2169,3069 2105,3106 1947,3044 1676,3037 1366,3079 1156,3012 1112,3047 949,2995 752,3012"/>
                <Baseline points="770,3126 861,3120 953,3120 1045,3126 1136,3126 1228,3127 1320,3135 1411,3133 1503,3138 1595,3139 1687,3139 1778,3146 1870,3144 1962,3149 2053,3151 2145,3154 2237,3158 2328,3161 2420,3167 2512,3165 2604,3174"/>
                <TextEquiv>
                    <Unicode>solder lacherlicb vor. Des bischen Vnrahe - es</Unicode>
                </TextEquiv>
            </TextLine>
            <TextEquiv>
                <Unicode></Unicode>
            </TextEquiv>
        </TextRegion>
    </Page>
</PcGts>
