3160 3560
2696 165 2849 377 85
750 499 1654 654 vorgen, Herr Begeimenn.
760 618 1481 783 Brgelmann: Morgen!
752 685 2828 900 Soufrleuse: Sie wissen sohon, Herr Dogelmann, von den
752 881 1660 1037 Strich in Ihrer Ezene?
765 1011 1621 1163 oegelmann: Mol Wieso?
2239 1021 2383 1132 der
763 1093 2719 1287 Lblein: Nun, woren liegt er? (zur Souffleuse) Was
760 1241 1947 1424 notten dis denn schan wieder?
768 1378 2652 1559 Souffleuse: Bitte, Herr Rezisseur, ich wollte dem
765 1453 2554 1678 Herrn Dögelmann nur die gestrigen Striche -?
773 1626 2706 1825 Oogelmann: (zun Soufrleurkaeten niedergebeugt, das
783 1740 2738 1936 Buch in der Handl (Eine Szene habich in dem Stück
783 1892 2626 2081 und die streichen Sie mtr auch noch zusannen?-
760 2021 2701 2215 Lobleiniltettentahtatranden( zue setnen Bacte
786 2184 1112 2290 lesendt
1926 2244 2055 2324 was
781 2264 2647 2456 Degrinenn:) Auf diese Steltskomnt sr Ihnen and)
1972 2363 2337 2456 be ciut
783 2386 2745 2590 vogelmenn: das ist doch das Vernünrtigste, nas ioh
788 2554 2164 2725 in der genzen Frene zu gegen habe.
791 2650 2748 2838 Lobietnilliest) wxe ist Ia eine Tetsacle, dass wir
799 2807 2228 2988 imner Auenarmen zu Geliebten haben.
783 2906 2758 3102 vogelmann: (meiter lesenal, Aber endlicl müsren wir
796 3050 2856 3249 adie wieder in ueem Kreis zurüick, denn usere kiel-
801 3198 2567 3379 nen Friebniese führen une alie etwas tiefer.
