3064 3624
777 658 2620 820 Garderobière: (zu M411) Gehen Die jetzt weg von
772 818 932 909 das
780 899 2627 1048 MIl1: (entferth sich und verläest baid die Bühine
787 1096 2734 1192 Dregulein:(folgt sehr angespannt den Vorgängen au-
772 1207 1195 1291 der Ozene)
775 1339 1876 1476 (Rückwärtige Türe wird gaöf.
780 1448 1762 1559 (wie Bähne ist also jetzt
2096 1461 2706 1633 lle sichthar und
1893 1547 2058 1736 ann1.
775 1605 1787 1693 die Darsteller des Stücks.
2096 1597 2554 1706 Mutter, Ihre
762 1709 2800 1860 Schwester, zwel junge Mädchen, zwei Herren im Frack,
762 1848 2686 1969 Horitzk, (Johnl.Emmi (Fritzi Bauer) treten durch
764 1997 2754 2131 die Prospekttüre nach dem Vordergrund, begeben sich
757 2106 2683 2220 hinter die xühnexSzene, auf der sie bie jetzt ge-
757 2258 2546 2359 spielt haben und befinden sich nun vorne. Die
742 2364 2539 2483 Trospekttüre schälesst sich wieder. Fanni und
759 2503 2787 2665 Fedor (Franzi und Gregorl sind allein auf der Fühne
747 2625 2744 2754 des Asidenztherters zurückgeblieben (der Szene),
739 2769 2577 2901 die ändern gehen am Barn vorbei, ihn grüssend,
734 2906 2582 3053 einige mit den Worten: Auten Abend, Herr Baron.
782 3032 2574 3164 ie verziehen sich mehr nach rechts.Einer oder
732 3172 1850 3336 der andere bleibt sichtbar.1
