3048 3544
2291 363 2472 497 142
716 477 2515 701 war, trotzdem ich um so viel jünger bin. Darum
704 584 2557 862 weiss ich auch, dass er nie eine Andere geliebt
730 796 1641 962 hat als dich,Methilde.
735 872 2642 1101 Mathilde: Hab ich- mir auch manchmal eingebildet.
738 1001 2698 1213 Aber ex stimmt nicht. Diese Verliebtheit in mich
750 1113 2700 1339 war immer nur ein Aufatmen zwischen der Einen und
767 1349 1213 1515 der Andern.
762 1378 2696 1629 llelene:(Die-mal komnt keine Andere mehrf-Wenn du
769 1544 2486 1756 ein wenig klug sein wolltest, du Kindekopf.
774 1634 2730 1873 Liathilde: Was du klug nennst,-ioh glaube, das wäre
791 1855 1761 1997 ein hischen unenständig.
787 1877 2747 2140 Helene: Und was du anstündig nennst, das ist viel-
808 2089 1670 2262 leicht etwas zu klug.
806 2182 2437 2396 Mathilde: Ob auch eine Mutter so spräche!
818 2294 2773 2547 delenei Seine bin ich,frichtheine. Und dazu seine
830 2481 2014 2647 und deine Schwester,Mathilde.
828 2549 2720 2766 Uathilde: Das eind mir zu verwickelte Verwandt-
838 2674 2732 2912 schafteverhaltniese. Dazu reloht mein Kindekopt
850 2895 1286 3027 nicht aus.
852 2988 2226 3212 richard tritt ein, Melene, Methilde.
