3144 3608
2452 222 2635 372 113
2378 546 2699 661 111,112
2582 602 2817 714 nicht
783 663 2725 855 der im Thrater sein. Und insehett kommt sief vor
796 811 1617 969 zwölf oder halbeine.
781 908 2822 1123 Eil1: Man will doch manchmal nach dem Theater ein
799 1043 2612 1230 biel plandern mit kollegen und kolleginnen im
786 1217 1260 1375 Restaurant.
788 1286 2842 1492 Mutter: Ich gönn'e ihr ja. Sie soll sich nur unter-
796 1454 2697 1607 halten. Is’mir jedenfalle lieber als im vorigen-
799 1554 2664 1745 Jahr, wo sie immer nur den Einen im Kopf gehabt
2059 1671 2237 1758 ne¬
801 1676 2674 1878 hat. Na schön hat er ihr's gelohnt. Ee fissen
791 1829 2299 2015 abck. Fraulein Mili, er hat geheiratet.
2130 1931 2345 2013 trant
788 1949 2789 2140 Hil1: So, 80. Ich hab nicht fragen welten Aleo ge-
1944 2067 2138 2225 Herret
796 2087 1957 2299 heiratet hat der Herr Doktori
