3096 3512
819 478 1843 620 Riohard: (fragender Blickl
834 595 2502 758 Franzi: Dase er ein Geck und ein Nurr ist.
829 730 2626 877 Ficherd: Iern hätte ich ein Geck sein müesen.
821 867 2029 1020 Franzi: Nein, Richerd, ein Mann.
836 976 2616 1106 (Leni kommt herein, serviert ab,Pause, Leni ab)
2626 1045 2883 1264 M. sel
819 1136 2601 1243 Pichard: (erhebt sich brüsk von seinem Stuhl)
831 1243 2723 1393 Franzi: Ein Menn hätte sagen müssen: Schweig, du
824 1370 2708 1500 hest kein Recht mehr über sie, nicht einmal mehr
1401 1472 1642 1564 segen
836 1498 2820 1655 das Recht der Frege. Sie denkt nicht mehr an dieh.
819 1612 2799 1813 Sie liebt einen Indern, sie liebt mich, sie hat nie
824 1747 2870 1922 einen Andern geliebt als mich. Mein iet sie wie sie
834 1879 2741 2037 niemals die deine war. Das hättest du sagen müs-
836 1993 2794 2141 sen. Aber du schämst dich, du schämst dich meiner,
1909 2110 2245 2204 den in dii
941 2126 1401 2202 Er vollauh wise
831 2138 2726 2326 du schämst dich vor ihm. dass - du bist euch ein
826 2288 1045 2418 Geck.
834 2382 2230 2586 Eichard: Eber wenigstens kein Nurr.
824 2540 1495 2682 Franzi: Richerd:
1777 2593 2316 2700 nur ecahlie
824 2662 2787 2835 Zicherd: Marum soll ich(denn glauben, dass du rich
819 2787 2799 2987 mehr liebet, als du ihn geliebt hast. Ich war eben
1180 2898 1358 2967 i ee
2019 2896 2248 2970 i dal
831 2926 2870 3092 zur Stelle. Ebensogut hätte jeder indere - Liebe -!
836 3020 2843 3224 trost war ich, Vergeltung, Rache, sich war eben gere-
834 3196 1103 3323 de de.
