3144 3624
2651 515 2793 701 238
847 598 2646 869 dere. Vielleicht hette sie es euch geteu, menn
842 749 2707 1006 sie den Frief gelesen hätte. Vielleicht hat sie
832 869 2607 1125 es wirkliet gar nicht um mich geten. Schuld-?
854 996 2656 1269 ch weter nicht. Ale Schuld empfinde Ich nur
867 1128 1008 1213 e
828 1157 2173 1377 des einejdase Ich bin, der ich bin.
806 1274 2742 1553 Aothiide: Ja ich nesss, du bist ein sehr echwecher
798 1428 1103 1567 Hensch.
793 1565 2256 1780 Richardf Ferachtlich.) Medaigertr
754 1677 2612 1921 Mathilde (Er gibt vielleicht Menschen, denen du
764 1809 2627 2029 so erscheinet) mehrecheinlich geflelert du man-
769 1929 2580 2207 chen derzer, wenn du andere wärst. Aber weünsch
749 2058 2473 2297 nich frage, ob ich dich andere wollte, als du
749 2192 1658 2378 bist - ich glaube nein.
740 2287 2444 2546 Ficherd: Da hart nich inner falsch gesehen.
725 2461 2585 2715 kethilde: Roln. Ich hab dich inner gekannt. Des
715 2593 2683 2864 ist sa nichte Heuse. (Ich habe dich inner geliebt.
706 2720 1914 2932 Und ich liebe dich noch heute.
686 2851 1628 3052 Bichereifnte ernehrend)
684 2961 2602 3235 Rethtidef Hierverztehe nich nichtl dee roll kein.
671 3088 1472 3337 Provt eota Aaoe Fet
1684 3159 2668 3371 ecaet, euch kein beschent.
