3112 3480
725 584 1915 767 Richard: (will in seine Legel
757 665 2632 895 124 dtesem Zugenblick rasch über die Stiege, Dr.
757 783 2632 1025 xuorig Gerold, dunkler Ueberzieher, hinaufgeschla.
759 997 1286 1135 gener Lragenl
757 1070 1928 1278 Ezchard:(höchet erztannt) Dur
772 1213 2585 1419 Fndwig: Lie du siehst. Ich habe einen ganz ver-
777 1317 2617 1505 steckten Platz,Galerle.Kein Bekannter hat mich
783 1448 2684 1664 gesehen. War mir auch ziemlich gleichgültig. Was
793 1581 2703 1790 sagst du zu Frankt? Hundervoll, nicht wehr? Narum
785 1724 2520 1907 hast du mir ührigens nicht telegraphiert?
798 1868 2220 2064 Kichard: Ich habe ir telegrsphiert.
811 1977 2791 2186 Lucrig: Dur das Unglück mit meinem Schwiegervater:
806 2152 1732 2306 aber nichts von Franzi.
819 2225 2919 2450 Richard: Ie hat sich nicht umgebracht,wie zu siehet.
2426 2324 2583 2395 ot
819 2324 2909 2598 Ludwig: Sie hat das beszere Teil erwühlt, der Schmerz
817 2494 2624 2687 hat sie zu einer grossen Kunstlerin gemacht.
843 2619 2836 2841 Richard: Weier Antoinette, daes du im Theater bist?
835 2752 2875 2974 Lndwig; Selbstverständlich. Sie war es ja, die mich
848 2893 2854 3112 gestern auf die Notiz in der Zeitung aufmerksam ge-
