3064 3512
430 2673 721 2814 elagen
437 2766 761 2923 nir tete
746 397 2779 569 weiss ganz genau, dase ich selt heute Mittaes aubl?
751 551 2594 759 Uhr (nicht (yehr Entoinette Sidon heis-e, sondern
1381 657 1608 746 tert
751 635 2602 877 Antoinetre-Gerold und ioh nich jetzt unkleiden
1892 776 2048 860 in
759 756 2756 994 nuss, weil un neun Uhr zmarzig der Zug nach Venedig
774 946 2053 1130 gobt. leh mit dem Stubenwädchen)
779 1113 1424 1272 Isidon, Richard).
771 1128 2729 1381 Sidon: Nun, lieber Doktor, nenn werden die es Ihren
774 1366 1426 1522 Freunde nachtun?
769 1368 2696 1661 Richerd: (lachelnd, aber reserviert1Ein sünger.an
776 1634 1484 1780 ein Jehr beinahe.
786 1661 2124 1922 Sidon: dung gefrelt, lieber Doktor
784 1871 2544 2033 Richard: (wie oben) Ich kenne das Sprächwort.
786 1917 2698 2177 sidon:Es ist eines von den wenigen vernünftigen.
784 2101 2663 2289 Ich habe se das Glück nicht lange genossen. Mit
794 2235 2668 2433 dreiseig war ich Vitwer. Aber verheiratet schon.
799 2301 2766 2539 mit dreiundemanzig. Ich man kann gar nicht früh ge-
799 2496 2686 2691 nug in geordnete häusliche Verhaltnisse konnen.
824 2582 2825 2761 Äusser laus kann man ja denn machen, was man will-
827 2691 2792 2822 Aber kle unverhetreteter Junger Menschschnebt men
827 2782 2137 2885 immer in Gefahr hängen zu bleiben.
824 2794 2814 2989 Richerd: Und ver verhelrstet tstfder hat se soause-
893 2906 2061 3019 en hinters- des Hangenbleiben.
1808 2918 2607 3062 wo men hängen bleibt
885 2992 1722 3095 idon: de konnt drauf
872 3002 2766 3189 ernsthertl Mehr aie einen hofinungsvollen Jangen
819 3115 2106 3310 kensoten habe loh zugrande gehen.
