3096 3544
775 480 2799 714 Antotnette: Sie hatte für den Horbet ein Engagement
757 681 1784 818 nach Hauburg in Aussicht.
767 782 2014 939 Richard: Es wer davon die Rede.
767 906 2387 1075 Antofnette: Sie ist hier geblieben. -i.
1201 1040 1380 1126 bi de
760 1090 2741 1227 Richard: Er weise es wahrscheinlich nicht einmal.)
785 1179 2781 1330 Antoinette: Ihr Name steht täglich auf dem Theater-
765 1345 2254 1464 zettedfwenn auch ziemlich weit unten.)
752 1436 2663 1618 Richard: Sie sind mehrscheinlich die Einzige,die
765 1592 1423 1731 das bemerkt hat.
752 1686 2398 1875 Antoinette: Marum Ist sie hier geblieben?
750 1815 2743 1984 Richard: Vermutlich hat sich die Soche mit Hanburg
1471 1938 1905 2029 weihe wohl un
762 1961 2791 2092 zerschlagen« Ich habe keine Ahnung. Ich habe nichts
752 2075 2203 2251 mehr von iür gesehen und gehört- ril,
2148 2186 2403 2264 el isen
765 2208 2705 2418 Ansotrette: Ich hene ein Hufset hptelen gesehen.
1888 2345 2044 2410 e et
747 2385 1368 2491 Ludwi- weise gg
1393 2347 2746 2519 dar nicht. Eine lächerliche kleine
747 2448 2632 2663 rolle. de hEin proradeener Einfalt von mir.
750 2630 1910 2758 Ih musste sie eiymal sehen.
1981 2615 2776 2761 chrirtxterjarger
1393 2713 2186 2809 dot Actutam zuhelt
747 2723 2663 2912 takt. Es war eo viel sehnsuclt in Ehrem Aug und
2461 2857 2668 3013 wil
752 2847 2456 3069 ein Auderuck ven Schmerzhürsch ist sie (a.
742 2991 1010 3142 nicht.
1676 3046 1958 3195 emtocu
750 3087 2544 3329 Riehra. ouh non sie er eust näre - die Sach
