3096 3496
640 299 808 413 1828.
2278 292 2602 440 32 b
806 420 2689 618 Franzi: Noher sollt icht Du hattest mir ja kein
801 591 1292 689 Wort gesagt.
801 652 2125 749 Richard: (bietet ihr zum Essen an)
796 778 2301 922 Franzi: (lehnt ab) Du weret (dort?) d.t
796 892 2699 1060 Richard: Selbstverständlich.-als sein (nächster
793 1021 2387 1171 Freund -. Ich webel ihn ine. — den el berstli
796 1157 2476 1300 Franzi: Du haet viele Menschen gesprechen?
788 1307 1391 1401 Richard: (nickt)
793 1421 1611 1554 Franzi: Junge Damen?
788 1562 1372 1680 Fichards Auch.
1446 1606 1671 1737 Math
798 1680 2229 1839 Franzi: Fräulein Veith zum Beispiel?
786 1784 2706 1945 Richard: Es ist kein Anlase gerade die besondere
788 1918 1520 2081 zu erwähnen. Ei
1720 1925 2540 2071 hicurdetenek
2353 2012 2704 2115 re v. sut
798 2024 2785 2236 FranzliDein Freund Iudwig hat mir achen vor Janger
778 2192 2382 2370 (Zei4 erzühlt,dass du sie heiraten wirst.
774 2293 2150 2491 Riehard: Da weis- Er mehr als ich.
786 2449 2580 2620 Franzi: lachselzuckeni) Sie oder eine Andere-
774 2595 1940 2755 Bichard: (blickt betreten aufl
788 2713 2691 2886 Franzi: Mir kann es gleich sein, an wen ich dich
786 2825 1441 2995 verlieren werde.
778 2970 2731 3171 Richard: Agt du neiest das ganz bestimnt, das- du
