3128 3560
923 278 2201 456 Gentichte mit Ihr Envenlanke
2637 250 2789 446 88.
1098 387 1931 513 deh Sell as Hal dre
2608 412 2763 557 t
894 474 2882 683 allmählig vollig aus Ihrer Komödie herausstreicht:
2137 624 2601 729 sert umn d
871 629 2018 766 Bitte. (zeigt ihm das Buch)
1657 727 2054 830 ont leuse ei
876 742 2928 915 Karl Bern: Ja, das habe ich gestern tatsächlich nach
871 874 2949 1070 der Probe im Dinverständnis mit dem Herrn Regisseur
874 1003 2755 1157 Lblein: (ist aufgestanden, sprickt jetzt mit dem
879 1134 2776 1284 Theatermeister, Requieiteur, der ihm einige Bilder
874 1273 2712 1436 zeigt mit Gebärde des an die Wand-Hängens) (Ist
856 1371 2750 1588 doch lächerlich. Wir werden doch nicht die Feda
853 1518 2737 1711 mit dem Schwen daherhängen.(Nehnen Sie doch die
1376 1634 1840 1789 Smel der Well
845 1644 1248 1789 Bocklins.
1766 1727 2075 1853 Bull. eit
843 1776 2688 1990 Requisiteur: Die haben wir ja im letzten Stück
845 1913 1340 2047 auch gehabt.
848 1998 2688 2260 Lablein: Get ja kein originalsés ist lalt eine
840 2175 1809 2322 andere Vervielfältigung.
835 2276 2740 2480 Karl Bern: (zu Dogelnenn) Wir könren) an Ende die
851 2415 2039 2593 Stelle auch wieder aufmachen.
825 2544 2861 2745 Lebletn:(rasch bei ihnen) Kas wollen Sie aufmachen?
822 2704 2745 2900 die Srene ninnt kein Ende, Herr Bern, Sie haben es
822 2812 1907 2985 gester sebst konstsatiert.
804 2941 2655 3145 Kerl:letnas gelangnellt) der werden sa sehen.)
802 3070 2696 3271 Wir wollen heute einmal die Siene ohne Unterbre-
