3128 3512
2393 405 2543 539 287
743 537 2432 687 Helene: Er hat über Kopfechmerzen geklagt.
743 666 2034 834 Mathilde: (plötzlich) Sie ist es.
749 808 1244 968 Heiene: Ner?
741 922 2612 1100 Mathilde: Die, da unten. Vie Fanny. Ich fühl es.
749 1061 2592 1205 Ich weies es. Du weiest es ja auch. xber Warum-
749 1203 1807 1345 hast du mir nichts gesagt?
738 1306 2594 1471 Helene: Ich schwör dir, dass ich nichts gewuest
749 1461 2194 1590 habe. Aber vielleicht hast du Recht.
741 1562 2625 1717 Mathilde: Warum glaubst du, dass ich Recht habe?
743 1709 2695 1840 Helene: Er kennt sie.Ee ist die frühere Getiehte
756 1822 2654 1951 von Loktor Gerold. Er war öfters mit ihnen bei-
754 1967 2197 2101 sammen. Du kannst schon Recht haben.
746 2088 2315 2251 Mathilde: Und er gliebt sie noch immer.
764 2235 1381 2390 Helene: Uneinnl
754 2362 1569 2509 Mathilde: Wo ist er?
754 2475 2767 2620 Helene: Auf der Bühne gewiss nicht. Sei kein Kindl
759 2615 2834 2785 Mathilde: Wo inmer er ist - ich wollte, er käme nicht
759 2757 1892 2896 zurükk. Wozu dann das ganze?
751 2863 2801 3061 Helene: Kom- doch zu dir! Du vergiest,dass Ihr ver-
759 3017 1182 3144 lobt seid.
