3128 3544
531 250 887 432 6.14.1979.
1524 445 2002 574 bin han
900 516 2570 703 Richard: Bitte, stören Sie sich doch nicht.
890 645 1779 786 Karl Bern: Inwiefern?
2133 753 2449 877 i hab
885 738 2758 981 Richardf be scheint ja, dass )Sie mit den Herren
867 854 2083 1049 Arcüttger zu besprechen haben.
849 1021 1688 1180 Karl Bern: Ich Gott..
864 1178 2798 1360 (Der Kellner bringt das Schachbrett. Karl und Ri-
847 1299 2045 1438 chard stellen die Figuren auf)
2219 1443 2371 1514 get
842 1428 2758 1623 Richard: fharmlos) (Menn ich recht verstanden habe.
1668 1547 1805 1623 gebt
826 1549 2462 1757 macht Ihnen Frau Rareda Schwierigkeiten?-
821 1666 2768 1878 Karl Bern: Die gibts vor jeder Fremière. - Uebri-
1602 1802 2530 1936 R.dCtereel. etor desherert
814 1807 2727 2002 gens die Idee mit Fraulein Friesel tet gar nicht
801 1939 1784 2085 so übel.(ieiss zieht an.
1903 1969 2275 2088 de s
796 2078 1987 2252 Richard: (macht den ersten Zugl.
786 2196 2717 2421 Karl Bern: (erwiedert ihn) Sie kennen ja Fräulein
789 2335 1650 2479 Friesel? — fenchit-
778 2464 1676 2593 Richard: Ja, beiläufig.
2277 2487 2439 2641 Jee
751 2588 2727 2803 Karl Bern:Sie treiben die Diekretion zu weit! Sie
748 2737 2778 2934 war oder ist doch die Getlebte Ihres berten Freun-
849 2886 1077 3086 Juri
725 3048 2512 3243 des, xx auf dessen tochzeit wir heute waun.
1372 3149 2176 3250 1t. 1 illeces 2 u. Ruc
715 3159 2540 3369 Richard: Nun wird sie es wohl nicht mehr sein.
781 3316 2277 3415 gern roer ar
