3112 3496
827 503 1985 689 te Art von Hochmut bedeutet?
824 635 2788 821 Karl Bern: Sie ahnen gar nicht,Herr. Doktor, wie wa
895 827 1702 944 ie gesprochen haben.
844 895 2820 1055 Dr. Fricke: Ich ahne es nicht nur, ich weiss es so-
841 1032 2688 1201 gar. Jugend an und für sich ist schon Hochmut,
1298 1181 1456 1250 s oer
852 1204 1982 1338 allerdinge (ein berechtigter.
849 1301 2806 1490 Karl Herni Sie halten: mich für jung, Herr Doktor?
855 1413 2814 1573 Ich bin fünfunddreissig. Und zu Ihrer Beruhigung,
849 1567 2777 1727 ich zähle gar nicht mehr zur modernen Literatur,
867 1676 2714 1836 womit ich übrigene nicht xxxAxhEx,Herr
1656 1790 2096 1879 Ih tr mollet.
867 1745 2823 1993 Dektor, Hxax an  Nachsicht zu
1350 1928 1699 2016 Er itelud
506 1933 829 2062 Mari i
492 1930 2788 2165 di futjet, apvellieren xte- beabsichtige, Ich trete für al-
864 2074 2788 2254 les ein,was iel geschrieben habe, auch gegen mei-
2402 2191 2849 2314 sich ben bleube
869 2231 1536 2368 ne Ueverzeugung.-
1456 2271 2334 2397 f de mus i eocsiret
438 2271 824 2437 Iusüntren
878 2319 2691 2528 Br.Fricket(lachelnd) Also, auf Wiedersehen) an
543 2397 855 2563 blertun
878 2462 2537 2646 Semstag xxKhxxherx, auf der Bühne.
495 2531 772 2697 S. kr. 1
875 2580 2766 2743 Karl Bern: Und im Zuschauerraum. Ich bitte näm-
1407 2711 1762 2786 Erlaubnis
887 2723 2734 2886 lich um die is mich zeitweise in Ihrer
495 2783 786 2989 Ich per
889 2840 2737 3012 loge von den Aufregungen der Prentére ausruhen
889 3026 1318 3197 zu aurzen.
