<?xml version="1.0" encoding="UTF-8" standalone="yes"?>
<PcGts xmlns="http://schema.primaresearch.org/PAGE/gts/pagecontent/2013-07-15" xmlns:xsi="http://www.w3.org/2001/XMLSchema-instance" xsi:schemaLocation="http://schema.primaresearch.org/PAGE/gts/pagecontent/2013-07-15 http://schema.primaresearch.org/PAGE/gts/pagecontent/2013-07-15/pagecontent.xsd">
    <Metadata>
        <Creator>prov=READ-COOP:name=PyLaia@TranskribusPlatform:version=2.7.0:model_id=50870:lm=none:date=22_01_2024_15:39</Creator>
        <Created>2023-09-27T14:32:15.393+02:00</Created>
        <LastChange>2024-01-22T15:39:29.295+01:00</LastChange>
        <TranskribusMetadata docId="1589027" pageId="60121784" pageNr="27" tsid="145620643" status="IN_PROGRESS" userId="40391" imgUrl="https://files.transkribus.eu/Get?id=HBGTOPZYPFNJUXXYYIJUZNTX&amp;fileType=view" xmlUrl="https://files.transkribus.eu/Get?id=HHPUWGCGFKMWJQKULSPVQTYF" imageId="48546863"/>
    </Metadata>
    <Page imageFilename="1589027_0027.jpg" imageWidth="3064" imageHeight="3512">
        <ReadingOrder>
            <OrderedGroup id="ro_1711795857028" caption="Regions reading order">
                <RegionRefIndexed index="0" regionRef="tr_1"/>
            </OrderedGroup>
        </ReadingOrder>
        <TextRegion orientation="0.0" id="tr_1" custom="readingOrder {index:0;}">
            <Coords points="845,321 845,3219 2857,3219 2857,321"/>
            <TextLine id="tr_1_tl_1" custom="readingOrder {index:0;}">
                <Coords points="904,402 918,400 946,422 965,420 1002,393 1029,415 1049,412 1059,420 1086,402 1104,402 1104,279 1042,272 1007,299 968,281 933,304 904,291"/>
                <Baseline points="916,382 943,376 971,376 999,376 1026,376 1054,378 1082,379 1110,379"/>
                <TextEquiv>
                    <Unicode>6</Unicode>
                </TextEquiv>
            </TextLine>
            <TextLine id="tr_1_tl_2" custom="readingOrder {index:1;}">
                <Coords points="1400,439 1424,442 1452,427 1479,439 1573,378 1686,397 1684,306 1637,284 1602,274 1540,276 1531,286 1397,272"/>
                <Baseline points="1412,379 1437,377 1462,377 1487,380 1513,381 1538,380 1563,378 1588,376 1614,378 1639,379 1664,381 1690,385"/>
                <TextEquiv>
                    <Unicode>E sett.</Unicode>
                </TextEquiv>
            </TextLine>
            <TextLine id="tr_1_tl_3" custom="readingOrder {index:2;}">
                <Coords points="837,627 2817,592 2819,489 2651,506 2474,442 2155,516 1906,474 1634,533 1506,496 1368,546 1239,474 1108,489 842,417"/>
                <Baseline points="851,612 949,603 1048,600 1146,599 1245,597 1343,594 1442,591 1540,590 1639,588 1737,585 1836,582 1935,582 2033,578 2132,574 2230,573 2329,570 2427,569 2526,566 2624,564 2723,563 2822,570"/>
                <TextEquiv>
                    <Unicode>gesehen (oder wenigstene nicht die Carrière machen.</Unicode>
                </TextEquiv>
            </TextLine>
            <TextLine id="tr_1_tl_4" custom="readingOrder {index:3;}">
                <Coords points="839,748 2585,721 2563,627 2405,659 2239,622 2052,674 1901,644 1740,686 1264,676 1059,600 842,622"/>
                <Baseline points="854,731 940,731 1027,731 1114,728 1201,725 1288,722 1375,722 1462,717 1549,717 1636,716 1723,716 1809,714 1896,710 1983,710 2070,706 2157,705 2244,706 2331,700 2418,701 2505,695 2592,695"/>
                <TextEquiv>
                    <Unicode>die en sonst sicher gewesen wäre nur weil</Unicode>
                </TextEquiv>
            </TextLine>
            <TextLine id="tr_1_tl_5" custom="readingOrder {index:4;}">
                <Coords points="832,886 1822,849 1950,923 2118,839 2548,854 2550,726 2363,704 2145,790 1847,760 1195,802 936,738 834,775"/>
                <Baseline points="848,866 933,860 1018,857 1103,855 1189,854 1274,854 1359,850 1444,850 1530,845 1615,845 1700,842 1785,842 1871,844 1956,837 2041,834 2126,836 2212,833 2297,829 2382,829 2467,827 2553,827"/>
                <TextEquiv>
                    <Unicode>sto sich nicht rechtzeitig aus irgend seinen</Unicode>
                </TextEquiv>
            </TextLine>
            <TextLine id="tr_1_tl_6" custom="readingOrder {index:5;}">
                <Coords points="837,1027 2034,973 2377,1027 2535,988 2538,911 2259,886 1842,931 1578,852 1321,946 1086,867 943,936 839,921"/>
                <Baseline points="854,991 938,988 1022,991 1107,988 1191,982 1275,982 1360,980 1444,979 1528,976 1613,973 1697,973 1781,973 1866,967 1950,965 2034,965 2119,962 2203,961 2287,958 2372,957 2456,955 2541,952"/>
                <TextEquiv>
                    <Unicode>er licht ganz würdigen Verhältnis loszu-</Unicode>
                </TextEquiv>
            </TextLine>
            <TextLine id="tr_1_tl_7" custom="readingOrder {index:6;}">
                <Coords points="834,1136 1047,1123 1170,1155 1266,1116 1420,1146 1503,1113 1538,1141 1597,1126 1600,1069 1484,1039 1229,1064 1150,1027 1069,1064 1015,1039 911,1071 837,1044"/>
                <Baseline points="848,1122 885,1119 923,1119 961,1117 999,1117 1037,1118 1075,1116 1113,1113 1151,1113 1189,1113 1227,1111 1264,1109 1302,1107 1340,1107 1378,1104 1416,1106 1454,1105 1492,1105 1530,1108 1568,1110 1606,1107"/>
                <TextEquiv>
                    <Unicode>reissen(vermochten.</Unicode>
                </TextEquiv>
            </TextLine>
            <TextLine id="tr_1_tl_8" custom="readingOrder {index:7;}">
                <Coords points="832,1279 899,1308 988,1266 1276,1281 1363,1237 2609,1232 2609,1136 2568,1131 1926,1178 1624,1170 1469,1116 1291,1192 834,1173"/>
                <Baseline points="845,1248 933,1242 1022,1242 1110,1241 1199,1239 1287,1236 1376,1236 1464,1235 1553,1235 1641,1230 1730,1229 1819,1227 1907,1224 1996,1221 2084,1224 2173,1224 2261,1223 2350,1215 2438,1212 2527,1212 2616,1215"/>
                <TextEquiv>
                    <Unicode>Richara: Ich bitte Sie meinetwegen ganz unbe-</Unicode>
                </TextEquiv>
            </TextLine>
            <TextLine id="tr_1_tl_9" custom="readingOrder {index:8;}">
                <Coords points="832,1387 1269,1370 1311,1405 2042,1353 2108,1390 2168,1365 2170,1308 834,1318"/>
                <Baseline points="845,1379 911,1374 977,1376 1044,1376 1110,1375 1177,1373 1243,1370 1310,1370 1376,1368 1443,1368 1509,1364 1575,1359 1642,1358 1708,1356 1775,1355 1841,1353 1908,1349 1974,1350 2041,1349 2107,1349 2174,1358"/>
                <TextEquiv>
                    <Unicode>sorgt zu sein,Herr Kommerzialrat.</Unicode>
                </TextEquiv>
            </TextLine>
            <TextLine id="tr_1_tl_10" custom="readingOrder {index:9;}">
                <Coords points="1526,1442 1859,1417 2118,1442 2281,1407 2353,1432 2358,1321 2244,1378 2200,1341 2108,1385 1997,1353 1797,1387 1736,1358 1528,1378"/>
                <Baseline points="1540,1430 1581,1424 1622,1424 1663,1424 1704,1423 1745,1420 1786,1418 1827,1415 1868,1412 1909,1409 1951,1407 1992,1406 2033,1404 2074,1406 2115,1410 2156,1411 2197,1408 2238,1405 2279,1403 2320,1403 2362,1400"/>
                <TextEquiv>
                    <Unicode>hete hor nihteto uallicht</Unicode>
                </TextEquiv>
            </TextLine>
            <TextLine id="tr_1_tl_11" custom="readingOrder {index:10;}">
                <Coords points="839,1518 1368,1501 1469,1536 2158,1479 2629,1506 2632,1422 2486,1397 1550,1459 842,1434"/>
                <Baseline points="854,1505 943,1502 1032,1502 1121,1499 1211,1499 1300,1496 1389,1496 1478,1496 1568,1493 1657,1493 1746,1490 1835,1484 1925,1481 2014,1478 2103,1475 2192,1478 2282,1475 2371,1475 2460,1475 2549,1469 2639,1469"/>
                <TextEquiv>
                    <Unicode>Sidon: Sie dürfen es einem um, so viel älteren</Unicode>
                </TextEquiv>
            </TextLine>
            <TextLine id="tr_1_tl_12" custom="readingOrder {index:11;}">
                <Coords points="1810,1550 1837,1555 1861,1545 1901,1568 1950,1545 2002,1563 2032,1540 2061,1548 2091,1540 2094,1486 2052,1494 2029,1474 1931,1506 1911,1486 1869,1503 1852,1489 1810,1503"/>
                <Baseline points="1824,1549 1851,1544 1878,1543 1905,1543 1932,1542 1960,1540 1987,1540 2014,1539 2041,1538 2068,1536 2096,1535"/>
                <TextEquiv>
                    <Unicode>leebe hrt</Unicode>
                </TextEquiv>
            </TextLine>
            <TextLine id="tr_1_tl_13" custom="readingOrder {index:12;}">
                <Coords points="832,1669 1592,1622 1768,1674 1960,1615 2582,1622 2634,1617 2637,1540 2530,1508 2286,1555 1898,1568 1745,1531 834,1582"/>
                <Baseline points="848,1633 937,1630 1027,1630 1116,1630 1206,1627 1295,1627 1385,1624 1474,1621 1564,1618 1653,1618 1743,1615 1833,1618 1922,1615 2012,1612 2101,1612 2191,1609 2280,1603 2370,1603 2459,1600 2549,1597 2639,1597"/>
                <TextEquiv>
                    <Unicode>Manne nicht übel nehmen (( wenn Sie mir nicht</Unicode>
                </TextEquiv>
            </TextLine>
            <TextLine id="tr_1_tl_14" custom="readingOrder {index:13;}">
                <Coords points="847,1778 2158,1738 2343,1778 2466,1736 2642,1753 2644,1634 2239,1612 2034,1694 847,1716"/>
                <Baseline points="860,1767 949,1764 1038,1761 1128,1758 1217,1758 1307,1756 1396,1753 1485,1753 1575,1753 1664,1753 1754,1747 1843,1744 1932,1744 2022,1738 2111,1738 2201,1735 2290,1732 2379,1732 2469,1729 2558,1726 2648,1729"/>
                <TextEquiv>
                    <Unicode>so ganz besonders sympathisch wären)würde ich</Unicode>
                </TextEquiv>
            </TextLine>
            <TextLine id="tr_1_tl_15" custom="readingOrder {index:14;}">
                <Coords points="852,1916 1528,1923 1627,1881 1731,1926 1832,1884 1906,1928 2056,1864 2511,1908 2671,1884 2674,1785 2447,1812 2353,1768 2279,1810 2133,1745 1933,1743 1832,1824 854,1834"/>
                <Baseline points="866,1896 956,1894 1047,1894 1138,1888 1229,1885 1319,1881 1410,1881 1501,1879 1592,1878 1682,1873 1773,1872 1864,1872 1955,1870 2045,1864 2136,1864 2227,1863 2318,1860 2408,1857 2499,1857 2590,1854 2681,1857"/>
                <TextEquiv>
                    <Unicode>mir gewiss nicht erlauben Es kommt eben auch</Unicode>
                </TextEquiv>
            </TextLine>
            <TextLine id="tr_1_tl_16" custom="readingOrder {index:15;}">
                <Coords points="857,2027 1316,2056 1392,2017 1918,2037 1982,2002 2059,2047 2595,2002 2597,1916 2543,1891 2128,1950 1782,1911 1634,1955 1545,1913 1442,1950 859,1948"/>
                <Baseline points="869,2021 955,2018 1042,2015 1129,2015 1216,2012 1302,2012 1389,2009 1476,2009 1563,2007 1649,2007 1736,2003 1823,2000 1910,1999 1996,1997 2083,1996 2170,1994 2257,1996 2343,1991 2430,1988 2517,1988 2604,1985"/>
                <TextEquiv>
                    <Unicode>darauf an im richtigen Moment zuzugreifen, zu</Unicode>
                </TextEquiv>
            </TextLine>
            <TextLine id="tr_1_tl_17" custom="readingOrder {index:16;}">
                <Coords points="862,2182 928,2210 1318,2140 1696,2180 1795,2131 2392,2118 2501,2155 2637,2143 2639,2039 864,2074"/>
                <Baseline points="875,2150 963,2150 1051,2147 1140,2145 1228,2147 1316,2141 1405,2142 1493,2137 1581,2133 1670,2134 1758,2132 1846,2129 1935,2128 2023,2126 2111,2120 2200,2120 2288,2120 2376,2117 2465,2117 2553,2114 2642,2111"/>
                <TextEquiv>
                    <Unicode>wissen, wo das Glück, das wahre Glück zu finden.</Unicode>
                </TextEquiv>
            </TextLine>
            <TextLine id="tr_1_tl_18" custom="readingOrder {index:17;}">
                <Coords points="857,2316 1207,2328 1281,2284 1977,2256 2274,2296 2330,2256 2765,2247 2738,2175 2595,2200 2210,2153 1926,2210 859,2200"/>
                <Baseline points="869,2284 964,2280 1059,2278 1154,2272 1249,2275 1344,2272 1439,2266 1534,2265 1629,2263 1724,2260 1820,2258 1915,2257 2010,2254 2105,2251 2200,2251 2295,2248 2390,2247 2485,2244 2580,2242 2675,2242 2771,2242"/>
                <TextEquiv>
                    <Unicode>ist. Werhxstekt wo ee vielleicht</Unicode>
                </TextEquiv>
            </TextLine>
            <TextLine id="tr_1_tl_19" custom="readingOrder {index:18;}">
                <Coords points="854,2442 1247,2422 1380,2479 1629,2392 2686,2387 2686,2316 2471,2279 2197,2333 1960,2293 1696,2333 1400,2279 1121,2348 857,2348"/>
                <Baseline points="869,2410 960,2407 1051,2404 1142,2404 1233,2401 1325,2398 1416,2395 1507,2393 1598,2390 1689,2390 1781,2389 1872,2389 1963,2386 2054,2383 2145,2383 2237,2382 2328,2377 2419,2374 2510,2371 2601,2371 2693,2374"/>
                <TextEquiv>
                    <Unicode>schon wartet und sich nicht durch sentimentals</Unicode>
                </TextEquiv>
            </TextLine>
            <TextLine id="tr_1_tl_20" custom="readingOrder {index:19;}">
                <Coords points="859,2565 2802,2521 2787,2402 2565,2449 2128,2424 1792,2471 1622,2429 1380,2479 921,2442 862,2474"/>
                <Baseline points="872,2541 968,2535 1065,2535 1162,2532 1259,2531 1356,2526 1453,2524 1550,2523 1647,2523 1744,2522 1841,2517 1937,2515 2034,2511 2131,2508 2228,2508 2325,2503 2422,2502 2519,2500 2616,2502 2713,2502 2810,2505"/>
                <TextEquiv>
                    <Unicode>Bedenken, durch, völlig unangebrachte Rücksichten..</Unicode>
                </TextEquiv>
            </TextLine>
            <TextLine id="tr_1_tl_21" custom="readingOrder {index:20;}">
                <Coords points="859,2718 1427,2684 1499,2718 1669,2676 1852,2706 1992,2666 2632,2686 2703,2664 2706,2560 2560,2538 2197,2602 1980,2555 1323,2609 1057,2548 862,2600"/>
                <Baseline points="872,2675 968,2666 1065,2663 1162,2663 1259,2660 1355,2660 1452,2657 1549,2654 1646,2650 1743,2647 1839,2646 1936,2642 2033,2639 2130,2639 2227,2639 2323,2636 2420,2635 2517,2632 2614,2631 2711,2636"/>
                <TextEquiv>
                    <Unicode>lein dentlicher Blick zu Methilde, die mit Kerl</Unicode>
                </TextEquiv>
            </TextLine>
            <TextLine id="tr_1_tl_22" custom="readingOrder {index:21;}">
                <Coords points="852,2832 1059,2859 1108,2824 1817,2819 1916,2804 1918,2701 1550,2735 1304,2693 950,2743 854,2716"/>
                <Baseline points="866,2798 918,2796 971,2795 1024,2795 1077,2792 1130,2792 1183,2792 1235,2790 1288,2789 1341,2789 1394,2786 1447,2785 1500,2783 1553,2781 1605,2780 1658,2780 1711,2777 1764,2777 1817,2775 1870,2779 1923,2792"/>
                <TextEquiv>
                    <Unicode>lauetteienelzusannensteht!</Unicode>
                </TextEquiv>
            </TextLine>
            <TextLine id="tr_1_tl_23" custom="readingOrder {index:22;}">
                <Coords points="869,2960 1422,2972 1681,2921 1901,2972 2128,2901 2377,2950 2543,2903 2849,2916 2851,2809 2385,2844 2086,2809 1679,2864 1536,2829 1447,2866 1331,2829 871,2849"/>
                <Baseline points="883,2929 981,2923 1080,2922 1179,2920 1277,2918 1376,2917 1475,2914 1573,2911 1672,2909 1771,2908 1870,2908 1968,2905 2067,2902 2166,2900 2264,2897 2363,2896 2462,2895 2560,2893 2659,2893 2758,2890 2857,2887"/>
                <TextEquiv>
                    <Unicode>Richerd:Ich versichere Sie, Herr Konnerzialrat, dass</Unicode>
                </TextEquiv>
            </TextLine>
            <TextLine id="tr_1_tl_24" custom="readingOrder {index:23;}">
                <Coords points="864,3074 941,3103 1153,3051 1429,3081 1627,3046 1856,3093 1992,3037 2182,3069 2182,2980 2039,2945 1950,2987 1701,2953 1499,2995 1304,2943 864,2995"/>
                <Baseline points="878,3055 943,3054 1008,3052 1074,3052 1139,3052 1205,3049 1270,3049 1335,3046 1401,3046 1466,3046 1532,3043 1597,3043 1662,3040 1728,3038 1793,3037 1859,3037 1924,3034 1989,3034 2055,3031 2120,3031 2186,3034"/>
                <TextEquiv>
                    <Unicode>überhaupt nichts auf mich wartet.</Unicode>
                </TextEquiv>
            </TextLine>
            <TextLine id="tr_1_tl_25" custom="readingOrder {index:24;}">
                <Coords points="869,3256 1553,3177 1627,3219 1955,3180 2081,3214 2308,3158 2444,3202 2543,3153 2804,3202 2807,3079 2429,3054 2350,3091 2022,3069 1294,3125 1128,3088 948,3116 871,3069"/>
                <Baseline points="883,3192 979,3186 1076,3184 1172,3183 1269,3181 1365,3180 1462,3180 1558,3177 1655,3174 1751,3168 1848,3168 1944,3168 2041,3166 2137,3162 2234,3159 2330,3156 2427,3158 2523,3155 2620,3151 2716,3150 2813,3150"/>
                <TextEquiv>
                    <Unicode>siden: Bitte, ditte, ich weies, Sie sind ein bentle-</Unicode>
                </TextEquiv>
            </TextLine>
            <TextEquiv>
                <Unicode></Unicode>
            </TextEquiv>
        </TextRegion>
    </Page>
</PcGts>
