3064 3512
729 463 2825 719 Kerl Berniskicht gar so aie sehr.) zumeilen in Kärzeeg
727 642 1314 803 haus - nachts-
721 748 2764 961 Hefene: O, ich wil Sie zu keinen Indiekretionen ver-
732 906 2340 1085 leiten, ss wäre auch vergeblich, ich weisr.
1393 1006 1543 1082 mir
958 1008 1303 1095 Ih Briel
732 1021 2759 1214 Karl Bern: 4 hatt niemals sein Herz aufgeschlossen.
727 1161 2635 1311 ten bin nicht einmal überzeugt, dass ich ihm sehr
708 1261 2751 1472 eimpathisch din.(die Atmosphäre dieses Kefrechauses
719 1406 2675 1585 macht ihm offendar Spass. Atit Dabei ist es ei-
732 1540 2746 1708 gentlich eine ziemlich mässige Gesellschaft.(Herab-
732 1669 2706 1851 gekommene und nicht Znvorgekomnene, Resignierte und
729 1787 1324 1988 vervitterte-
2422 1809 2683 1982 kun
729 1919 2796 2122 Delens: Was haben die elgenitten sert unter den Leu-
740 2090 1322 2201 ten zu suchen?
732 2177 2759 2382 Karl Vern: Mahrscheinlich gebör iot hin. - Aber 8ie
737 2309 2119 2490 wollten von Ihrem Bruder sprechen.)
1092 2425 1569 2519 A leieinem
740 2422 2693 2622 eglenet Er macht mir Sorgen der f- Bub. Ja. se, menn
748 2575 2735 2775 ich auch un drei Janre Jünger oin, ich bin doch set-
732 2669 2675 2875 ne eltere Schnerter.) er muse sinen küümer heven.
1711 2801 2180 2893 de geht zniht
1282 2814 1532 2896 tubicten
734 2814 2725 2983 ob Sie inn sympethiech sind, das weise Ich wirklich
734 2927 2854 3120 selder nicht, oder Sie invonteren uum oder fassinieren
748 3062 2756 3312 ihr ein mals, wer reter loh. dae er ist sehr besihe
792 3235 2403 3359 Ausebar men darf schon beinahe gegen er1
