3128 3528
2481 398 2617 505 268
1009 500 1286 633 ich 71r
1185 510 2051 673 zur Künstler in gemacht.
1121 638 2568 757 Es mag schon dazu beigetragen haben.
1457 732 1603 814 hat
824 638 1121 898 1o
1140 742 1279 876 17
1200 759 2617 930 leicht xxk auch das neue Glück -oder
1041 925 2570 1091 an es nennen soll - seinen Teil darin.
821 1041 1662 1158 Richard: Neues Glück?
826 1180 2743 1326 Ludwig: da, ich bin sehr gut informiert. Uebrigens
816 1328 2543 1462 müsste man nicht einmal- informiert sein. Man
806 1420 1319 1541 merkt es ja.
806 1561 1356 1687 Richard: Was?-
794 1672 2664 1855 Ludwig: Wie sie sich in seine Arme gestürzt hat
794 1821 2568 1959 wie sie an seinen Lippen gehangen ist - jeder
774 1957 2419 2083 Mensch sieht,dass sie seine Geliebte ist.
794 2066 1464 2207 Richard: Gregors?
779 2216 2731 2367 Ludwig: So heisst er wohl... Sie hat keinen übeln
784 2323 2553 2494 Geschnacl.-Uebrigens-gratuliere ich dir. Sehr
782 2489 2528 2622 vernünftig, dass du dich endlich entschlossen
769 2612 1885 2731 hast./ Wann ist die Hochzeit?
762 2696 2753 2889 Richard: Ach so.- Die Verlobung ist noch gar nicht
754 2857 2627 3043 offiziell.- Weiss Antoinette, dass du im Theater
762 2978 975 3134 biet?
