2856 3496
2211 251 2377 447 308
499 401 2369 578 Inten Jant: Bitte fortzufahren, Fräulein Friesel.
504 537 2342 712 Franzt: (1.d.4.) Aber ich werde dieses Feld von
976 657 1101 747 teh
504 665 2492 812 Ihnen nehmenwerde es, (ich kann esfdenn ich liebe
1003 793 1279 883 falte
496 815 2492 979 Stefund ich wage nicht an der Echtheit Ihrer Liebe
2075 927 2255 1003 ielleder
218 938 403 1039 nir
270 943 2456 1129 cehtda zweiteln mit der. Frage, ob ich nichtstuch einen
496 1074 1709 1230 Irrtum in Ihrem Leben bedeute.
510 1186 2497 1382 (Dranaturg konnt mit der Korrektur des Theaterzet-
504 1347 2009 1453 tele, legt sie vor den Intendanten hin)
507 1472 2612 1641 Intendent: (auf eine unausgesprochene Frage erwidernd)
897 1565 1145 1658 eibene
510 1622 2121 1761 Jawohl, die Première finiet Samstig stattl
499 1734 2598 1914 Koredai (aus dem Zuschauerrauml Hal. (Lul er fellet/
2146 1810 2350 1908 Klain
526 1873 2440 2039 Intendant: Alles in Ordnung. Nur diese (Korrektur.
507 1979 2614 2154 (er Andert an Zettel) Fanni theremFräulein Franzieke
1464 2086 1750 2165 lon hat
496 2091 2530 2304 Ertesel. (zu Karl) (Sie sind doof einverstanden. Herr
491 2255 804 2405 Doktor?
491 2364 2377 2535 Karl Bern: Doktor bin ich noch imner nicht, aber
496 2533 1088 2672 einverstanden.
499 2647 1388 2819 Franzt:(grosse Augen.
504 2789 1227 2909 (Bewegung ringsum)
502 2854 2380 3083 Intencant: Aleo weiter. Bitte, Praulein Friesell
499 3015 1977 3206 lig den Zuschenerraun gewendet) Rahel
521 3100 2565 3304 dreguleth: lepplandiert letse eue der Konlisse Franzt
