3080 3480
867 427 2846 648 genatlichen hochgewelhter ziüner in einen zienlich
851 604 2790 761 aiten Hause, etwas altmodisch eingerichtet. Haupt-
1980 707 2147 787 veten
2222 738 2366 792 weil
849 725 2911 892 eingeng links.- In der Ecke Links erbettr Rasheloten.
851 885 2780 975 Rechts Divan, Pisc, Sessel, Fenster,- Linke an der
851 962 2795 1111 Mand Ein schrenk mit grunem Vorhang. Rechte eine
851 1100 2708 1250 Lonnode, darüber Splegel, auf der Konmode Nlanen-
838 1280 2674 1358 rase, Photographien etc. Heben der Kommode, Aöhe
1304 1347 1718 1432 Zachrbeute
851 1386 1756 1535 des Splegels Zurtmünhen
833 1504 2751 1669 Rücknärts Alkaren mit Deppelbett „Rechts Nasch-
854 1640 2787 1820 tisch- Kuachportiére vor den Alkoren, zu Beginn
841 1766 2823 1887 des Altes getErnet. Ueber dem Doppelbett Oeldruck-
836 1905 2638 2111 frredliche Landschaft mit Nirten und Romphen.
