<?xml version="1.0" encoding="UTF-8" standalone="yes"?>
<PcGts xmlns="http://schema.primaresearch.org/PAGE/gts/pagecontent/2013-07-15" xmlns:xsi="http://www.w3.org/2001/XMLSchema-instance" xsi:schemaLocation="http://schema.primaresearch.org/PAGE/gts/pagecontent/2013-07-15 http://schema.primaresearch.org/PAGE/gts/pagecontent/2013-07-15/pagecontent.xsd">
    <Metadata>
        <Creator>prov=READ-COOP:name=PyLaia@TranskribusPlatform:version=2.7.0:model_id=50870:lm=none:date=22_01_2024_15:39</Creator>
        <Created>2023-09-27T14:32:17.333+02:00</Created>
        <LastChange>2024-01-22T15:39:31.451+01:00</LastChange>
        <TranskribusMetadata docId="1589027" pageId="60121856" pageNr="40" tsid="145620656" status="IN_PROGRESS" userId="40391" imgUrl="https://files.transkribus.eu/Get?id=EALCQOIOJMPFXCYFSPODBZSA&amp;fileType=view" xmlUrl="https://files.transkribus.eu/Get?id=FXWVNQNXNYFDSVQXLPJNXCFV" imageId="48546935"/>
    </Metadata>
    <Page imageFilename="1589027_0040.jpg" imageWidth="3064" imageHeight="3512">
        <ReadingOrder>
            <OrderedGroup id="ro_1711795877297" caption="Regions reading order">
                <RegionRefIndexed index="0" regionRef="tr_1"/>
            </OrderedGroup>
        </ReadingOrder>
        <TextRegion orientation="0.0" id="tr_1" custom="readingOrder {index:0;}">
            <Coords points="898,456 898,1864 2741,1864 2741,456"/>
            <TextLine id="tr_1_tl_1" custom="readingOrder {index:0;}">
                <Coords points="2492,551 2512,556 2536,539 2584,567 2605,565 2612,572 2639,551 2658,556 2655,440 2623,433 2575,401 2556,413 2533,408 2524,415 2503,396 2489,396"/>
                <Baseline points="2505,522 2531,520 2557,519 2584,519 2610,520 2636,522 2663,522"/>
                <TextEquiv>
                    <Unicode>340</Unicode>
                </TextEquiv>
            </TextLine>
            <TextLine id="tr_1_tl_2" custom="readingOrder {index:1;}">
                <Coords points="885,731 1906,694 2003,738 2586,745 2734,726 2736,611 2487,562 2323,606 1602,581 1505,613 887,532"/>
                <Baseline points="898,665 990,665 1082,665 1174,665 1266,665 1358,662 1450,662 1543,662 1635,662 1727,662 1819,661 1911,659 2003,658 2095,658 2188,654 2280,651 2372,654 2464,653 2556,654 2648,651 2741,654"/>
                <TextEquiv>
                    <Unicode>Richard: ird vielleicht für die nächete daisen</Unicode>
                </TextEquiv>
            </TextLine>
            <TextLine id="tr_1_tl_3" custom="readingOrder {index:2;}">
                <Coords points="910,823 1118,844 1390,795 1881,855 2171,841 2171,740 2132,721 1194,698 910,738"/>
                <Baseline points="922,797 984,794 1047,794 1110,794 1173,796 1235,797 1298,797 1361,797 1424,793 1486,791 1549,794 1612,794 1675,792 1737,791 1800,791 1863,791 1926,788 1988,788 2051,788 2114,788 2177,791"/>
                <TextEquiv>
                    <Unicode>was anderer und doscores kommen.</Unicode>
                </TextEquiv>
            </TextLine>
            <TextLine id="tr_1_tl_4" custom="readingOrder {index:3;}">
                <Coords points="894,987 1259,977 1339,931 1489,975 2005,966 2005,851 1830,827 1588,878 1448,830 1344,867 894,851"/>
                <Baseline points="907,928 962,922 1017,923 1072,925 1128,925 1183,927 1238,923 1293,923 1349,922 1404,922 1459,922 1514,922 1570,922 1625,922 1680,919 1735,918 1791,918 1846,919 1901,920 1956,923 2012,928"/>
                <TextEquiv>
                    <Unicode>Endwig: Win wollen hoffen.</Unicode>
                </TextEquiv>
            </TextLine>
            <TextLine id="tr_1_tl_5" custom="readingOrder {index:4;}">
                <Coords points="910,1058 1630,1072 1890,1132 2155,1076 2575,1150 2577,977 2506,954 1399,1010 1088,959 913,984"/>
                <Baseline points="922,1051 1004,1051 1087,1051 1170,1054 1253,1056 1336,1051 1419,1054 1502,1048 1585,1051 1668,1051 1751,1050 1833,1048 1916,1050 1999,1045 2082,1042 2165,1040 2248,1042 2331,1041 2414,1042 2497,1045 2580,1048"/>
                <TextEquiv>
                    <Unicode>Pichard: 4s0 - ich denke du bist beruhigt.</Unicode>
                </TextEquiv>
            </TextLine>
            <TextLine id="tr_1_tl_6" custom="readingOrder {index:5;}">
                <Coords points="910,1224 1003,1245 1185,1224 1245,1249 1298,1222 1383,1247 1436,1215 1517,1240 1588,1217 1588,1104 1371,1129 1325,1109 1256,1125 1224,1099 1157,1136 1007,1125 961,1088 910,1102"/>
                <Baseline points="922,1185 955,1180 988,1181 1022,1182 1055,1182 1089,1182 1122,1184 1156,1184 1189,1182 1223,1182 1256,1182 1289,1181 1323,1179 1356,1181 1390,1182 1423,1182 1457,1182 1490,1182 1524,1182 1557,1182 1591,1182"/>
                <TextEquiv>
                    <Unicode>Luenigilschweigt)</Unicode>
                </TextEquiv>
            </TextLine>
            <TextLine id="tr_1_tl_7" custom="readingOrder {index:6;}">
                <Coords points="913,1365 2176,1330 2570,1365 2570,1210 2413,1249 1876,1219 1397,1254 1309,1215 1019,1254 913,1222"/>
                <Baseline points="925,1308 1007,1308 1089,1311 1172,1312 1254,1310 1337,1310 1419,1308 1502,1308 1584,1308 1667,1308 1749,1305 1831,1303 1914,1302 1996,1302 2079,1299 2161,1299 2244,1294 2326,1296 2409,1296 2491,1296 2574,1299"/>
                <TextEquiv>
                    <Unicode>Rlobard: (reioht ihm die Hand zum Absclied)</Unicode>
                </TextEquiv>
            </TextLine>
            <TextLine id="tr_1_tl_8" custom="readingOrder {index:7;}">
                <Coords points="913,1454 1517,1452 1662,1514 2353,1431 2676,1450 2676,1358 913,1369"/>
                <Baseline points="925,1436 1012,1438 1100,1441 1188,1440 1276,1439 1364,1439 1451,1439 1539,1436 1627,1437 1715,1436 1803,1430 1890,1430 1978,1429 2066,1429 2154,1426 2242,1424 2329,1424 2417,1424 2505,1424 2593,1424 2681,1421"/>
                <TextEquiv>
                    <Unicode>Ludnig: Moht ganz) Frauen sind manchmal sehr</Unicode>
                </TextEquiv>
            </TextLine>
            <TextLine id="tr_1_tl_9" custom="readingOrder {index:8;}">
                <Coords points="910,1593 1367,1625 1731,1570 2114,1625 2353,1556 2718,1574 2720,1475 2674,1454 2423,1503 2123,1471 1616,1517 1418,1454 1194,1526 913,1498"/>
                <Baseline points="922,1573 1012,1570 1102,1569 1192,1567 1282,1567 1373,1564 1463,1565 1553,1562 1643,1561 1733,1561 1824,1558 1914,1558 2004,1558 2094,1555 2184,1555 2275,1555 2365,1552 2455,1552 2545,1549 2635,1549 2726,1549"/>
                <TextEquiv>
                    <Unicode>bizarr. Hout ist mein Hochzeitstag. In Liebes-</Unicode>
                </TextEquiv>
            </TextLine>
            <TextLine id="tr_1_tl_10" custom="readingOrder {index:9;}">
                <Coords points="906,1733 1650,1699 2001,1782 2178,1708 2423,1761 2658,1708 2658,1611 2492,1584 1800,1634 1713,1593 1572,1648 906,1600"/>
                <Baseline points="919,1702 1006,1699 1093,1699 1180,1699 1267,1697 1355,1696 1442,1694 1529,1693 1616,1694 1703,1693 1791,1691 1878,1692 1965,1690 2052,1689 2139,1687 2227,1685 2314,1684 2401,1684 2488,1684 2575,1681 2663,1684"/>
                <TextEquiv>
                    <Unicode>sachen iet alles möglichf Sie könnte seitler</Unicode>
                </TextEquiv>
            </TextLine>
            <TextLine id="tr_1_tl_11" custom="readingOrder {index:10;}">
                <Coords points="901,1888 952,1881 1033,1909 1102,1881 1185,1904 1212,1885 1245,1895 1302,1860 1325,1865 1328,1766 1293,1775 1247,1749 1206,1763 1166,1738 1086,1752 1051,1736 980,1773 904,1763"/>
                <Baseline points="913,1833 939,1830 965,1830 991,1830 1017,1830 1043,1828 1069,1827 1095,1827 1122,1827 1148,1827 1174,1827 1200,1827 1226,1827 1252,1827 1278,1827 1304,1827 1331,1827"/>
                <TextEquiv>
                    <Unicode>ein halber</Unicode>
                </TextEquiv>
            </TextLine>
            <TextEquiv>
                <Unicode></Unicode>
            </TextEquiv>
        </TextRegion>
    </Page>
</PcGts>
