3128 3576
665 2492 920 2623 N.-uns
2606 284 2841 507 e
915 495 2759 670 Kart Bern: (komnt von linke, etwas übernächtigl.
920 650 1963 842 buten uorgen, meine Herren.
924 784 2121 927 Esblein: Schon da, Herr Doktor?
929 917 2038 1041 Karl Bern: Komm ich zu früh?
937 1017 2640 1208 Eogelmann: Seit amei stanaen probieren wir.
1914 1145 2087 1206 riat.
932 1157 2776 1291 Löblein: Ich habe in meinem Leben keinen Autor
941 1269 2853 1453 gesehen, der sich so wenig für sein Stück interes-
1643 1405 2640 1533 Iulerer hitasses ietel da
934 1427 1630 1587 stert. A G
1664 1427 2909 1584 et e is beesmsti (satee
941 1546 2807 1747 Karl Bern: Ee Interessiert mich schon,ich ffude
934 1655 2569 1851 les pur teglieh sekroster. Sewertet
1046 1803 1179 1892 None
949 1810 2810 2007 gregst. Ider ununterbrochen auf und ab geht übel
946 1946 2686 2128 gelaunt) Warum lassen Sie es dann aufführent
934 2043 2856 2244 Wg wäen wr arne Hande uns danst herunple-
944 2225 1152 2387 er
944 2307 2892 2497 Karl Bernesth, ein anderes wäre auch nicht besser.
956 2436 2768 2630 vielleicht merkt's das Pubiikum Licht. k du
944 2594 2028 2761 Lsblein: Wir wollen hoffen.
961 2720 2489 2878 Ein Theaterarbeiter:stritt zu Lsblein)-
961 2844 2506 3009 Loblein: Was gibt er denn schon wieder?
966 2975 2797 3161 Obgelnann:(zg Karl Derl (und ss tet Eaes wohl
963 3123 2776 3300 auch elelcheiltterterr dottor,deee nen nich so
1296 3254 2247 3385 dteirikee Neu Sohle
