3096 3592
2563 511 2715 648 240
761 606 2684 798 Da konntest vielleicht meinen,ich warfe mich dir
2444 740 2594 827 im
772 787 2758 972 an den Hals. Alles das Ipt-es nicht.) Aber wenn ich
774 909 2792 1061 in dieser Stunde etwar anderes reden solite, ale die
761 1043 2755 1196 reine Wahrheit, dae wäre unwürdig und dumn dazu.Und
761 1190 2763 1356 wenn du in dieser Stunde mein Here zurückwieeest,
753 1309 2794 1509 (das dir doch schen son lange gehört)weil du er noch
774 1446 2810 1593 nie so wenig verdient häet, so bringe ich dir dieser
2102 1559 2278 1641 di
769 1593 2810 1767 Harz doch immer wieder entgegen, weil da er noch nie.
769 1751 1720 1867 so sehr gebraucht: hast.
774 1788 2808 2031 Tscherd: (venr tu Nt eprlchet, Uethilde, so sollte ich
745 1991 2723 2173 ex dgah ale Aer enpfinden und empfinde doch nur
787 2120 2684 2294 Beschamung. Nach einer Buese, nach einer Strafe,
772 2254 2673 2426 nach irgend einer „Gerechtigkeit sehne ioh mich,
766 2373 2858 2555 mehr nach alidem als nach Glück. (gegen dae Thestex
782 2502 2781 2671 zu weisend)(da drin liegt eine die ich geliebt, die
774 2647 2894 2829 ioh gequaht, die ich verlaesen habe und die ich wieder
772 2771 2892 2974 haben wllte.) Auch wenn sie gioh nicht getötet hätte-
785 2887 2858 3074 ex stunde nicht andere)Ich werde ee ja genter nicht
782 3021 2852 3234 tae, ader ich fuhle tiekerfate ich er segen kenn, de
774 3139 2181 3350 ich ein Lase mit mir nachen nuerte.
