3112 3560
798 417 2710 598 wir an die Arbeit denken, auch habe, sie nicht nur
805 533 2676 748 jeye leicht verzeihliche Verlogenheit, die enige-
803 690 2734 858 Eebe schwörtzate den Augenblickseibst zu ver-
805 805 2847 1002 schönen, sie haben auch die Verlogenheit der kleines
819 942 2246 1110 Ausflüchte und der grossen Phresen-
821 1042 2823 1238 Intendant: (scharf) Danke. Diece Art von Probieren
1102 1212 1246 1304 nler
824 1265 1577 1385 ist total wertlos.
821 1288 2802 1564 Osgelmenn: Herr Intendent, es ist unmöglich, während
826 1446 2666 1645 der Tezt noch ni ht(feststeht, währen, der Herr-
826 1595 2758 1755 Regisseur und der Autor imier noch streichen und
1149 1716 1703 1831 wnedt der Bar
834 1692 2944 1907 während Privatunterhaltungen auf der Bühne stattfinde
842 1850 2708 2026 Intendent: (wie oben! Ich denke, Herr Iogelmann-
840 1976 2771 2159 Wir wollen andere Szanen durchprobieren, in denen
845 2086 2807 2283 wir auf Ihre freundliche itwirkung nicht angewte-
1168 2246 1351 2330 zer to
842 2228 2737 2409 sen sind.Ich möchte dach einmal die Hauptezenen
840 2369 2647 2556 hören zwischen Feder und Fannt, Gregor-Roveda.
1729 2487 1918 2587 mtin
853 2495 2705 2684 Ist frauletn Roredasroch inner nicht daf lohne
874 2632 2805 2784 Antwort abzumarten) Herr Löblein, vielleicht brin-
866 2755 2810 2965 gen die die Sischworte. Dder konnte eine der enne-
855 2912 1398 3067 senden danen
879 2975 2750 3240 1rrftrl Beuer ist plötzlich da und meldet stohl
871 3169 2107 3369 Trifel: Pitte derr Intendent.
