3064 3512
405 1717 571 1916 Ret
594 1707 773 1840 Brilt
803 428 2686 697 wird sa nlcht so erg sela mgrt da schon ait in
808 574 2658 806 den Kauf nehmen. (Und vielleicht bedeutet es so-
816 692 2840 919 gar noch ein Refrinement mehr in der Hochzeltshacht
823 821 2774 1055 zu denken, dass sich indess die einst Gellebte, zer
813 957 2684 1191 die treulos Verlassens ungebracht hat - an Ende
826 1150 2029 1317 gar in den Armen eines Andern?
823 1203 2696 1463 Ludnigi Alles konnt vor, Richard, elles, das weiss
1876 1339 2208 1427 Je de tact inta
826 1370 2588 1571 ich von mir her, Richard(Du wirst doch nicht
843 1458 2767 1704 zeifeln, dass ich Entolnette liebe, so sehr liebe.
841 1591 2679 1833 wie man eine Frau nur lieben kann. Und doch in
841 1732 2779 1976 diesen Eugenblick, -wenn ich an Franzi denke -G
1641 1853 2538 1971 deulciniu hn in¬
934 1881 1654 2032 iz debmbgrelentet
1641 1913 2666 2034 sin i Itbel mvrfkit gebda
1138 1974 1508 2092 rrten
858 1986 2724 2241 (Siden hat viel früher von Gradel und Rutte Ab-
861 2122 2878 2344 schied genommen, er kan schon während des Gesprächen
866 2228 2737 2492 Eicherd-Indnig wieder in den Salon zurück,ging
866 2371 2850 2626 ins anstossende Zinner, no Antoinette ihm entgegen-
866 2490 2837 2759 konnt.- In Blick Ficherds sieht ladnig, dass Antol-
861 2716 1523 2898 nette sich nahtl
881 2706 2711 3008 Antornetterstritt hineul Da hebt ihr bach noch
894 2893 2716 3127 tüchtig miteinander ausgeplandert? jetzt ist's
896 3036 2253 3275 oder Sohlusr mit den Geheimnissen.
