2840 3496
2260 368 2399 482 166
449 520 2480 730 Rove-a: Eine Zeltungsente, mein Kind. In acht Tagen
444 705 2339 858 spricht kein Mensch mehr von Fräulein Friesel:
449 817 1604 975 Karl Bern: (komnt von rechts)
452 966 2562 1130 Roveca: AUn fwo stecken, Sie denn.) Poct?(zu Dregulein)
466 1089 2491 1280 Dieser Marn hat wohl ein herrliches Stück geschrle-
460 1258 643 1386 ben.
452 1331 2287 1535 Karl Bern: (verbeugt eich kurzl. (R.ns Na
449 1503 1399 1653 Dregulein: Er geht gut.
460 1634 2614 1802 Roveda: (zu Bernl Und mehr sagst du nicht? Zahxkannxfex
452 1761 2423 1919 xkakkaxdafär (Zu Dregulein) Iu hättest ihn selen
463 1889 2491 2042 sollen,wie er sich auf den Knieen gewälzt hut, damit
460 2034 1604 2175 ich ihm diesen Dr-ckepiele.
466 2134 2573 2322 &regulein: (zu Zern) Tommen je nicht mit auf die Züh-
457 2322 591 2431 ne?
460 2420 2644 2603 Roveda: (zu Bernl Den letzten Akt soll er sich von meit
460 2567 1315 2668 ner Loge aus ansehen.
966 2657 1201 2725 nun
446 2703 2499 2853 Karl Bern: Ich glaube,in der Autorenloge falle ich
457 2840 966 2946 weniger auf.
438 2951 2467 3109 Loveda: Er hält sich für einen Lutor,köstlich.-Ein
