3128 3528
2563 387 2713 484 265
993 492 2704 682 Tregulein: (zu Bern) Es geht gut. (er verab-
1000 663 1993 807 schiedet sich und gehtl.
986 783 2742 926 Karl Bern: Ich möchte doch lieber - - In der
983 895 2343 1052 Autorenloge falleich weniger auf.
974 1024 2895 1174 Roveda: Er hält sich für einen Autor - köstlich!
986 1181 2768 1343 Ein Lusthnabe bist dugkein-Autor, lass dir das
995 1301 1470 1470 gesagt sein.
1007 1420 2832 1532 (Tür Loge Iy öfnet sich. Helene blickt heraus,
997 1584 2040 1661 verschwindet gleich wieder)
981 1668 2825 1840 toveda: 4i sieh doch, man ist wohl eifersüchtig.
974 1814 2880 1950 Nun, ich will deinem Glück nicht im Wege stehen-
988 1954 2763 2095 geh nur, zu deinem Bräutchen. Auf morgen alsol
986 2076 2880 2238 (nimnt ihn beim Kopf) Was bist du für ein süsser
974 2203 2704 2350 Kerl;wenndu auch noch Talent hättest - -(sie
1444 2298 2415 2460 wur ich diesen her teiste
976 2343 1382 2489 küest ihn
988 2463 2775 2565 (In. diesem Augenblick öfinet Helene die Lggen-
986 2608 2825 2718 tür,steht starr,die beiden Frauen sehen einan-
976 2737 1482 2832 der ins Auge)
971 2866 2794 3014 Roveda: Ja, Fräulein, das komnt vor. Auf Wieder-
964 3002 2467 3162 sehen, Herr sern. (zurück in ihre Zogel
