3144 3512
2542 399 2693 507 160
705 568 2165 734 Zege auf den Ganz, reden mit Frickel
705 671 2701 882 Futte: lehrigene die Heue iet auegezeichnet. Und so
1544 784 1819 900 Millit
710 863 1257 990 schöne Augen.
2569 842 2883 977 d lint.
708 942 2825 1135 Mathilde: (zu Richard) War tet di „,Richard?..Aue
734 1077 2672 1278 Tchard: Wiesg? Ha- denn? (sie treten beide weiter
729 1243 1217 1362 nach rechts)
723 1344 1896 1526 Kathilde: ig hist du, Richard?
723 1457 2806 1616 Richard: Inmer bekömme ich Lopfschmerzen in Theater.
1143 1589 1478 1671 undel e
729 1581 2740 1785 Mathilde: Es ist noch Zeit,Richard. Wir sind nicht
1932 1719 2397 1866 (Gehrrnn.
744 1782 1090 1901 verloht.
2455 1819 2809 1954 i jet von
747 1835 2450 2038 Eichard: War sagst du dazlsprechenmeiter)
750 2006 2719 2167 Frau Veith: (zu Fricke) Ich bin jaeo froh. (Blisk
2088 2070 2627 2212 sdent wohl.
1853 2109 2043 2181 dee
1795 2157 2537 2255 wollle ns |
758 2141 1766 2284 auf Tichard und Mathilde)
758 2273 2809 2402 Fricke: Das darf ich von mir wahrhaftig auch sagen.
795 2389 1133 2458 r. Veith:
752 2394 2875 2540 Ahde: Jetzt kann ich'’'e ja sagen. Von ihrem zehn-
766 2511 2883 2688 ten Jahr an hat sie ihn geliebt. Ach, mir war manchmal
758 2698 1510 2812 recht bang um sie.
766 2780 2273 2922 Fricke: Nun wird in alles gut werden.
779 2909 2775 3097 Mathilde: (zu Hichard) Iu bist anderewo, ganz wo an-
776 3041 2785 3231 dere (Lächle doch. Sie sehen zu uns her.. feuch
813 3176 1618 3374 ihn A. Lect. i
