<?xml version="1.0" encoding="UTF-8" standalone="yes"?>
<PcGts xmlns="http://schema.primaresearch.org/PAGE/gts/pagecontent/2013-07-15" xmlns:xsi="http://www.w3.org/2001/XMLSchema-instance" xsi:schemaLocation="http://schema.primaresearch.org/PAGE/gts/pagecontent/2013-07-15 http://schema.primaresearch.org/PAGE/gts/pagecontent/2013-07-15/pagecontent.xsd">
    <Metadata>
        <Creator>prov=READ-COOP:name=PyLaia@TranskribusPlatform:version=2.7.0:model_id=50870:lm=none:date=22_01_2024_15:39</Creator>
        <Created>2023-09-27T14:32:17.708+02:00</Created>
        <LastChange>2024-01-22T15:39:31.926+01:00</LastChange>
        <TranskribusMetadata docId="1589027" pageId="60121874" pageNr="43" tsid="145620660" status="IN_PROGRESS" userId="40391" imgUrl="https://files.transkribus.eu/Get?id=YGZWIQATXWFVXAXHEYAWNZGZ&amp;fileType=view" xmlUrl="https://files.transkribus.eu/Get?id=XQSMOWAUWXKCJMSOHMARAVAO" imageId="48546953"/>
    </Metadata>
    <Page imageFilename="1589027_0043.jpg" imageWidth="3048" imageHeight="3480">
        <ReadingOrder>
            <OrderedGroup id="ro_1711795881734" caption="Regions reading order">
                <RegionRefIndexed index="0" regionRef="tr_1"/>
            </OrderedGroup>
        </ReadingOrder>
        <TextRegion orientation="0.0" id="tr_1" custom="readingOrder {index:0;}">
            <Coords points="811,359 811,3275 2829,3275 2829,359"/>
            <TextLine id="tr_1_tl_1" custom="readingOrder {index:0;}">
                <Coords points="1168,438 1382,421 1485,465 1524,441 1659,460 1688,433 1733,453 1791,426 1919,431 1878,385 1782,404 1567,356 1411,395 1300,327 1165,368"/>
                <Baseline points="1178,408 1215,410 1252,411 1290,412 1327,416 1364,420 1402,423 1439,421 1476,420 1514,424 1551,429 1588,429 1626,429 1663,429 1700,427 1738,426 1775,425 1812,423 1850,423 1887,421 1925,420"/>
                <TextEquiv>
                    <Unicode>Kohlen scheine</Unicode>
                </TextEquiv>
            </TextLine>
            <TextLine id="tr_1_tl_2" custom="readingOrder {index:1;}">
                <Coords points="802,566 1341,592 1493,539 1849,525 2550,566 2655,515 2655,433 1952,484 1514,443 1242,486 1093,433 973,484 804,469"/>
                <Baseline points="814,528 906,534 998,537 1091,534 1183,534 1276,537 1368,531 1460,528 1553,530 1645,528 1738,526 1830,525 1922,525 2015,523 2107,522 2200,520 2292,522 2384,520 2477,514 2569,516 2662,513"/>
                <TextEquiv>
                    <Unicode>Ludwig:) Aee, ich denke dir nochmals sehr . Und</Unicode>
                </TextEquiv>
            </TextLine>
            <TextLine id="tr_1_tl_3" custom="readingOrder {index:2;}">
                <Coords points="804,713 1445,717 1656,664 2470,708 2615,667 2607,530 2203,607 1738,587 1654,619 1211,571 980,621 807,573"/>
                <Baseline points="817,659 907,662 997,661 1087,660 1178,662 1268,660 1358,659 1449,659 1539,656 1629,659 1720,657 1810,653 1900,653 1990,653 2081,653 2171,653 2261,650 2352,650 2442,647 2532,647 2623,635"/>
                <TextEquiv>
                    <Unicode>dass du mir indess nicht alle meine Patienten</Unicode>
                </TextEquiv>
            </TextLine>
            <TextLine id="tr_1_tl_4" custom="readingOrder {index:3;}">
                <Coords points="809,831 843,816 927,843 1009,823 1088,845 1172,823 1199,845 1249,843 1312,802 1314,720 1276,705 1211,722 1156,701 1035,725 1004,705 961,725 881,698 811,710"/>
                <Baseline points="823,796 849,794 875,793 901,793 927,792 953,791 979,790 1005,790 1031,790 1057,790 1084,788 1110,788 1136,790 1162,790 1188,790 1214,790 1240,789 1266,788 1292,783 1319,778"/>
                <TextEquiv>
                    <Unicode>gesund machst</Unicode>
                </TextEquiv>
            </TextLine>
            <TextLine id="tr_1_tl_5" custom="readingOrder {index:4;}">
                <Coords points="1266,876 2646,826 2824,886 2824,749 2253,751 2128,799 1938,792 1827,734 1266,814"/>
                <Baseline points="1280,850 1357,841 1434,841 1512,838 1589,838 1667,838 1744,833 1822,829 1899,832 1977,835 2054,839 2131,833 2209,831 2286,826 2364,821 2441,823 2519,817 2596,819 2674,825 2751,837 2829,844"/>
                <TextEquiv>
                    <Unicode>aranten zu abernatere tinich nihte de des</Unicode>
                </TextEquiv>
            </TextLine>
            <TextLine id="tr_1_tl_6" custom="readingOrder {index:5;}">
                <Coords points="804,949 1204,977 1295,922 1897,944 2102,910 2359,920 2554,982 2554,872 2444,831 2164,869 1420,850 1310,900 1189,838 1023,867 804,819"/>
                <Baseline points="817,910 904,916 991,919 1078,919 1165,916 1252,917 1339,916 1427,917 1514,914 1601,914 1688,913 1775,913 1862,913 1949,910 2037,907 2124,910 2211,907 2298,907 2385,904 2472,904 2560,901"/>
                <TextEquiv>
                    <Unicode>Richard: (Das kann ich dir nicht versprechen.)</Unicode>
                </TextEquiv>
            </TextLine>
            <TextLine id="tr_1_tl_7" custom="readingOrder {index:6;}">
                <Coords points="799,1095 1348,1117 1618,1040 2547,1052 2547,982 2299,951 2114,999 1153,965 1040,1002 802,963"/>
                <Baseline points="814,1044 901,1050 988,1047 1075,1047 1162,1044 1249,1044 1336,1043 1423,1044 1510,1041 1597,1039 1684,1039 1771,1038 1858,1038 1945,1038 2032,1038 2119,1039 2206,1037 2293,1034 2380,1032 2467,1029 2554,1029"/>
                <TextEquiv>
                    <Unicode>Eso, auf Niedersehen und nochmals ailes Gute</Unicode>
                </TextEquiv>
            </TextLine>
            <TextLine id="tr_1_tl_8" custom="readingOrder {index:7;}">
                <Coords points="804,1182 1057,1245 1168,1240 1249,1192 1317,1235 1685,1245 1685,1107 1652,1095 1387,1129 1216,1095 804,1100"/>
                <Baseline points="817,1163 860,1169 904,1172 948,1172 992,1172 1035,1172 1079,1175 1123,1175 1167,1175 1210,1177 1254,1178 1298,1176 1342,1173 1385,1172 1429,1172 1473,1172 1517,1170 1560,1169 1604,1171 1648,1172 1692,1172"/>
                <TextEquiv>
                    <Unicode>kuch Beiden. (rasch abl</Unicode>
                </TextEquiv>
            </TextLine>
            <TextLine id="tr_1_tl_9" custom="readingOrder {index:8;}">
                <Coords points="802,1322 1050,1375 1348,1346 2398,1404 2564,1346 2564,1175 1825,1175 1656,1252 802,1237"/>
                <Baseline points="814,1304 901,1302 989,1303 1077,1303 1165,1304 1252,1306 1340,1304 1428,1303 1516,1303 1603,1298 1691,1298 1779,1300 1867,1295 1954,1295 2042,1295 2130,1292 2218,1292 2305,1292 2393,1292 2481,1289 2569,1292"/>
                <TextEquiv>
                    <Unicode>Aanr Ladizgi (za Antofnette mit wirklicher</Unicode>
                </TextEquiv>
            </TextLine>
            <TextLine id="tr_1_tl_10" custom="readingOrder {index:9;}">
                <Coords points="807,1478 876,1507 975,1473 1156,1502 1336,1461 1488,1493 1690,1440 1690,1372 1606,1353 807,1372"/>
                <Baseline points="820,1438 863,1435 907,1435 951,1435 995,1435 1038,1435 1082,1434 1126,1432 1170,1432 1213,1432 1257,1432 1301,1431 1345,1430 1388,1432 1432,1432 1476,1432 1520,1429 1563,1426 1607,1426 1651,1426 1695,1423"/>
                <TextEquiv>
                    <Unicode>Färtlichkeitl Endlicht</Unicode>
                </TextEquiv>
            </TextLine>
            <TextLine id="tr_1_tl_11" custom="readingOrder {index:10;}">
                <Coords points="819,1618 2475,1606 2651,1582 2653,1452 2309,1502 821,1485"/>
                <Baseline points="832,1554 923,1559 1014,1563 1105,1561 1196,1563 1288,1560 1379,1563 1470,1558 1561,1555 1652,1554 1744,1552 1835,1554 1926,1554 2017,1552 2108,1554 2200,1554 2291,1551 2382,1548 2473,1546 2564,1546 2656,1546"/>
                <TextEquiv>
                    <Unicode>Eidon: (hat Richard das Geleite gegeben, zurückl</Unicode>
                </TextEquiv>
            </TextLine>
            <TextLine id="tr_1_tl_12" custom="readingOrder {index:11;}">
                <Coords points="819,1743 1163,1702 1365,1736 1538,1692 2733,1714 2733,1625 2552,1594 2167,1637 1784,1596 1517,1644 821,1618"/>
                <Baseline points="835,1695 930,1695 1025,1693 1120,1692 1215,1692 1311,1689 1406,1688 1501,1686 1596,1685 1691,1685 1787,1681 1882,1680 1977,1683 2072,1680 2167,1680 2263,1679 2358,1677 2453,1674 2548,1674 2643,1674 2739,1674"/>
                <TextEquiv>
                    <Unicode>Es ist alles hinuntergeschafft, sich glaube), Kinder.</Unicode>
                </TextEquiv>
            </TextLine>
            <TextLine id="tr_1_tl_13" custom="readingOrder {index:12;}">
                <Coords points="1481,1772 1676,1765 1786,1738 1835,1762 1890,1738 1967,1777 1969,1717 1904,1717 1871,1692 1842,1707 1820,1688 1757,1721 1654,1721 1618,1695 1596,1712 1541,1692 1483,1709"/>
                <Baseline points="1495,1757 1520,1752 1545,1750 1570,1748 1595,1746 1620,1745 1645,1745 1670,1744 1695,1743 1720,1741 1746,1740 1771,1738 1796,1737 1821,1735 1846,1735 1871,1736 1896,1738 1921,1740 1946,1742 1972,1745"/>
                <TextEquiv>
                    <Unicode>de sin werlel mih</Unicode>
                </TextEquiv>
            </TextLine>
            <TextLine id="tr_1_tl_14" custom="readingOrder {index:13;}">
                <Coords points="816,1883 951,1830 1110,1866 1230,1830 1307,1873 1608,1827 1709,1880 1998,1815 2590,1866 2571,1719 2511,1753 2297,1757 2241,1717 2133,1765 1794,1736 1560,1777 1382,1724 1098,1786 819,1777"/>
                <Baseline points="832,1826 920,1823 1008,1826 1096,1822 1184,1823 1273,1819 1361,1817 1449,1819 1537,1820 1625,1817 1714,1814 1802,1814 1890,1816 1978,1813 2066,1808 2155,1808 2243,1808 2331,1808 2419,1805 2507,1805 2596,1805"/>
                <TextEquiv>
                    <Unicode>es ist wirklich höeiste Zeit.(er umarmt seine</Unicode>
                </TextEquiv>
            </TextLine>
            <TextLine id="tr_1_tl_15" custom="readingOrder {index:14;}">
                <Coords points="809,1984 1054,2013 1348,1948 1399,1984 1464,1945 2186,1960 2167,1856 811,1885"/>
                <Baseline points="823,1951 891,1951 960,1951 1028,1954 1097,1951 1165,1951 1234,1949 1302,1948 1371,1947 1439,1947 1508,1944 1576,1942 1645,1942 1713,1942 1782,1942 1850,1940 1919,1936 1987,1936 2056,1936 2124,1937 2193,1933"/>
                <TextEquiv>
                    <Unicode>Tochter, dann auf Ludwig zu) Kinderl</Unicode>
                </TextEquiv>
            </TextLine>
            <TextLine id="tr_1_tl_16" custom="readingOrder {index:15;}">
                <Coords points="2181,2022 2342,2013 2439,1969 2482,1984 2547,1965 2615,1991 2759,1974 2759,1904 2636,1924 2552,1900 2439,1907 2386,1945 2290,1931 2261,1902 2184,1904"/>
                <Baseline points="2196,1957 2224,1959 2252,1961 2281,1963 2309,1965 2337,1966 2366,1966 2394,1966 2422,1966 2451,1964 2479,1962 2507,1960 2536,1958 2564,1958 2592,1960 2621,1960 2649,1960 2677,1958 2706,1957 2734,1957 2763,1960"/>
                <TextEquiv>
                    <Unicode>liuteem</Unicode>
                </TextEquiv>
            </TextLine>
            <TextLine id="tr_1_tl_17" custom="readingOrder {index:16;}">
                <Coords points="1464,2013 1630,2020 1659,1996 1957,2013 2056,1991 2058,1938 1714,1965 1543,1943 1464,1979"/>
                <Baseline points="1477,1996 1506,1999 1535,2002 1565,1999 1594,2000 1624,2001 1653,1997 1682,1991 1712,1984 1741,1986 1771,1988 1800,1990 1829,1988 1859,1988 1888,1990 1918,1990 1947,1989 1976,1987 2006,1987 2035,1986 2065,1984"/>
                <TextEquiv>
                    <Unicode>Reht mahr Hite</Unicode>
                </TextEquiv>
            </TextLine>
            <TextLine id="tr_1_tl_18" custom="readingOrder {index:17;}">
                <Coords points="811,2114 912,2150 1307,2143 1497,2135 1582,2087 1957,2082 2054,2123 2167,2080 2564,2111 2745,2070 2742,2013 2511,1974 2232,2027 2030,1993 814,2017"/>
                <Baseline points="826,2080 922,2080 1018,2081 1114,2080 1211,2078 1307,2077 1403,2074 1499,2077 1596,2075 1692,2074 1788,2074 1884,2070 1981,2071 2077,2071 2173,2068 2269,2066 2366,2063 2462,2065 2558,2065 2654,2063 2751,2056"/>
                <TextEquiv>
                    <Unicode>Atolnetrei hot schon bet Rach eine se herr-</Unicode>
                </TextEquiv>
            </TextLine>
            <TextLine id="tr_1_tl_19" custom="readingOrder {index:18;}">
                <Coords points="1851,2200 2008,2227 2051,2196 2104,2188 2270,2198 2270,2109 2126,2152 1957,2082 1851,2095"/>
                <Baseline points="1865,2190 1890,2187 1916,2187 1941,2185 1967,2184 1992,2184 2018,2184 2043,2184 2069,2185 2095,2187 2120,2187 2146,2187 2171,2185 2197,2184 2222,2184 2248,2185 2274,2187"/>
                <TextEquiv>
                    <Unicode>tel wie</Unicode>
                </TextEquiv>
            </TextLine>
            <TextLine id="tr_1_tl_20" custom="readingOrder {index:19;}">
                <Coords points="809,2215 912,2253 1153,2217 1396,2258 1481,2215 1668,2215 1671,2138 1601,2107 1033,2164 811,2109"/>
                <Baseline points="823,2214 865,2217 908,2214 950,2216 993,2217 1035,2215 1078,2212 1120,2211 1163,2211 1205,2209 1248,2209 1291,2211 1333,2211 1376,2210 1418,2208 1461,2207 1503,2206 1546,2208 1588,2205 1631,2205 1674,2211"/>
                <TextEquiv>
                    <Unicode>Iche getattet, Vater.</Unicode>
                </TextEquiv>
            </TextLine>
            <TextLine id="tr_1_tl_21" custom="readingOrder {index:20;}">
                <Coords points="852,2393 961,2415 1230,2345 1620,2415 2051,2340 2164,2374 2318,2328 2665,2338 2665,2249 2547,2237 1782,2297 1594,2241 1307,2299 855,2268"/>
                <Baseline points="868,2336 958,2340 1048,2339 1138,2339 1228,2339 1318,2335 1408,2333 1499,2335 1589,2336 1679,2333 1769,2333 1859,2330 1949,2330 2039,2330 2130,2327 2220,2327 2310,2327 2400,2324 2490,2324 2580,2321 2671,2319"/>
                <TextEquiv>
                    <Unicode>idgni Sehan verbet) Und regelmässig schreiben!</Unicode>
                </TextEquiv>
            </TextLine>
            <TextLine id="tr_1_tl_22" custom="readingOrder {index:21;}">
                <Coords points="797,2513 1286,2482 1565,2540 1668,2473 2239,2477 2241,2393 2150,2359 1731,2424 1384,2374 1259,2420 1095,2381 797,2400"/>
                <Baseline points="811,2477 882,2474 954,2473 1025,2471 1097,2474 1169,2471 1240,2471 1312,2469 1384,2466 1455,2467 1527,2465 1599,2464 1670,2462 1742,2462 1814,2462 1885,2459 1957,2460 2029,2456 2100,2458 2172,2459 2244,2459"/>
                <TextEquiv>
                    <Unicode>keinetwegen nur Karten, aber täglich-</Unicode>
                </TextEquiv>
            </TextLine>
            <TextLine id="tr_1_tl_23" custom="readingOrder {index:22;}">
                <Coords points="826,2653 973,2607 1654,2627 2123,2590 2265,2624 2403,2586 2451,2622 2557,2583 2655,2617 2655,2523 2297,2485 2191,2533 2063,2492 1878,2545 1644,2513 1172,2545 1083,2506 826,2545"/>
                <Baseline points="838,2602 929,2602 1020,2602 1111,2599 1202,2598 1294,2591 1385,2593 1476,2593 1567,2593 1658,2592 1750,2593 1841,2588 1932,2587 2023,2587 2114,2584 2206,2582 2297,2581 2388,2581 2479,2581 2570,2581 2662,2581"/>
                <TextEquiv>
                    <Unicode>(Zudwig und Antoinette ab. Sidon bleibt allein</Unicode>
                </TextEquiv>
            </TextLine>
            <TextLine id="tr_1_tl_24" custom="readingOrder {index:23;}">
                <Coords points="819,2752 1086,2788 1774,2723 2066,2773 2557,2733 2557,2670 2456,2629 1798,2684 1615,2598 1312,2634 961,2610 819,2651"/>
                <Baseline points="832,2736 918,2735 1005,2733 1091,2727 1178,2730 1264,2727 1351,2724 1437,2724 1524,2724 1610,2719 1697,2721 1784,2723 1870,2719 1957,2718 2043,2717 2130,2717 2216,2712 2303,2712 2389,2712 2476,2715 2563,2724"/>
                <TextEquiv>
                    <Unicode>zuruck, bleibt Eine, Weile stehen, zun Penster.</Unicode>
                </TextEquiv>
            </TextLine>
            <TextLine id="tr_1_tl_25" custom="readingOrder {index:24;}">
                <Coords points="821,2863 1319,2896 1924,2850 2668,2872 2668,2773 2624,2752 2545,2790 2092,2759 1305,2814 1209,2759 821,2785"/>
                <Baseline points="835,2862 931,2862 1028,2858 1125,2858 1222,2856 1318,2856 1415,2856 1512,2853 1609,2850 1706,2850 1802,2848 1899,2847 1996,2847 2093,2844 2190,2842 2286,2843 2383,2841 2480,2842 2577,2841 2674,2832"/>
                <TextEquiv>
                    <Unicode>sieht hinaus, winkt nicht, verbirgt sich eher, zu-</Unicode>
                </TextEquiv>
            </TextLine>
            <TextLine id="tr_1_tl_26" custom="readingOrder {index:25;}">
                <Coords points="816,3017 2473,2973 2692,3002 2694,2920 2417,2858 2316,2911 1960,2858 1589,2928 1363,2920 1249,2867 1180,2923 819,2908"/>
                <Baseline points="829,2996 922,2990 1015,2990 1108,2987 1202,2984 1295,2984 1388,2984 1482,2981 1575,2981 1668,2978 1762,2978 1855,2975 1948,2973 2041,2972 2135,2970 2228,2972 2321,2972 2415,2967 2508,2969 2601,2974 2695,2975"/>
                <TextEquiv>
                    <Unicode>ruck ins Zimmer. Der Diener beim Buftet Ordnung</Unicode>
                </TextEquiv>
            </TextLine>
            <TextLine id="tr_1_tl_27" custom="readingOrder {index:26;}">
                <Coords points="819,3154 1413,3125 1599,3190 1748,3144 2350,3200 2564,3149 2566,3031 1832,3065 1649,3019 1404,3065 1134,3017 1026,3060 821,3007"/>
                <Baseline points="832,3121 918,3118 1005,3118 1092,3118 1179,3118 1266,3115 1353,3112 1439,3112 1526,3110 1613,3109 1700,3111 1787,3112 1874,3111 1961,3108 2047,3106 2134,3103 2221,3101 2308,3103 2395,3103 2482,3100 2569,3097"/>
                <TextEquiv>
                    <Unicode>nechend. Sidon unschlüssig,er trinkt noch ein</Unicode>
                </TextEquiv>
            </TextLine>
            <TextLine id="tr_1_tl_28" custom="readingOrder {index:27;}">
                <Coords points="814,3313 922,3265 953,3284 1057,3253 1107,3293 1281,3303 1348,3269 1497,3269 1497,3147 1379,3195 1057,3178 985,3147 814,3195"/>
                <Baseline points="826,3250 859,3247 893,3248 927,3250 961,3247 995,3247 1029,3247 1063,3247 1097,3244 1131,3246 1165,3246 1198,3244 1232,3244 1266,3244 1300,3245 1334,3247 1368,3247 1402,3247 1436,3247 1470,3246 1504,3244"/>
                <TextEquiv>
                    <Unicode>dias Chanpagner.1</Unicode>
                </TextEquiv>
            </TextLine>
            <TextEquiv>
                <Unicode></Unicode>
            </TextEquiv>
        </TextRegion>
    </Page>
</PcGts>
