3064 3592
2493 513 2645 653 194
750 638 2706 793 Urteil. Eber dividieren kann er auch nicht. (wei-
767 793 1421 900 ter nach rechte)
773 922 2765 1029 tregulein:(tritt zu Karl Jern) Den Fedor hätte ich
755 1047 2432 1194 spielen eeffen. Wenn ich die sigur/ hatt.
757 1179 2717 1352 Krl Bern: Der Baron hat da früher in seiner Ein-
773 1309 2610 1438 falt etwas ganz lernünftiger gesagt. Die Fanni
767 1454 2806 1593 dürfte gar nicht in Ohnmacht fallen. Sie müeste dem
767 1558 2806 1728 Fedor irgend etw-s (Groscartiges) ins Gesicht schleu-
765 1713 2295 1870 dern. Sie müeste die siegerin bleiben.
775 1837 2762 1987 vregulein: Reden Sie nichte. Der Äkt ist von einem
775 1972 1492 2117 Dichter. Grad der.
770 2074 2803 2236 Inspizient: (zu den Schauspielern, die noch rückwärts
767 2226 2508 2356 stehen) Jetzt was reden bitte,nicht zu laut.
775 2358 1484 2506 tEiniges Gemurmel)
767 2490 2114 2658 Ins pizient: So, jetzt genug. Still!
770 2615 2643 2734 (Jetzt hört man von der Ezene her lorte aus dem
773 2762 1654 2849 Gespräch: Fedor-Fanni)
765 2882 2676 3055 Gregor: (als Fedor) Nun und am Ende der Welt biet
762 3011 2610 3164 au dann eine Andere? Eibt er dann keinen mehr
750 3144 2633 3329 der sich erinnern darf? Ee ist am Ende der Welt
