3096 3512
423 568 656 703 Fr. Vor.
395 666 701 808 bez necht
1151 313 1599 506 Marl de den
793 423 2720 671 Richerd: Gar keine Lust auf eine grössere Roller
741 593 1644 748 RGar nicht, ehrgelzigt-
803 698 2603 876 Franzl:Nein, nicht mehr.(setzt sich auf seinen
1156 831 1677 926 3es e e con ret
803 833 2738 981 Schoss) Jetzt ist mir alles vollkommen gleichgül-
813 958 2655 1119 tig Kunst und Ruhm, alles - ausser dir. (seinen
808 1134 1859 1289 Kopf zwischen den Händänl
1446 1214 1614 1299 den
823 1221 2815 1399 Kichard: lenen Blick abgewendet) Das wird wohl
826 1404 2147 1517 auch wieder einmal anders werden.
816 1456 2828 1672 Franzi: Ich kann mir’7 nicht denken (dass es einmal
1401 1604 1632 1689 wele
828 1664 1687 1782 anders werden könnte.
826 1727 2745 1907 Richard: Man kann sich gar manche- nicht denken.
838 1879 2730 2025 Franzi: (wird aufmerksam, blickt ihn an) Was hast
843 2060 1296 2182 du, Richard?
846 2112 2788 2280 (Es klopft.Baronin tritt ein mit Tischtuch u.s. w.
853 2265 2805 2420 Baronin: C’est permif? (Sie macht sich bereit den
853 2432 1507 2555 Tisch zu decken).
856 2510 2670 2733 Franzl: Zekmunder je vous siderais madane la
856 2725 1196 2833 Baronne.
856 2765 2072 2935 Baronin: Ne vous derangez pas.
871 2925 2110 3073 (Franzi und Baronin decken auf)
853 3023 2800 3261 Richerdi (un stwas zu sagen, sitzt nochl Sie haben
