3064 3608
2254 473 2411 575 193
781 638 2729 814 John: No ist das Daffet?, Wo bleibt der Realiemus?
776 783 2658 921 Baroh: (zum Inspizienten) lassen Sie den Vorhang
771 916 2719 1094 nach Schluer nicht so geschwind wieder aufziehen.
776 1053 2615 1203 Das verstimmt die Leute. Warten! Dann, wenn der
827 1178 2684 1325 pplaue stirker wird, alle Dareteller auf einmal.
786 1320 2732 1427 beim zwelten Mal -(zu Karl Bern)Sie,Herr loktor.
799 1452 2732 1623 (auf die Jähne lauschend) Kein iort vereteht man.
738 1580 2249 1707 (Hatien Sie mir gefolgt, Herr iekter..
789 1697 2658 1824 Karl Bern: Die Pachen mues sie ja leise sagen.
1239 1798 2050 1877 Men ma ve naft pilet
796 1839 2783 1989 Baron: Da hätten Sie sie ja gar nicht zu schreiben.
1272 1936 1704 2022 sit jet emn t
794 1971 2704 2091 brauchen.Den Schlues werde ich mir von oben an-
778 2091 2765 2223 sehen. (zu Löhlein) Retten ie;was noch zu retten.
801 2231 2200 2368 ist. (ab ohne Karl Bern zu grüssen)
791 2350 2737 2534 Karl Bern:(zu Lgblein) Ich scheine ja einigerinas-
801 2501 2088 2625 sen in Ungnade gefallen zu sein.
799 2605 2831 2724 Lsblein: Machen Sie sich nichte draus. Das wechselt
801 2763 2684 2892 beim Baron.Ee kommt ganz darauf an,wem er jetzt
801 2869 2640 3027 begegnen wird, was morgen in der Zeitung steht,
799 2997 2839 3154 wieviel morgen in der Kasra ist. Das zuxemmen durch
796 3147 2679 3330 Drei dividiert, das ist dann sein künetlerieches
