3096 3480
2444 295 2578 443 47
765 397 2650 636 Bühne deer Darch des Fenster rechts fellt lieff.
783 577 2774 746 von gegenüberliegender Straesenlaterne, und von den
1355 671 1652 754 weteren
767 716 2629 864 dichtfallenden een Sohnee. Die Kuokuckeuhr
775 813 1290 1001 schlagt nenn.
767 944 2798 1081 kahrend der letzten Schiage tritt die Baropin Duma-
759 1105 2723 1196 nolein, ältere stattlich aussehende Dame, in ein-
767 1196 2739 1344 fechem bequenen, aber ordentlichem Hauskleld- Schal-
765 1314 2514 1489 tef das ticht etn. Rescheldene Dckenlempe.
770 1489 2701 1669 Bald nacl Ihr das Dienstmädchen Lent; zum Alkoren.
773 1615 2642 1805 srecht znel Kerzen da die auf den Nachthebboten
756 1741 1652 1888 verindischen Zgughter.
740 1843 2865 2025 Baroninlzum Fapeter, spricht mit franzdeischen Su, s
756 1982 2908 2184 Arent, in Soall, ohne Sohürfel: wieder kenen die hine
743 2135 2685 2304 vergessen herunterzulassen. (lägst die Rouletten
746 2259 1119 2422 beranterl
791 2366 2680 2505 Lentilzum Fenster, als wollte sie der Baronin be-
743 2508 1331 2688 würichsefel
740 2621 2704 2784 Barenin: Pest Eeyt. Richten Sie draussen her wie
743 2744 2586 2951 gerohulichsschuereln, Feller samit sie) glesct
738 2897 2540 3088 holen kennen( ene den Restetrant(tmur Konnodel
735 3061 2669 3238 der pesser Iet nicht mehr frisoh.freicht fhr den
