3096 3464
309 882 465 1006 Ber
320 1084 613 1253 Ueilk
312 1218 538 1361 en Ire
341 1312 621 1487 Nachsecht
2425 282 2589 398 132
1441 307 2052 508 Heur Karteden.
653 403 2581 586 besondere Ehre sein, wenn ie der Première meines
621 557 1982 713 Stückes beiwohnen, wirden mollte
656 672 2557 877 Dr. Fricke: (Es war in jedem Falt ungere Abeicht,
672 774 2552 965 öbwohl ich, swie Sie ja wissen, kein Schwärmer für
1839 890 2624 1038 Ich der lest  aune ah
675 938 2167 1124 die moderne Literarur bin.) hetr.
672 1024 2681 1223 (Karl Sern: xxIXXXETE ic auch
678 1202 2576 1363 nicht. Und ich stelle es Ihnen vollkommen frei,
680 1301 2619 1492 Herr Doktor, Ihrem eventuellen Missfallen -uf die
686 1447 2646 1640 übliche Weise Ausdruck zu geben. Nicht unmöglich,
683 1568 2665 1753 dass ich mich - allerdinge lautlos - daran beteir
1092 1705 1613 1834 sch seste sehr
691 1734 987 1893 118e.)
691 1834 2702 2027 Dr. Fricke: (amüsiert) Marum lassen Sies dann auffüh
696 2022 879 2132 ren?
1767 2003 2326 2154 ernielwar beleber
699 2070 2786 2264 Karl Bern: Es bleibt imer anüeant ein eigenes Stüch
699 2234 2734 2393 zu sehen, auch wenn man es selbet schon längst über-
1629 2358 2640 2549 isr fo unmahseh mite
707 2374 1178 2522 wunden hat.)
702 2487 2807 2651 Helene: Kein Autor urtellt so streng über seine eige-
713 2619 1818 2786 nen Werke als pfe Herr bern,
1758 2694 1939 2804 ken
702 2737 2769 2901 Dr. Fricke: Ob diese Strenge nicht vielleicht -ste
718 2864 2877 3062 verzelhen, Herr dern, -xteht eine besondere reftinter-
