3128 3528
2568 396 2704 504 266
836 509 2384 649 Helene: (in ihre Loge,schliesst die Für-
827 696 1968 841 Karld sern: (steht unschlüssig.
836 777 2716 903 tichard: (komnt von links,will in seine Loge) Oh.
827 940 2637 1077 Herr Bern, ich gratuliere von Herzen. Ee geht
836 1075 1528 1230 auverordentlich.
831 1196 1587 1336 Karl Bern: Zu früh.
824 1304 2305 1501 Richard: Ee geht ja ausserordentlich.
827 1459 2620 1611 Karl Bern: Was sagen Sie übrigens zu Fraulein-
822 1604 1144 1727 Frierdi?
827 1722 1906 1852 Richard: Ich finde sie gut.
814 1865 2644 2017 Karl Bern: Ueber alle Erwartung. Ihr Brief hat
824 2005 1429 2150 wunder gewirkt.
2138 2044 2672 2202 diegelert
812 2143 1601 2263 Richerd: Hein Brief
1609 2170 2804 2266 Nac ihut ps, cilie tfart i
1988 2246 2684 2386 fde erselat in ien
809 2271 1916 2398 Karl Bern. (10 Ist vottoIt.
1998 2322 2246 2443 teben
812 2381 1924 2529 Richard: Von mir denfen Sie?
817 2480 2792 2640 Karl Berk: Sie sollgn das nicht persönlich nehmen.
1847 2610 1993 2689 7 d
800 2625 2758 2792 Das Wesentliche isf, dass ein Druck- von ihr genom-
1156 2740 2300 2822 de rpdiet e sendere i ihrm vanl
800 2775 2748 2915 men ist. Jetzt exgt wird sie werden,was sie ist!-
2534 2873 2718 2954 seht
797 2905 2679 3060 wäre es noch möglsich o würde ich ihr nochsein
797 3031 2758 3181 anderes Schlusswart geben,din sieghafteres, groften
797 3146 2689 3358 freier. Auf Wiedersellen! Ee hat schon begonnen.
