3144 3544
2510 529 2676 641 115
771 667 1609 827 Die Fanni spiel ich.
776 797 2602 976 Mutter: Kanni oder Emmi, das wird kein groeser
784 947 1489 1090 Unterschied sein.
787 1006 2837 1223 Franzi: Is schon ein Unterschied, Mutter. Die Fanni,
792 1144 2651 1343 die ist nämlict die Hauptrolle-Die Koreda ist
789 1318 1399 1474 krank geworden.
779 1402 2406 1599 Mutter: Und wenn sie wieder gesund wird?
792 1512 2766 1744 Franzl: Vae hilft ihr jetzt nichte. Sie iet schen
789 1698 2771 1887 so gut wie entlassen.) Heut hab ich schon an ihrer
794 1839 2600 2020 Stelle probiert. No, was saget du Mutter, haet
2242 1951 2390 2023 Oe
797 1969 1793 2115 du denn gar keine Freude?
2242 2000 2704 2130 sh hat culer
792 2063 2758 2268 Kutteri Ich trau mich nicht rechte(man verlernt's
2298 2178 2584 2278 reut
787 2206 2799 2398 mit der Zeit sich auf was freuen.) Zelisralun
1147 2337 1348 2411 1Nes
804 2362 2694 2533 Franzi: Weiset du, was der Autor gesagt hat, Mut-
807 2454 2722 2653 ter? "Ihnen wird man die kanni glauben, kräulein.
794 2574 2735 2784 Die Roveda kann vielleicht mehr als Sie, aber Sie
810 2715 2574 2927 haven die Jugend. Sie sind die Figur, wie ich
835 2883 1660 3049 hir sie gedacht habe.
789 2988 2590 3213 4i21: Das glaub ich, dass der Fräulein franzt
