3128 3544
397 1475 604 1649 R. 1.
389 1632 625 1772 Urnth.
394 1729 648 1842 Ner
410 1826 697 1957 glin auh
410 1934 620 2052 er fo
484 2044 717 2175 1. Cure
1135 277 2233 458 Arf se Anlostet ker hort
720 512 2782 707 Richerd:3je verzessen dey Autor- duche Mauf
730 661 2677 817 Karl Bern: Ich s chalte aus (ich bin unbestechlich,
738 789 2720 948 für mich sind ausschliesslich künstlerische Kotive
2525 866 2769 960 kant
733 943 2643 1094 massgeiend.) Ich bin auch kein Erpresser) Man hat
1921 1024 2300 1112 plnine lange
1665 1037 1806 1112 d
738 1042 2648 1247 mit den freiwiltigen Gaten im allgemeinen genug.
740 1201 2584 1347 4ber Sie, lieber Dktorfsie sind ein Tyrann,ein
743 1322 2518 1475 Besitznarr, ein Egoist und wie alle Bürger im
2310 1381 2784 1503 Wohnech
743 1434 2602 1603 Grunde ihrer Seele - ein Thilister./Z.- X
756 1601 2620 1742 Richard: Ich bezweifle, dass meine Schwester mit
750 1713 2664 1865 Ihren Methoden der Heilung oder der Rettung ein-
756 1859 1409 2005 verstanden wäre.
745 1964 2715 2144 Karl Bern: (Auf das Einverständnis der Angehörigen
750 2108 2082 2231 kommt es in diesem Fall nicht an.
761 2215 2764 2392 tichard: Kommen wir zu Ende - was wünschen Sie von
984 2367 1209 2474 ejun
761 2395 948 2502 ir?
761 2454 2687 2628 Karl Bern: Vor allem, dass Sie nicht zu mir reden
781 2625 2751 2766 wie ein Touleurstudent. Auf diese Art kann man le-
1849 2700 2233 2797 detwesen.
820 2738 2677 2899 ensfragen nicht erle igen.EIn jeder Lebensfrage
1001 2884 2761 3025 es nur darauf an den kritischen Homent nicht
1373 2999 2776 3171 d ein solcher kritischer lloment ist
