3096 3528
2521 400 2687 512 258
1107 559 1250 639 0r
795 515 941 683 ore
946 504 2825 720 ifen Werden.Diex Verlohung ixxxxAxEgestern
803 670 1996 868 Abend)- es kam so plötzlich.-
2435 738 2786 837 autwde.
811 785 2700 954 Fricke: Aber wir. hatten doch allen Grund darauf
819 956 1448 1076 gefasst zu sein.
806 1042 2762 1211 Frau Veith: Ach ja. Sie hat ihn ja ihr leben lang
811 1185 2804 1323 geliebt. Ich weiss gar nicht, was geworden wäre --
808 1328 1978 1460 Frickeistlun ist ja alles gut.
808 1468 2162 1603 Frau Veith: Das wollen wir hoffen.
819 1564 2905 1739 Fricke: Mir war ja auch manchmal ein wenig bang..Gr)
813 1718 2674 1881 Fr. Veith:-Wie schwer manshat; mit den Kindern.
813 1848 2723 2001 4ichard: (kommt mit einer Düte vonbons,die er Ma-
819 1972 1494 2121 thilde offeriert.
806 2139 1590 2300 Mathilde: Wozu das?
819 2217 2718 2375 xEEXx Richard: Es hat keine besondere Bedeu-
819 2386 2555 2516 tung, es sind nur Bonbons, und keine- Symbole.
2102 2458 2633 2555 el gebe iben den 1
813 2490 2796 2669 Mathilde: Warum spielst du Komödie? Wir sind nicht
829 2659 1146 2807 vertott.
821 2768 1733 2926 ehard- dir rind es..
813 2898 2622 3041 Mathilde: so geb ieh dir dein Wort zurück.
813 3022 2742 3204 Helene: Was seid Ihr für Kinder! Nehmt Euch doch
