3064 3512
363 286 719 485 27.3.1030.
2400 392 2554 536 234
686 510 2510 735 Richard:lnit Karl dern aus den Thester herauel
691 670 2492 887 Karl: Ee ist nun einmal geschehen. Sie sollen
1827 771 2518 874 band mir a nas wit
1931 843 2157 951 Rett.
699 833 1786 1010 sich keine Vorwürfe machen.
701 915 2443 1134 Aichard: (bemerkt Helene, Mathilde) dh,-ich
2441 1044 2657 1165 Glafen
699 1085 2405 1276 möchte eigentlich lieber allein bleiben..
709 1188 2701 1405 Kari Bern: Ee würde Ihrer Schwester weh tun und --
709 1382 1443 1523 einer Andern auch.
714 1415 2626 1595 Kichard: Ich würechekeine Tellnahmebezeigungen.
704 1565 2601 1750 Sie sollen keine Sorge um mich haben sich werde
709 1735 2456 1931 mir ganz bestimmt - nichte antun. Ich fühle
1822 1825 2583 1941 weidicatule in
722 1838 2498 2047 eigentlich auch gar nichts) wer ich empfe
729 1941 2750 2188 Kerl Sern: Konnen die doch lieber mit uns. Wir mol-
727 2090 2675 2312 len alle(noch ein wenig)zusamnenbleiben. Ergentno
727 2237 2688 2472 muer man doch zu Abend segen. Der Leben Ist gekon
709 2413 876 2541 80
740 2526 1980 2632 Dregulein:(tritt an sie heran)
737 2673 2250 2822 Eichard: Sie münschen Herr Dregulein?)
740 2773 2021 2944 Dreguleint Einen Augenblick nur.
747 2869 2815 3075 Welene und Uethilde wollten Richerd entgegengehen:
750 2990 2637 3227 ern leichter Wink von Kerl vernhält eie ab. Er
