3048 3480
2437 360 2610 475 202
651 499 2674 673 Dogelmann:(zu irgend jemanden fragen) Die Friesel?
659 624 2637 814 Bazon: (zu Br. Fraun) Sie ist vielleicht in der loft
654 814 867 913 nung.
1743 894 2578 1043 verkraupfter Hend ein
662 907 1652 1081 Dr. Braun: (löst aus Franzl
651 1027 1951 1206 kleines Klüselchen, riecht dazul.
662 1190 2084 1284 Karl Bern: (kommt dazu ) Was ist das?
1612 1273 2682 1454 Andern so weit als möglicht
681 1313 1588 1473 Tregulein:(entfernt die
721 1433 1281 1543 frägend) Gift?
662 1564 1198 1729 Dr. Braun: Ja.
659 1695 1318 1823 Karl Gern: Eift?
678 1804 2210 1927 Braun: (untersucht nochmals) lch glaube.
673 1924 2701 2087 Baron: Mit einem gefüllten Eiftflüsclchen -(zu Löh-
665 2071 2346 2234 lein 1 lassen Sie sie auf die Bühne gehen?
673 2170 2703 2340 Dr, Braun: Bitte den Kommiesür verständigen und Rat-
686 2357 1396 2503 tungegereltsclaft.
683 2453 2826 2618 Dregulein: (Män kann eie docl. nicht hier liegen lassen.
678 2586 2698 2751 Braun: Ich fürchte, es wird ziemlich belanglos sein,
673 2711 2060 2882 ob eie hler liegt oder anderswo.)
675 2834 2589 3034 Gregor: ie iet tot? Das ist doch nicht möglicht
665 2973 2719 3194 Karl Bern:(zu Oggelmann)(Gut, dass Sie noch dageblie-
