3144 3560
457 1138 725 1287 triel
454 1251 728 1380 I. N.1.
449 1354 738 1478 s. bede.
439 1445 710 1563 anse
433 1507 728 1656 dellen
2188 206 2675 470 X 872
826 436 2737 668 gidt doch ein ganz falsches Bild. Fedor ist dock
2193 539 2706 658 tatecene
808 609 2644 784 kein Milliondr - oder jat. de feis wege ach in
2098 650 2758 756 Niwer noh eeht i
815 725 2802 926 Zerl Bern: Ich weiss nicht. Ich habisein Bankkonto
2012 828 2353 929 sulin
1197 844 1734 947 nen Kelden.
813 911 1398 1047 nicht gesehen.
831 957 2750 1169 Löblein: (ungeduldigt Das hiit desh etter arf. (zu
831 1073 2900 1287 Vogelmann! Der Diener hat Sie schon früher gemeldet.
846 1200 2792 1424 indess hat Fedor hier mit Fennt gesprochen, in der
844 1349 2915 1571 zwischenzelt haben Sie im Vorzimner längst abgelegt.
841 1548 1316 1680 Dregutetnex
851 1589 2874 1852 Dsgelmann: Ich könnte sa auch in Wunterrock herein-
867 1703 2884 1976 konnen, mit lut und Stock und Peror sagt mir: Willst
867 1865 2683 2069 du nichtlieber draussen ablegen,lieber Freundl
859 2010 2735 2227 Löplet:: Herrrott noch einmal. Gehn wir weiter.
862 2139 2131 2358 Herr Gregor ., Das ist schön...
1465 2250 1899 2358 gebngeret
888 2268 2802 2490 Grepor:frieder in seiner Rollel ..Das 1st schon.
888 2410 2678 2598 dass du dich wieder einmel blicken lässt. (de
872 2482 2923 2745 dsgelmenn indese wieder in der Rüre steht und nicht
893 2665 2789 2846 reegiert, schreit Greger beinchel Das let schon.
900 2789 2549 3006 dass du dich wieder einmal blicken läest.
880 2915 2897 3109 Dogelmenn:stritt ein, in der follel se, mein Lieber.
918 3039 2706 3246 menn men kräntigen ist- lh, welch ein Perfunt
