3112 3480
460 2154 770 2316 Wenn-
490 2301 738 2419 Sor it
458 2399 705 2546 h
2374 358 2509 458 169
800 475 2754 638 macht hat, eine Stunde, ehé der Zug im Balnhof ein-
803 660 1026 775 fuht.
818 743 2806 895 tichard: Sie weiss, dass du wegen Franzl hier bist?
818 885 2834 1066 Indwig: Sie wird alles wissen. Inner. Und ich auch.
815 1018 2531 1193 Rlchard: zu spielst ein gefährlichee Spiel.
818 1148 2801 1328 Ludwig: In der Liebe gibt es keine anderen. Uebri-
838 1276 2814 1423 gens meinen Glückwunsch. Ia hast dich mit Mathilde
825 1428 1533 1571 verlobt, höre ich.
813 1561 2119 1686 Rychard: Ee ist nicht offiziell.
828 1691 2071 1813 Ludwig: Es war wirklich Zeit.
843 1923 2744 2114 Fichard: Oder vielleicht iat sie eich getröstet-
830 2039 1928 2194 das wäre doch -ulh möglich?
840 2146 2756 2359 Ludwig: Iu meinet - dieser Herr Gregor?/Habe ich
838 2281 2741 2456 auch schoh gehört(Ich nehm sie ihm wieder weg.-
838 2446 2644 2584 Ee hat übrigens schon wieder angefangen. Auf
830 2589 2004 2739 morgen. (rasch nach linke abl
843 2699 2736 2864 Eicherd: (nach kurzem Zggern in die Loge Nr.IIII
858 2831 2811 3037 (Zogenechlioezer die Treppe herauf,setzt sich wie
845 2991 1186 3172 Früherl.
