3128 3512
2642 399 2778 516 263
988 551 1713 662 nicht abgeschaftt.
985 673 1645 819 Löblein: Ferdon.
981 807 2762 957 Baron: Und was die Stimmung anbelangt,-es ist
983 950 2759 1079 eine Berufskrankheit der Regisseure sich ein-
983 1075 2846 1218 zubilden, dass das Publikum in Stimiung ist.. Ich
969 1211 2485 1330 habe eben einige Herren gesprochen --
978 1323 2518 1490 Löble in: (achsel zuckend) Von der Kritif
976 1480 2806 1614 Baron: Man kann über die Kritik denken wie man
964 1619 2759 1729 will, Sie können das Faktum nicht aus der Welt-
957 1734 2839 1905 schaften; dass die Herren in die Zeitungen schrei
960 1884 1150 1971 ben.
1011 2006 2731 2135 Wieder Glockenzeichen zum Beginn des Aktes)
957 2128 2684 2292 Löblein: (will gehen) Ich muss auf die Bühne,
953 2262 1410 2398 lerr Baron.
946 2398 2773 2555 Baron: Also noch einmal: Tempo! Tempo! Nur das
936 2553 2649 2705 kann den Abend retten,wenn es geschwind aus
936 2672 2677 2827 wird ..Und die Friesel soli lauter sprechen.
922 2797 1863 2928 Man versteht kein Wort.
920 2895 1668 3055 Löble in: (rasch abl
927 3052 2105 3238 Intendant: (will in seine Logel
