3128 3560
379 1441 694 1587 Nenke echr
1377 307 1722 485 zinegent.
1168 442 2050 617 Zuvertetitg Ie dem Ihr
707 556 2667 755 Tregulein:/ Uit anderen Worten: die Jugend hast du
689 707 2734 887 nicht, aber so das Zuwidere, das zu der Figur gehört.
710 829 2832 1001 Karl Bern: Ist er Ihnen auh so zuwider/, der Doktor
707 988 977 1099 Witte?
720 1097 2747 1269 Tregulein: Fardon, wenn Sie sich ihn vielleicht sim-
713 1240 1669 1354 pathisch gedacht haben-
1216 1261 2678 1396 ken Tuligalter mebla und gege de Kelde
715 1340 2824 1520 Karl Bern:Mir ist eigentlich mehr der Uels zuwider.
1203 1446 1899 1518 el. t in er ve
723 1473 2712 1629 Gregor:Sie sind ein origineller Autor,Herr Bern..
1637 1576 1878 1645 Niram
715 1600 2842 1743 Dregulein: Neunundvierzig, fünfzig. Revanche gefällig?
718 1743 2691 1907 Dögelmann: Für heute habe ich genug,dritter Mushe-
720 1883 1783 2024 tier. (wirft den queu hin)
728 1997 2622 2127 Lr. Braun: (Er ist eingetreten) Guten Abend,meine
726 2159 1025 2273 Herren.
731 2283 1229 2447 (egrüssung)
1242 2331 1446 2445 est
723 2392 2657 2522 Dr. Braun: Ir haht  kete wjeder beinah ausver-
731 2500 1674 2651 kouft gehabt. bn de 1
742 2630 1060 2710 Gregor:
731 2638 2665 2792 Agelmannx Sie unxenxirnexExkktax haben sich
734 2786 1944 2940 die Komödie wieder angeschaut?
1099 2887 1290 2956 ne
710 2903 2824 3078 Dr. Braun: Ich war nur in der Garderobé hei der Rove-
739 3051 2355 3216 da. (Sie hat nich dringend bitten lessen.
