3080 3496
1034 462 1312 563 ette
882 512 2721 681 da eintge sehr schöne alte Möbel, Frau Baronin.
1230 635 2805 732 Nes macht de simme. cm en deles gmaller
887 684 2793 841 Baronin:sEs Freut mieh, dier er Ihnen bei mir ge-
892 809 2716 935 frl.119 Und Im Frül jahr wird es Ihnen noch bes-
892 901 2670 1085 der gefallen. Da komnt einwwunderbarer Geruch-
1960 1029 2194 1114 qne 1
1414 1034 1679 1109 risicin.
882 1075 2670 1191 aus dem Park/ de Clest comme la chamhre olle-
1348 1160 1633 1249 rerglet
2293 1162 2462 1242 men
880 1211 2677 1358 même serai pheine de fleurs .. Wenn Eie abends
918 1348 2539 1476 der in der Nacht das Fenster ofren Lehen
1259 1414 1561 1496 6i1br
872 1455 2315 1563 Richard: Noch lang bis zum Frül jahr.
896 1575 1256 1703 (Klingel)
870 1720 2670 1861 Baronin: C’ect Teni. Elle est sorti sans clef
870 1839 2230 1957 comme tous Jours. Dumnes Ding. (ab)
875 1979 2697 2095 Franzi: (macht sich noch am Tisch zu shlaften.)
1063 2066 1522 2150 Mei t.il de 1.
848 2117 2706 2276 Marum hast du das gesagt, dass bis zum Frühjahr
860 2247 1440 2363 noch lang ist?
1781 2262 2165 2407 Slict ett
1169 2327 1450 2404 lactet
863 2358 2784 2523 Richard: Das Ist doch eine unbestreitbare Fahr-
870 2506 1102 2653 heit.
875 2607 2672 2752 Leni:(tritt ein mit der Vorspeise.Die Baronin
880 2740 2769 2873 folgt ihr, bringt noch etwas an Tisch in Ordnung)
867 2904 1928 3030 Baronin: Madame est servi.
863 2999 2496 3175 Richard: (steht auf, setztrsich zu Tiech.)
880 3160 2817 3260 (Baronin und Leni sprechen an der Türe etwer zu-
2361 3247 2844 3359 mitemnarch.
