<?xml version="1.0" encoding="UTF-8" standalone="yes"?>
<PcGts xmlns="http://schema.primaresearch.org/PAGE/gts/pagecontent/2013-07-15" xmlns:xsi="http://www.w3.org/2001/XMLSchema-instance" xsi:schemaLocation="http://schema.primaresearch.org/PAGE/gts/pagecontent/2013-07-15 http://schema.primaresearch.org/PAGE/gts/pagecontent/2013-07-15/pagecontent.xsd">
    <Metadata>
        <Creator>prov=READ-COOP:name=PyLaia@TranskribusPlatform:version=2.7.0:model_id=50870:lm=none:date=22_01_2024_15:39</Creator>
        <Created>2023-09-27T14:32:37.127+02:00</Created>
        <LastChange>2024-01-22T15:39:55.688+01:00</LastChange>
        <TranskribusMetadata docId="1589027" pageId="60122621" pageNr="182" tsid="145620809" status="IN_PROGRESS" userId="40391" imgUrl="https://files.transkribus.eu/Get?id=ZGOUCWYTJMTXQQLDVDPJWBCQ&amp;fileType=view" xmlUrl="https://files.transkribus.eu/Get?id=GHRYLQHVZBRJPRNEXDIEASYH" imageId="48547699"/>
    </Metadata>
    <Page imageFilename="1589027_0182.jpg" imageWidth="3112" imageHeight="3496">
        <ReadingOrder>
            <OrderedGroup id="ro_1711796078814" caption="Regions reading order">
                <RegionRefIndexed index="0" regionRef="tr_1"/>
            </OrderedGroup>
        </ReadingOrder>
        <TextRegion orientation="0.0" id="tr_1" custom="readingOrder {index:0;}">
            <Coords points="809,541 809,3147 2937,3147 2937,541"/>
            <TextLine id="tr_1_tl_1" custom="readingOrder {index:0;}">
                <Coords points="794,627 1001,655 1808,614 1937,647 2526,604 2670,635 2670,546 2544,521 2433,551 2273,513 2139,556 1998,501 1795,549 1537,506 1133,561 794,526"/>
                <Baseline points="809,612 902,613 995,615 1089,613 1182,615 1276,612 1369,613 1462,612 1556,612 1649,612 1743,612 1836,609 1929,609 2023,606 2116,606 2210,603 2303,603 2396,602 2490,601 2583,600 2677,591"/>
                <TextEquiv>
                    <Unicode>Lustknabe biet dn, kein, Autor, lase dir das gesag-</Unicode>
                </TextEquiv>
            </TextLine>
            <TextLine id="tr_1_tl_2" custom="readingOrder {index:1;}">
                <Coords points="802,751 827,759 845,754 855,764 867,756 910,764 1022,756 1022,695 956,700 931,683 898,703 865,708 827,695 802,708"/>
                <Baseline points="815,749 841,749 868,748 894,746 921,746 947,747 974,748 1000,748 1027,746"/>
                <TextEquiv>
                    <Unicode>sein.</Unicode>
                </TextEquiv>
            </TextLine>
            <TextLine id="tr_1_tl_3" custom="readingOrder {index:2;}">
                <Coords points="809,900 1009,941 1077,908 2235,898 2342,941 2430,893 2670,893 2648,786 2445,819 809,809"/>
                <Baseline points="823,874 915,875 1008,874 1101,876 1193,877 1286,874 1379,871 1471,871 1564,871 1657,871 1750,870 1842,868 1935,868 2028,867 2120,865 2213,865 2306,863 2398,862 2491,859 2584,859 2677,865"/>
                <TextEquiv>
                    <Unicode>(Türe Loge IV öffnet sich. Helene tritt heraus,</Unicode>
                </TextEquiv>
            </TextLine>
            <TextLine id="tr_1_tl_4" custom="readingOrder {index:3;}">
                <Coords points="812,1062 1871,1062 1871,913 1656,951 1591,918 1272,956 1034,926 812,974"/>
                <Baseline points="826,1009 878,1009 931,1009 983,1009 1036,1009 1088,1009 1141,1009 1193,1009 1246,1009 1298,1011 1351,1012 1404,1009 1456,1012 1509,1009 1561,1009 1614,1007 1666,1006 1719,1006 1771,1006 1824,1006 1877,1009"/>
                <TextEquiv>
                    <Unicode>verschwindet gleich wieder!</Unicode>
                </TextEquiv>
            </TextLine>
            <TextLine id="tr_1_tl_5" custom="readingOrder {index:4;}">
                <Coords points="799,1173 1027,1206 1287,1148 1780,1138 1897,1176 2137,1130 2440,1173 2668,1151 2670,1085 2554,1044 2142,1092 2056,1042 1881,1080 1644,1044 1449,1097 1368,1057 1264,1095 802,1065"/>
                <Baseline points="815,1131 908,1137 1001,1140 1094,1139 1187,1140 1280,1140 1373,1137 1466,1134 1559,1134 1652,1137 1746,1134 1839,1133 1932,1128 2025,1128 2118,1128 2211,1128 2304,1128 2397,1126 2490,1127 2583,1128 2677,1128"/>
                <TextEquiv>
                    <Unicode>Royeda: Ei sieh doch, man ist wohl eifersüchtig.</Unicode>
                </TextEquiv>
            </TextLine>
            <TextLine id="tr_1_tl_6" custom="readingOrder {index:5;}">
                <Coords points="802,1277 1199,1317 1312,1274 1983,1315 2299,1267 2612,1295 2589,1201 2061,1206 1985,1163 1904,1219 1785,1183 1254,1234 1118,1178 802,1224"/>
                <Baseline points="815,1262 905,1270 995,1271 1085,1271 1175,1271 1265,1271 1355,1271 1446,1268 1536,1268 1626,1265 1716,1265 1806,1265 1896,1268 1986,1265 2077,1262 2167,1262 2257,1259 2347,1259 2437,1259 2527,1259 2618,1259"/>
                <TextEquiv>
                    <Unicode>Geh nur zu deinem Bräutchen(ich will ihr den</Unicode>
                </TextEquiv>
            </TextLine>
            <TextLine id="tr_1_tl_7" custom="readingOrder {index:6;}">
                <Coords points="812,1426 1049,1414 1168,1454 1280,1409 1924,1411 2680,1457 2835,1416 2837,1333 812,1348"/>
                <Baseline points="826,1397 926,1406 1027,1407 1128,1409 1229,1406 1330,1406 1430,1406 1531,1404 1632,1403 1733,1403 1834,1403 1934,1402 2035,1403 2136,1400 2237,1397 2338,1395 2438,1397 2539,1397 2640,1394 2741,1391 2842,1379"/>
                <TextEquiv>
                    <Unicode>Ebend nicht verderben. Auf morgenl (nimmt ihn plöte-</Unicode>
                </TextEquiv>
            </TextLine>
            <TextLine id="tr_1_tl_8" custom="readingOrder {index:7;}">
                <Coords points="807,1575 1401,1575 1601,1621 1957,1568 2567,1591 2754,1558 2756,1472 1821,1467 1752,1512 1702,1467 1575,1505 1444,1459 991,1512 933,1469 809,1482"/>
                <Baseline points="821,1546 918,1546 1015,1546 1112,1548 1209,1546 1306,1546 1403,1546 1500,1543 1597,1543 1694,1542 1791,1542 1888,1540 1985,1539 2082,1537 2179,1537 2276,1535 2373,1535 2470,1534 2567,1534 2664,1531 2761,1528"/>
                <TextEquiv>
                    <Unicode>lich beim Kopf und gibt ihm einen Kues. In diesem</Unicode>
                </TextEquiv>
            </TextLine>
            <TextLine id="tr_1_tl_9" custom="readingOrder {index:8;}">
                <Coords points="814,1712 1517,1677 1697,1737 1950,1737 2716,1692 2716,1598 2488,1631 2344,1578 2218,1623 814,1616"/>
                <Baseline points="829,1671 923,1676 1018,1677 1112,1677 1207,1677 1302,1674 1396,1674 1491,1671 1586,1673 1680,1672 1775,1671 1870,1668 1964,1668 2059,1668 2154,1665 2248,1665 2343,1665 2438,1665 2532,1663 2627,1665 2722,1665"/>
                <TextEquiv>
                    <Unicode>Augenblick öffnet Heléne die Türe der Loge,steht</Unicode>
                </TextEquiv>
            </TextLine>
            <TextLine id="tr_1_tl_10" custom="readingOrder {index:9;}">
                <Coords points="807,1866 1146,1811 1234,1849 1426,1813 1841,1856 1940,1806 2147,1859 2670,1828 2670,1742 2531,1730 1411,1732 1191,1770 1062,1737 809,1775"/>
                <Baseline points="823,1812 915,1809 1008,1812 1101,1810 1193,1812 1286,1812 1379,1809 1471,1809 1564,1809 1657,1809 1750,1803 1842,1802 1935,1804 2028,1803 2120,1804 2213,1802 2306,1800 2398,1800 2491,1800 2584,1800 2677,1803"/>
                <TextEquiv>
                    <Unicode>starr) Ja, Fräulein, das kommt vor. (in ihre Loge</Unicode>
                </TextEquiv>
            </TextLine>
            <TextLine id="tr_1_tl_11" custom="readingOrder {index:10;}">
                <Coords points="812,2008 872,1983 913,1995 953,1975 1009,1985 1047,1977 1095,1993 1092,1881 1067,1884 1042,1866 994,1894 974,1886 943,1902 875,1871 809,1876"/>
                <Baseline points="826,1940 851,1942 876,1943 901,1943 926,1943 951,1943 976,1943 1001,1943 1026,1943 1051,1943 1076,1943 1101,1943"/>
                <TextEquiv>
                    <Unicode>zurück!</Unicode>
                </TextEquiv>
            </TextLine>
            <TextLine id="tr_1_tl_12" custom="readingOrder {index:11;}">
                <Coords points="2392,2033 2417,2041 2460,2020 2483,2041 2531,2048 2557,2036 2650,2061 2648,1970 2627,1965 2615,1975 2589,1962 2577,1970 2552,1952 2509,1962 2486,1983 2466,1977 2443,1993 2390,1993"/>
                <Baseline points="2406,2036 2431,2034 2456,2033 2481,2033 2506,2032 2531,2031 2556,2031 2581,2033 2606,2034 2631,2036 2657,2036"/>
                <TextEquiv>
                    <Unicode>Ber</Unicode>
                </TextEquiv>
            </TextLine>
            <TextLine id="tr_1_tl_13" custom="readingOrder {index:12;}">
                <Coords points="812,2079 1962,2061 2253,2122 2344,2096 2347,2013 2251,1972 2074,2018 1808,1977 1611,2023 991,1977 814,2008"/>
                <Baseline points="826,2074 902,2071 978,2073 1054,2071 1131,2071 1207,2068 1283,2071 1360,2068 1436,2066 1512,2068 1589,2068 1665,2065 1741,2062 1817,2065 1894,2060 1970,2060 2046,2062 2123,2062 2199,2061 2275,2062 2352,2059"/>
                <TextEquiv>
                    <Unicode>Helhe: (in die ihre, schlieest die Türel</Unicode>
                </TextEquiv>
            </TextLine>
            <TextLine id="tr_1_tl_14" custom="readingOrder {index:13;}">
                <Coords points="1406,2154 1912,2147 1914,2063 1409,2074"/>
                <Baseline points="1421,2131 1447,2131 1473,2130 1499,2129 1525,2128 1552,2128 1578,2126 1604,2125 1630,2125 1656,2126 1683,2128 1709,2127 1735,2125 1761,2125 1787,2126 1814,2127 1840,2128 1866,2128 1892,2130 1919,2131"/>
                <TextEquiv>
                    <Unicode>zu Kerl Bernl</Unicode>
                </TextEquiv>
            </TextLine>
            <TextLine id="tr_1_tl_15" custom="readingOrder {index:14;}">
                <Coords points="804,2233 1090,2215 1300,2261 1697,2197 2314,2240 2314,2152 2190,2122 1489,2180 1386,2124 804,2137"/>
                <Baseline points="818,2203 893,2200 968,2203 1043,2202 1118,2203 1193,2200 1268,2198 1343,2197 1418,2197 1493,2197 1568,2198 1643,2197 1718,2197 1793,2194 1868,2194 1943,2194 2018,2194 2093,2194 2168,2193 2243,2195 2319,2197"/>
                <TextEquiv>
                    <Unicode>Richard: (kommt) Ich gratuliere Ihnen.</Unicode>
                </TextEquiv>
            </TextLine>
            <TextLine id="tr_1_tl_16" custom="readingOrder {index:15;}">
                <Coords points="2478,2258 2594,2268 2653,2240 2706,2256 2766,2248 2825,2273 2893,2256 2893,2205 2842,2208 2774,2154 2703,2127 2650,2157 2546,2129 2478,2157"/>
                <Baseline points="2492,2248 2517,2246 2542,2245 2568,2243 2593,2242 2618,2242 2644,2241 2669,2239 2695,2241 2720,2242 2745,2242 2771,2243 2796,2244 2821,2246 2847,2248 2872,2248 2898,2248"/>
                <TextEquiv>
                    <Unicode>Tel Fraut</Unicode>
                </TextEquiv>
            </TextLine>
            <TextLine id="tr_1_tl_17" custom="readingOrder {index:16;}">
                <Coords points="1654,2266 1674,2268 1730,2253 1752,2271 1790,2263 1790,2220 1773,2218 1760,2230 1730,2208 1717,2210 1697,2197 1677,2213 1654,2218"/>
                <Baseline points="1668,2254 1693,2252 1718,2252 1743,2254 1768,2253 1794,2251"/>
                <TextEquiv>
                    <Unicode>Un</Unicode>
                </TextEquiv>
            </TextLine>
            <TextLine id="tr_1_tl_18" custom="readingOrder {index:17;}">
                <Coords points="809,2364 1110,2410 1358,2329 2069,2364 2177,2334 2278,2372 2438,2326 2749,2329 2751,2251 2678,2246 2326,2283 2238,2240 2187,2281 812,2271"/>
                <Baseline points="823,2331 919,2331 1016,2331 1113,2330 1210,2330 1306,2326 1403,2328 1500,2325 1597,2325 1693,2325 1790,2324 1887,2321 1984,2325 2080,2325 2177,2322 2274,2322 2371,2324 2467,2319 2564,2320 2661,2317 2758,2316"/>
                <TextEquiv>
                    <Unicode>Karl Bern: Zu früh. Aber was ragen Sie zu Franzl?</Unicode>
                </TextEquiv>
            </TextLine>
            <TextLine id="tr_1_tl_19" custom="readingOrder {index:18;}">
                <Coords points="1335,2397 1376,2400 1409,2428 1497,2382 1644,2407 1780,2387 1826,2407 1826,2332 1795,2326 1732,2359 1613,2326 1530,2354 1474,2332 1434,2349 1335,2342"/>
                <Baseline points="1349,2385 1374,2383 1399,2382 1424,2382 1450,2382 1475,2382 1500,2382 1526,2382 1551,2382 1576,2383 1602,2385 1627,2384 1652,2382 1678,2384 1703,2385 1728,2385 1754,2385 1779,2385 1804,2384 1830,2382"/>
                <TextEquiv>
                    <Unicode>it ploit, wiit</Unicode>
                </TextEquiv>
            </TextLine>
            <TextLine id="tr_1_tl_20" custom="readingOrder {index:19;}">
                <Coords points="2468,2455 2579,2433 2703,2471 2817,2450 2933,2468 2931,2387 2880,2372 2840,2397 2820,2382 2769,2390 2673,2326 2572,2357 2466,2334"/>
                <Baseline points="2483,2418 2508,2421 2533,2424 2558,2424 2583,2423 2609,2422 2634,2422 2659,2424 2684,2425 2710,2427 2735,2429 2760,2431 2785,2432 2810,2433 2836,2433 2861,2433 2886,2433 2911,2433 2937,2430"/>
                <TextEquiv>
                    <Unicode>37 Stronk</Unicode>
                </TextEquiv>
            </TextLine>
            <TextLine id="tr_1_tl_21" custom="readingOrder {index:20;}">
                <Coords points="809,2473 1927,2491 1912,2385 1411,2430 1237,2387 809,2412"/>
                <Baseline points="823,2460 878,2463 934,2463 989,2463 1045,2463 1100,2463 1156,2461 1211,2460 1267,2460 1322,2457 1378,2457 1434,2454 1489,2454 1545,2454 1600,2454 1656,2454 1711,2454 1767,2455 1822,2456 1878,2454 1934,2454"/>
                <TextEquiv>
                    <Unicode>Habe ich nicht recht gehabt?</Unicode>
                </TextEquiv>
            </TextLine>
            <TextLine id="tr_1_tl_22" custom="readingOrder {index:21;}">
                <Coords points="1229,2529 1434,2529 1467,2509 1674,2524 1674,2471 1654,2466 1520,2483 1494,2463 1449,2471 1396,2455 1368,2476 1272,2460 1229,2476"/>
                <Baseline points="1244,2501 1269,2503 1295,2504 1320,2504 1346,2505 1372,2507 1397,2507 1423,2507 1449,2507 1474,2507 1500,2507 1526,2507 1551,2507 1577,2507 1603,2507 1628,2505 1654,2503 1680,2501"/>
                <TextEquiv>
                    <Unicode>die unt haul1</Unicode>
                </TextEquiv>
            </TextLine>
            <TextLine id="tr_1_tl_23" custom="readingOrder {index:22;}">
                <Coords points="1793,2564 2716,2552 2716,2483 2625,2516 2385,2488 2342,2514 2005,2417 1919,2486 1793,2473"/>
                <Baseline points="1806,2534 1851,2531 1897,2531 1943,2537 1989,2537 2035,2536 2080,2531 2126,2528 2172,2529 2218,2535 2264,2536 2309,2535 2355,2540 2401,2540 2447,2540 2493,2540 2538,2541 2584,2543 2630,2545 2676,2550 2722,2552"/>
                <TextEquiv>
                    <Unicode>shwel ff gleihien s</Unicode>
                </TextEquiv>
            </TextLine>
            <TextLine id="tr_1_tl_24" custom="readingOrder {index:23;}">
                <Coords points="2792,2615 2827,2610 2847,2622 2865,2602 2883,2605 2895,2589 2921,2584 2913,2514 2878,2524 2827,2498 2807,2514 2784,2514"/>
                <Baseline points="2806,2585 2836,2581 2867,2580 2897,2583 2928,2597"/>
                <TextEquiv>
                    <Unicode>4</Unicode>
                </TextEquiv>
            </TextLine>
            <TextLine id="tr_1_tl_25" custom="readingOrder {index:24;}">
                <Coords points="807,2605 1773,2607 1742,2534 1583,2514 1171,2541 905,2493 807,2524"/>
                <Baseline points="821,2585 868,2591 916,2591 964,2591 1012,2591 1060,2591 1108,2590 1156,2588 1204,2588 1252,2590 1300,2589 1347,2588 1395,2588 1443,2585 1491,2585 1539,2585 1587,2585 1635,2587 1683,2585 1731,2586 1779,2585"/>
                <TextEquiv>
                    <Unicode>Richärd: Wahrscheinlich.</Unicode>
                </TextEquiv>
            </TextLine>
            <TextLine id="tr_1_tl_26" custom="readingOrder {index:25;}">
                <Coords points="809,2764 1386,2749 1639,2792 1783,2749 2334,2749 2645,2789 2842,2731 2842,2653 2498,2660 2385,2597 2180,2665 809,2648"/>
                <Baseline points="823,2719 924,2719 1025,2719 1126,2719 1227,2716 1328,2716 1429,2717 1530,2716 1631,2716 1732,2713 1834,2715 1935,2713 2036,2713 2137,2716 2238,2713 2339,2711 2440,2710 2541,2712 2642,2713 2743,2713 2845,2716"/>
                <TextEquiv>
                    <Unicode>Karl Bern: (öffnet die Tür zu Loge IV und schliesst.</Unicode>
                </TextEquiv>
            </TextLine>
            <TextLine id="tr_1_tl_27" custom="readingOrder {index:26;}">
                <Coords points="814,2895 1409,2885 1593,2931 2003,2870 2003,2782 1907,2769 814,2814"/>
                <Baseline points="829,2863 888,2857 947,2856 1006,2856 1065,2857 1124,2854 1183,2852 1242,2851 1301,2851 1360,2851 1419,2851 1478,2848 1537,2850 1596,2848 1655,2851 1714,2850 1773,2850 1832,2848 1891,2848 1950,2848 2009,2848"/>
                <TextEquiv>
                    <Unicode>sie gleich wieder hinter eichl</Unicode>
                </TextEquiv>
            </TextLine>
            <TextLine id="tr_1_tl_28" custom="readingOrder {index:27;}">
                <Coords points="822,3019 931,3057 1151,3017 1687,3050 2230,3007 2374,3060 2554,3024 2554,2908 822,2916"/>
                <Baseline points="835,2982 921,2984 1007,2982 1093,2982 1180,2982 1266,2979 1352,2982 1439,2982 1525,2982 1611,2979 1698,2979 1784,2977 1870,2973 1956,2975 2043,2973 2129,2976 2215,2974 2302,2974 2388,2976 2474,2973 2561,2976"/>
                <TextEquiv>
                    <Unicode>(Jetztes Zeichen, verepätete Besucher durch d.</Unicode>
                </TextEquiv>
            </TextLine>
            <TextLine id="tr_1_tl_29" custom="readingOrder {index:28;}">
                <Coords points="814,3128 905,3176 920,3161 994,3169 1060,3196 1128,3169 1148,3181 1282,3158 1282,3065 1214,3045 1115,3067 1019,3037 938,3072 877,3067 814,3034"/>
                <Baseline points="829,3116 854,3114 880,3114 905,3119 931,3121 956,3120 982,3119 1007,3119 1033,3119 1059,3119 1084,3117 1110,3117 1135,3118 1161,3120 1186,3122 1212,3120 1237,3119 1263,3121 1289,3122"/>
                <TextEquiv>
                    <Unicode>Zogengang).</Unicode>
                </TextEquiv>
            </TextLine>
            <TextEquiv>
                <Unicode></Unicode>
            </TextEquiv>
        </TextRegion>
    </Page>
</PcGts>
