3080 3528
1413 328 2088 484 Sie dewisurs
819 452 2718 664 Karl Börn: Also auf die befehr hin, dass Sie nich
812 618 2628 797 verachten - ich habe bieher noch nicht einmal
807 766 2708 951 mit der kleinsten Epieodietin ein Verhältnis an-
810 897 1208 1016 gefangen.
819 1019 2589 1182 idon: Ich hätte Sie für geschickter gehalten
802 1155 2687 1310 Karl Bern: Na wir haben noch drei Tage bis zur 1
807 1269 2392 1461 Premidre, falls sie stattfinden sollte.-
807 1354 1986 1566 Richerd: ltritt jetzt zu ihnen
807 1522 2711 1690 Karl Bern: Heute hat nämlich Fräulein Roreda dem
805 1646 2628 1821 Regisseur die Kolle vor die Füsse geschnissen.
795 1765 2390 1950 Sidoll: Die Rgreda spielt die Hauptrolle?
793 1855 1962 2040 Karl Bern: Wir notten hoften.
1512 1955 2076 2074 No litel in di¬
793 2037 2691 2232 syeon: Aoh, wenn ich ein Dichter wäre und gar ein
797 2176 1138 2324 junger-
783 2295 2575 2463 Karl Vern: Konnerzialrate haben mehr Chancen.
785 2414 2677 2599 Fr. Eiderhofistritt Jetzt eben herzal Iuniefernt?
780 2575 2716 2718 Karl Beyn: Das müssen Sie den Herrn Kommerzialret
776 2648 1753 2842 selbst tregen, grib h.
780 2781 2704 2998 1Tron Vorth, Mothilde, Relene sine gegengen. Zerl+
783 2956 2237 3090 tritt, sion vorabscbledend, zu Richerd!
773 3076 2730 3241 terl Derni Kir sehen uns wohl noch heute Abend in
773 3192 1230 3358 Eefrochens?
