3144 3560
461 2662 748 2865 Herr Nei
466 2830 655 3081 ku
799 498 2774 724 Intendant: Eilsüber die Attage Treppe vom Zuschen-
801 642 1653 831 erraum auf aie Bühnel
785 791 2314 948 Löptein: Ich habe telefonieren lassen.
1803 889 1976 966 nah
807 905 2593 1054 Diener: Das Fräulein komnt nicht zum Telefon.
807 1020 2828 1201 Intendant: Rufen Sie noch einmal an, ich, der Inten-
801 1150 2812 1337 dent lässk das Fräulein zum Feleton bitten und zwar
801 1289 2106 1472 unverzüglch. Weiter, meine Herren!
793 1406 2434 1584 Karl Bern: (will ihm seinen Sitz anbieten)
804 1552 2876 1744 Intendent: Bitte, bleiben Sie nurl (er bleibt stehen.
796 1677 1848 1826 reicht Karl Bern die Hand)
796 1779 2857 1962 Dogelmann:(in der Kollel Ich mochte beinahe sagen,-
796 1933 2756 2141 es ist notwendig, besonders bei einem fungen Arst.
801 2058 2125 2202 Gregori(in der folle) Du findest?
791 2197 2785 2330 Dögelmann: (in der Polle) Das Junggesellenleben -e
804 2314 2034 2492 nat doch immer etnas Ueschines
799 2452 1603 2641 Kerl Berni Meckines.
796 2561 2934 2729 Dsgelmann: (tronisch) Denn doch Mesquinesl-Ri Hemz
1092 2697 3003 2817 meisi e cons decsl. Marclic. s. - tagersus. et nunse
793 2761 2915 2905 Karl Bern: Sagen wir gtetleicht lieber: Verdächtigee.
793 2844 2737 3046 Dögelmann: (I.d. R.IGut. Diese ewigen Liebschaften
796 2995 2836 3195 lassen einen doch niemals zun richtigen Lebensernst
793 3110 1084 3283 konnen.
807 3211 2764 3371 Intendent: Ioh liebe es nicht derr Abgeluenn, wenn
