3032 3496
2548 385 2715 549 238
738 530 2645 691 Richard, Ja, du sprtehet zu einem Andern, ale du zu
728 666 2727 855 sprechen glenket. seihut den Briefsane der Teschel
736 811 2655 985 Diesen Brief habe vor einer,-ipei Stunden an sie
731 935 2551 1136 gesehrigben. Die hat ihn nicht mehr erhalten.
736 1111 1507 1268 Bethilde:(wehrt abl
736 1231 1917 1400 Richard: Du sollst ihn lesen.
736 1385 1755 1539 Hethilde: Ich will nicht.
751 1499 2608 1653 Ezchard: Da sollet ihn hören. (iiest)rIch liebe
741 1594 2558 1808 dich, verseih mir - ich liebe nur dich allein."
783 1740 2663 1954 Hleren brief habe ich ihr geschrieben vor einer
741 1895 1052 2056 stunde.
748 1977 2730 2193 vethildef du hettest dar Recht dazu. Ich hatte dir
753 2103 2665 2330 je dei Nert zurüückgegeben (Mir waren nicht ver-
751 2275 1529 2451 Lebt, da neget Net.
751 2377 2665 2586 Richerds Ich war ihrer so wenig wert wie deiner.
756 2536 2703 2715 uethilde: her ist jemale der Andernwert oder ur
756 2648 2608 2832 wertt sehen Rechnungen so einfach auf zuisehen
756 2814 1156 2939 Wenschen?)
758 2874 2750 3105 Rioherd.(Ich lasse dich genz mie den Spiel und ste
768 3026 2747 3247 achf ane wenn sie noch lebte, se stuade nicht en
