3096 3496
769 542 1034 662 saumen
1441 550 2045 721 did tedicu
761 690 2083 807 Franzi: Darf ich dir herausgeben?
756 815 1571 932 Eichard: Bitte sehr.
2111 853 2337 980 fud nict
751 940 2345 1115 Franzi: (teilt vor, nimmt dann auchtsich)
772 1082 2106 1212 (Leni und Baronin sind abgegangen)
751 1184 2635 1383 Richard: (racch) Ha wie sehn denn seigentlich die
746 1337 1062 1479 Proben?
764 1446 2623 1563 (Baronin bringt von draussen den Wein im Kübel)
756 1591 2630 1767 Baronin: Ich hab ihn ein wenig eingekühlt. Bon
754 1721 1276 1838 appetit. (ab)
736 1859 2106 2006 Richard: Darf ich dir einschenkent
746 1973 1477 2080 Franzi: (nickt nur)
746 2093 2567 2287 Richard: (schenkt ein, Schweigen. Dann plötzlicht
754 2238 1568 2391 ie gehn die Proben?
733 2355 1322 2528 Franzi: (1a-ht1
738 2493 1757 2638 Richard: Warum lachst du?
741 2623 2712 2783 Franzi: Weil du um Dinge fragst, die dich nicht im
744 2760 2793 2923 geringeten Interesrieren. Sanabentu in allemander
736 2880 2732 3066 Richard: Wie kannst du das sagenBich bin doch mit
746 3017 1546 3196 dem Autor befreundet
