3064 3480
2475 371 2633 555 228
744 523 2068 700 Hefenei Was soll man denn wierent
1617 614 1822 700 delen
1184 627 1542 707 B. I Blert.).
749 663 2589 832 karl Bern: Nir eind alle zu geschdidt gewesen,
749 816 1075 967 Helené.
754 941 1239 1106 Zuanig: Totz
757 1029 2573 1223 Karl Derni labeichtlich trocken) Sie hat eich
751 1171 2109 1358 vergiftet." Ungfl. Aber si alt
741 1311 2446 1503 Holene: Om Anmelentt Jent Wo iet Richerdt
762 1456 2076 1617 Kari bern:fmeist auf das Thester)
705 1544 2708 1780 Releneil Benegung, ele-wollte sie auch auf die Reh-
775 1739 920 1902 201
762 1747 2330 2024 Kerl dem: Relbs ee uatrskernen sinn.
1480 1938 1674 2016 cmn
780 1980 1884 2151 Zuanig, Riohard ist bei ihre
770 2112 1741 2265 Gregor: laue dem Theaterl
767 2210 2568 2405 einige von den Vertendenitrufen) Hoch, Sregorl
783 2314 2640 2511 (werden aber von den Andern zur Rahe verniegen!
780 2462 2762 2643 ereporilen dregulein, ihn welter zur Selte richend)
775 2643 1456 2799 Iet er zu fargent
1451 2620 2656 2812 vnt de ciMlasseflle
777 2747 2858 2920 dreguletn, Da hast vorher nichte Begonderes benerktt
1298 2850 1858 2946 Wi ne miht dei
780 2879 2754 3084 gregerisdie denckker eie nicht nech herrlich in
772 3040 1524 3239 der letrten Brener
