<?xml version="1.0" encoding="UTF-8" standalone="yes"?>
<PcGts xmlns="http://schema.primaresearch.org/PAGE/gts/pagecontent/2013-07-15" xmlns:xsi="http://www.w3.org/2001/XMLSchema-instance" xsi:schemaLocation="http://schema.primaresearch.org/PAGE/gts/pagecontent/2013-07-15 http://schema.primaresearch.org/PAGE/gts/pagecontent/2013-07-15/pagecontent.xsd">
    <Metadata>
        <Creator>prov=READ-COOP:name=PyLaia@TranskribusPlatform:version=2.7.0:model_id=50870:lm=none:date=22_01_2024_15:39</Creator>
        <Created>2023-09-27T14:32:26.817+02:00</Created>
        <LastChange>2024-01-22T15:39:43.233+01:00</LastChange>
        <TranskribusMetadata docId="1589027" pageId="60122210" pageNr="108" tsid="145620727" status="IN_PROGRESS" userId="40391" imgUrl="https://files.transkribus.eu/Get?id=DIMJMSLGUVPWUYCNPXBTTRZJ&amp;fileType=view" xmlUrl="https://files.transkribus.eu/Get?id=NNJBVTBKDKRRCTBAQNQKOZWO" imageId="48547289"/>
    </Metadata>
    <Page imageFilename="1589027_0108.jpg" imageWidth="3160" imageHeight="3576">
        <ReadingOrder>
            <OrderedGroup id="ro_1711795973185" caption="Regions reading order">
                <RegionRefIndexed index="0" regionRef="tr_1"/>
                <RegionRefIndexed index="1" regionRef="tr_2"/>
            </OrderedGroup>
        </ReadingOrder>
        <TextRegion orientation="0.0" id="tr_1" custom="readingOrder {index:0;}">
            <Coords points="379,2758 379,3033 605,3033 605,2758"/>
            <TextLine id="tr_1_tl_1" custom="readingOrder {index:0;}">
                <Coords points="398,2856 436,2861 447,2872 470,2854 480,2867 501,2856 529,2867 602,2846 604,2787 586,2781 578,2787 532,2756 498,2756 475,2737 447,2756 431,2750 400,2763"/>
                <Baseline points="411,2841 438,2840 466,2838 494,2840 521,2841 549,2841 577,2838 605,2832"/>
                <TextEquiv>
                    <Unicode>Iten</Unicode>
                </TextEquiv>
            </TextLine>
            <TextLine id="tr_1_tl_2" custom="readingOrder {index:1;}">
                <Coords points="364,3040 385,3040 408,3024 429,3027 442,3016 462,3029 491,3016 545,3058 571,3060 576,2952 560,2949 540,2960 496,2934 478,2944 457,2931 447,2941 421,2918 395,2941 367,2929"/>
                <Baseline points="379,2996 404,2995 429,2992 454,2990 479,2990 504,2990 529,2990 554,2989 579,2987"/>
                <TextEquiv>
                    <Unicode>regen</Unicode>
                </TextEquiv>
            </TextLine>
            <TextEquiv>
                <Unicode></Unicode>
            </TextEquiv>
        </TextRegion>
        <TextRegion orientation="0.0" id="tr_2" custom="readingOrder {index:1;}">
            <Coords points="668,548 668,3394 2838,3394 2838,548"/>
            <TextLine id="tr_2_tl_1" custom="readingOrder {index:0;}">
                <Coords points="842,648 1965,656 1960,555 1867,578 1632,516 1550,563 1286,560 837,488"/>
                <Baseline points="856,599 911,598 967,597 1022,599 1078,599 1133,603 1189,605 1244,607 1300,608 1355,611 1411,612 1467,616 1522,617 1578,617 1633,620 1689,622 1744,623 1800,626 1855,627 1911,629 1967,629"/>
                <TextEquiv>
                    <Unicode>Loblein: (resigniert). Weiter!</Unicode>
                </TextEquiv>
            </TextLine>
            <TextLine id="tr_2_tl_2" custom="readingOrder {index:1;}">
                <Coords points="772,777 1772,813 1901,759 2115,829 2327,788 2709,808 2704,684 2544,746 2347,677 2136,726 1338,643 767,656"/>
                <Baseline points="785,722 881,725 977,730 1074,731 1170,736 1267,736 1363,740 1459,743 1556,747 1652,753 1749,752 1845,757 1941,760 2038,764 2134,770 2231,770 2327,774 2423,775 2520,779 2616,782 2713,779"/>
                <TextEquiv>
                    <Unicode>Dogelmann: (in der Kolle) Ich welss, ich weiss, eine</Unicode>
                </TextEquiv>
            </TextLine>
            <TextLine id="tr_2_tl_3" custom="readingOrder {index:2;}">
                <Coords points="767,927 1033,881 1723,886 1942,901 2012,950 2559,914 2725,956 2833,937 2830,844 2154,803 1857,860 1658,790 919,811 762,777"/>
                <Baseline points="779,841 887,851 995,859 1104,863 1212,865 1320,869 1429,874 1537,877 1645,880 1754,880 1862,887 1971,891 2079,892 2187,898 2296,901 2404,905 2512,909 2621,913 2729,915 2838,922"/>
                <TextEquiv>
                    <Unicode>Dame war bei dir. Ich hörte sogar das Kleid reuschen</Unicode>
                </TextEquiv>
            </TextLine>
            <TextLine id="tr_2_tl_4" custom="readingOrder {index:3;}">
                <Coords points="759,1033 1519,1048 1632,1015 2221,1059 2311,1041 2309,940 1808,976 1312,881 754,922"/>
                <Baseline points="770,982 847,984 924,983 1002,988 1079,991 1157,992 1234,996 1312,999 1389,1002 1467,1005 1544,1006 1621,1008 1699,1011 1776,1014 1854,1017 1931,1020 2009,1020 2086,1024 2164,1026 2241,1032 2319,1029"/>
                <TextEquiv>
                    <Unicode>Ich habe dafür feine Ohren, noch immer-.</Unicode>
                </TextEquiv>
            </TextLine>
            <TextLine id="tr_2_tl_5" custom="readingOrder {index:4;}">
                <Coords points="754,1198 1281,1206 1410,1165 1686,1201 1777,1165 2035,1203 2154,1165 2200,1203 2784,1214 2779,1100 2482,1069 2371,1108 1766,1105 1570,1033 1041,1059 992,1020 899,1064 749,1033"/>
                <Baseline points="767,1113 868,1113 969,1116 1070,1121 1171,1122 1272,1127 1373,1130 1474,1136 1575,1140 1676,1141 1777,1142 1878,1148 1979,1152 2080,1155 2181,1158 2282,1164 2383,1164 2484,1168 2585,1174 2686,1176 2787,1182"/>
                <TextEquiv>
                    <Unicode>Gregor: (in der Robiel Der dürfte woht nebenäctttoh</Unicode>
                </TextEquiv>
            </TextLine>
            <TextLine id="tr_2_tl_6" custom="readingOrder {index:5;}">
                <Coords points="744,1307 824,1322 956,1258 1020,1291 1490,1268 1568,1304 1929,1278 2180,1322 2177,1206 739,1198"/>
                <Baseline points="755,1241 826,1244 898,1246 969,1246 1041,1251 1112,1253 1184,1255 1255,1256 1327,1256 1398,1260 1470,1265 1541,1263 1613,1268 1684,1270 1756,1272 1827,1277 1899,1277 1970,1280 2042,1282 2113,1286 2185,1292"/>
                <TextEquiv>
                    <Unicode>sein Das gehört wohl kaum zur Sache.</Unicode>
                </TextEquiv>
            </TextLine>
            <TextLine id="tr_2_tl_7" custom="readingOrder {index:6;}">
                <Coords points="744,1415 1028,1462 1898,1418 2128,1485 2298,1438 2730,1454 2748,1351 1865,1356 1640,1286 1493,1325 741,1314"/>
                <Baseline points="758,1364 858,1371 958,1374 1058,1381 1158,1382 1258,1386 1358,1390 1458,1393 1558,1396 1658,1399 1758,1402 1858,1405 1958,1410 2058,1414 2158,1416 2258,1419 2358,1425 2458,1426 2558,1433 2658,1435 2758,1435"/>
                <TextEquiv>
                    <Unicode>Karl Bern: Auf Ihre Kritik kann ich verzichten, Her</Unicode>
                </TextEquiv>
            </TextLine>
            <TextLine id="tr_2_tl_8" custom="readingOrder {index:7;}">
                <Coords points="736,1531 927,1565 1033,1547 1028,1446 992,1436 974,1454 940,1446 919,1459 883,1438 819,1446 731,1423"/>
                <Baseline points="749,1492 775,1495 801,1499 827,1502 854,1504 880,1504 906,1504 932,1504 959,1506 985,1508 1011,1510 1038,1507"/>
                <TextEquiv>
                    <Unicode>Gregor.</Unicode>
                </TextEquiv>
            </TextLine>
            <TextLine id="tr_2_tl_9" custom="readingOrder {index:8;}">
                <Coords points="739,1676 816,1702 909,1707 950,1684 1043,1707 1116,1658 1307,1663 1304,1580 976,1591 736,1560"/>
                <Baseline points="752,1629 780,1629 808,1630 836,1632 864,1634 892,1635 920,1635 948,1635 976,1635 1004,1635 1032,1636 1060,1638 1088,1640 1116,1641 1144,1641 1172,1642 1200,1644 1228,1644 1256,1645 1284,1647 1313,1650"/>
                <TextEquiv>
                    <Unicode>Gregor: Wieso?</Unicode>
                </TextEquiv>
            </TextLine>
            <TextLine id="tr_2_tl_10" custom="readingOrder {index:9;}">
                <Coords points="726,1818 1134,1800 1327,1846 1867,1803 2177,1877 2794,1846 2789,1717 2699,1699 2301,1769 2058,1720 1782,1743 1526,1630 1294,1720 723,1702"/>
                <Baseline points="737,1761 840,1762 943,1763 1046,1770 1150,1771 1253,1776 1356,1781 1459,1782 1563,1788 1666,1790 1769,1793 1872,1795 1976,1801 2079,1802 2182,1809 2285,1808 2389,1817 2492,1820 2595,1820 2698,1825 2802,1829"/>
                <TextEquiv>
                    <Unicode>Karl Bern: Es wird woll doch einigermasen zur Sache</Unicode>
                </TextEquiv>
            </TextLine>
            <TextLine id="tr_2_tl_11" custom="readingOrder {index:10;}">
                <Coords points="723,1916 772,1914 909,1965 953,1950 1002,1965 1064,1958 1061,1859 1025,1857 992,1834 948,1846 860,1823 788,1836 772,1826 723,1846"/>
                <Baseline points="737,1898 762,1896 787,1895 813,1895 838,1894 864,1892 889,1892 915,1892 940,1894 966,1895 991,1897 1017,1898 1042,1898 1068,1901"/>
                <TextEquiv>
                    <Unicode>gehören.</Unicode>
                </TextEquiv>
            </TextLine>
            <TextLine id="tr_2_tl_12" custom="readingOrder {index:11;}">
                <Coords points="713,2063 1203,2097 1467,2048 1586,2087 2014,2058 2270,2143 2428,2110 2704,2162 2696,1958 2657,1952 2557,2001 2425,1965 2203,2017 1547,1919 1405,1976 710,1960"/>
                <Baseline points="725,2014 829,2020 933,2022 1037,2023 1141,2030 1245,2034 1349,2035 1454,2042 1558,2041 1662,2050 1766,2051 1870,2055 1974,2056 2079,2063 2183,2070 2287,2074 2391,2078 2495,2079 2599,2083 2704,2092"/>
                <TextEquiv>
                    <Unicode>Gregorillacht) Stett doch in der Rolle. (zeigt itm</Unicode>
                </TextEquiv>
            </TextLine>
            <TextLine id="tr_2_tl_13" custom="readingOrder {index:12;}">
                <Coords points="695,2203 1754,2187 2428,2247 2683,2229 2681,2159 2394,2112 1730,2138 1624,2076 690,2092"/>
                <Baseline points="707,2146 811,2149 915,2152 1019,2158 1123,2161 1227,2162 1331,2170 1436,2173 1540,2175 1644,2179 1748,2183 1852,2186 1956,2189 2061,2190 2165,2196 2269,2202 2373,2206 2477,2208 2581,2214 2686,2220"/>
                <TextEquiv>
                    <Unicode>dag Buchl Das gehört wohl kaum zur Sache. Das sage</Unicode>
                </TextEquiv>
            </TextLine>
            <TextLine id="tr_2_tl_14" custom="readingOrder {index:13;}">
                <Coords points="684,2342 1815,2317 2128,2389 2226,2373 2224,2249 1787,2193 1312,2244 1087,2187 682,2236"/>
                <Baseline points="698,2283 774,2280 851,2282 927,2280 1004,2283 1080,2288 1157,2292 1233,2292 1310,2297 1386,2303 1463,2301 1540,2306 1616,2307 1693,2308 1769,2310 1846,2315 1922,2316 1999,2316 2075,2317 2152,2316 2229,2313"/>
                <TextEquiv>
                    <Unicode>ich zu Soktor üitte, den Von Jumakpln</Unicode>
                </TextEquiv>
            </TextLine>
            <TextLine id="tr_2_tl_15" custom="readingOrder {index:14;}">
                <Coords points="780,2490 899,2443 1090,2487 1454,2443 1578,2477 1908,2456 2205,2539 2363,2484 2613,2502 2608,2417 2533,2391 2459,2425 1986,2373 1813,2404 1552,2332 1191,2384 772,2332"/>
                <Baseline points="791,2408 882,2411 973,2411 1064,2417 1155,2423 1246,2424 1337,2429 1429,2433 1520,2433 1611,2438 1702,2441 1793,2442 1884,2447 1975,2451 2067,2456 2158,2459 2249,2462 2340,2464 2431,2471 2522,2474 2614,2477"/>
                <TextEquiv>
                    <Unicode>Karl Bern: Perdon, Sie haben Recht, Herr Gregor</Unicode>
                </TextEquiv>
            </TextLine>
            <TextLine id="tr_2_tl_16" custom="readingOrder {index:15;}">
                <Coords points="692,2572 759,2598 850,2549 1079,2601 1201,2590 1229,2559 1415,2582 1413,2497 1366,2479 1110,2495 984,2446 824,2482 764,2451 690,2466"/>
                <Baseline points="707,2534 742,2539 778,2540 813,2540 849,2541 884,2543 920,2543 955,2545 991,2547 1026,2549 1062,2549 1097,2551 1133,2552 1168,2553 1204,2555 1239,2555 1275,2555 1310,2555 1346,2555 1381,2555 1417,2558"/>
                <TextEquiv>
                    <Unicode>entschuldigen Sie.</Unicode>
                </TextEquiv>
            </TextLine>
            <TextLine id="tr_2_tl_17" custom="readingOrder {index:16;}">
                <Coords points="1653,2611 1666,2611 1723,2564 1751,2564 1772,2575 1797,2562 1831,2567 1831,2456 1759,2459 1723,2474 1710,2466 1692,2484 1676,2479 1653,2487"/>
                <Baseline points="1668,2558 1696,2560 1724,2562 1753,2564 1781,2562 1809,2560 1838,2558"/>
                <TextEquiv>
                    <Unicode>Neit</Unicode>
                </TextEquiv>
            </TextLine>
            <TextLine id="tr_2_tl_18" custom="readingOrder {index:17;}">
                <Coords points="808,2621 839,2626 857,2616 868,2624 886,2619 917,2634 943,2619 981,2632 1005,2616 1020,2616 1018,2577 1002,2577 966,2557 945,2564 937,2559 922,2570 906,2559 873,2562 865,2570 847,2552 806,2562"/>
                <Baseline points="823,2611 848,2611 873,2611 899,2611 924,2612 949,2613 975,2613 1000,2611 1026,2617"/>
                <TextEquiv>
                    <Unicode>Nehen</Unicode>
                </TextEquiv>
            </TextLine>
            <TextLine id="tr_2_tl_19" custom="readingOrder {index:18;}">
                <Coords points="1209,2634 2412,2678 2435,2549 2329,2577 2193,2533 1924,2590 1206,2567"/>
                <Baseline points="1223,2623 1284,2617 1345,2619 1406,2623 1467,2627 1528,2629 1589,2627 1650,2634 1711,2630 1772,2634 1833,2634 1894,2635 1955,2639 2016,2643 2077,2644 2138,2648 2199,2648 2260,2644 2321,2646 2382,2644 2444,2641"/>
                <TextEquiv>
                    <Unicode>zu hrte albettet u sect woh geben</Unicode>
                </TextEquiv>
            </TextLine>
            <TextLine id="tr_2_tl_20" custom="readingOrder {index:19;}">
                <Coords points="692,2704 992,2774 1152,2701 1397,2756 1653,2709 1947,2763 2025,2727 2603,2753 2624,2652 1475,2663 1082,2598 914,2637 687,2608"/>
                <Baseline points="704,2671 800,2674 896,2677 992,2675 1089,2682 1185,2686 1281,2686 1377,2692 1474,2693 1570,2698 1666,2701 1762,2704 1859,2706 1955,2713 2051,2713 2147,2713 2244,2717 2340,2722 2436,2725 2532,2725 2629,2725"/>
                <TextEquiv>
                    <Unicode>Greger: Ein Dichter, der seln etgenes Stucknicht.</Unicode>
                </TextEquiv>
            </TextLine>
            <TextLine id="tr_2_tl_21" custom="readingOrder {index:20;}">
                <Coords points="1596,2784 1741,2828 1831,2794 1952,2841 2366,2799 2461,2838 2681,2805 2678,2748 2311,2725 2208,2771 2069,2725 1947,2763 1661,2709 1593,2740"/>
                <Baseline points="1608,2773 1661,2774 1715,2778 1769,2783 1823,2786 1877,2790 1931,2793 1985,2795 2039,2803 2093,2803 2147,2802 2200,2801 2254,2798 2308,2794 2362,2793 2416,2793 2470,2793 2524,2793 2578,2793 2632,2790 2686,2793"/>
                <TextEquiv>
                    <Unicode>die det mot s He R mih gelee</Unicode>
                </TextEquiv>
            </TextLine>
            <TextLine id="tr_2_tl_22" custom="readingOrder {index:21;}">
                <Coords points="687,2856 772,2877 790,2859 844,2867 875,2846 930,2861 950,2846 968,2854 1025,2823 1059,2836 1056,2768 1023,2758 997,2774 932,2756 917,2766 878,2735 816,2756 757,2735 684,2735"/>
                <Baseline points="701,2802 726,2804 752,2805 778,2803 804,2803 829,2805 855,2805 881,2805 907,2807 933,2809 958,2810 984,2812 1010,2814 1036,2815 1062,2820"/>
                <TextEquiv>
                    <Unicode>kennt..</Unicode>
                </TextEquiv>
            </TextLine>
            <TextLine id="tr_2_tl_23" custom="readingOrder {index:22;}">
                <Coords points="1376,2885 1438,2887 1482,2910 1495,2898 1570,2903 1591,2885 1624,2895 1640,2882 1730,2898 1730,2833 1697,2830 1661,2854 1547,2771 1500,2768 1469,2748 1444,2761 1376,2748"/>
                <Baseline points="1390,2880 1416,2878 1443,2876 1470,2874 1496,2874 1523,2874 1550,2874 1576,2875 1603,2877 1630,2879 1656,2879 1683,2878 1710,2876 1737,2874"/>
                <TextEquiv>
                    <Unicode>r ba.</Unicode>
                </TextEquiv>
            </TextLine>
            <TextLine id="tr_2_tl_24" custom="readingOrder {index:23;}">
                <Coords points="1782,2918 2084,2898 2123,2923 2399,2887 2539,2934 2570,2903 2619,2913 2619,2851 2564,2872 2355,2799 2306,2830 2177,2810 1950,2841 1779,2797"/>
                <Baseline points="1796,2874 1837,2874 1879,2877 1920,2879 1962,2884 2003,2886 2045,2886 2086,2887 2128,2890 2169,2891 2211,2889 2252,2889 2294,2889 2335,2889 2377,2886 2418,2891 2460,2894 2501,2895 2543,2899 2584,2903 2626,2901"/>
                <TextEquiv>
                    <Unicode>sintnet wel ist ob gu</Unicode>
                </TextEquiv>
            </TextLine>
            <TextLine id="tr_2_tl_25" custom="readingOrder {index:24;}">
                <Coords points="679,2975 1271,2978 1557,3034 1756,2975 2169,3050 2288,3001 2407,3045 2701,3019 2670,2898 2391,2939 2319,2900 1320,2900 1201,2825 1118,2864 1028,2823 932,2864 674,2854"/>
                <Baseline points="692,2928 792,2931 893,2935 994,2937 1095,2940 1195,2946 1296,2947 1397,2952 1498,2958 1598,2962 1699,2964 1800,2966 1901,2970 2001,2974 2102,2977 2203,2984 2304,2984 2404,2990 2505,2994 2606,2995 2707,2999"/>
                <TextEquiv>
                    <Unicode>Kerl Bern: Men kann sie nicht früh genug vergesgen.</Unicode>
                </TextEquiv>
            </TextLine>
            <TextLine id="tr_2_tl_26" custom="readingOrder {index:25;}">
                <Coords points="671,3081 927,3104 968,3138 1061,3091 1588,3107 1586,3027 1464,2996 1345,3029 1309,2998 1247,3019 904,2972 669,2988"/>
                <Baseline points="686,3059 731,3059 776,3062 821,3062 866,3065 912,3065 957,3068 1002,3068 1047,3068 1092,3071 1138,3074 1183,3074 1228,3074 1273,3077 1318,3080 1364,3080 1409,3083 1454,3083 1499,3083 1544,3086 1590,3086"/>
                <TextEquiv>
                    <Unicode>Loblein: Heiter, weiterl</Unicode>
                </TextEquiv>
            </TextLine>
            <TextLine id="tr_2_tl_27" custom="readingOrder {index:26;}">
                <Coords points="671,3233 1438,3269 1911,3226 2469,3251 2575,3316 2730,3282 2727,3197 2407,3156 2280,3187 2071,3117 1921,3148 1797,3099 1601,3166 1405,3094 1103,3153 1025,3117 953,3151 666,3122"/>
                <Baseline points="683,3184 785,3192 888,3193 991,3199 1093,3196 1196,3203 1299,3207 1401,3211 1504,3213 1607,3218 1710,3226 1812,3225 1915,3228 2018,3232 2120,3235 2223,3238 2326,3242 2428,3247 2531,3252 2634,3259 2737,3262"/>
                <TextEquiv>
                    <Unicode>Gregerisabrichtlich) Das gehört wohl kann zur Sache.</Unicode>
                </TextEquiv>
            </TextLine>
            <TextLine id="tr_2_tl_28" custom="readingOrder {index:27;}">
                <Coords points="1790,3300 1880,3280 1960,3308 2435,3324 2430,3259 2402,3251 2074,3267 1911,3226 1787,3241"/>
                <Baseline points="1802,3268 1835,3272 1869,3277 1902,3281 1936,3283 1970,3283 2003,3286 2037,3290 2071,3292 2104,3292 2138,3293 2171,3296 2205,3298 2239,3298 2272,3301 2306,3304 2340,3304 2373,3306 2407,3307 2441,3307"/>
                <TextEquiv>
                    <Unicode>icolibut. Aa Bo</Unicode>
                </TextEquiv>
            </TextLine>
            <TextLine id="tr_2_tl_29" custom="readingOrder {index:28;}">
                <Coords points="659,3409 682,3411 708,3393 723,3409 744,3411 821,3388 850,3406 878,3406 870,3259 832,3254 777,3269 690,3228 648,3231"/>
                <Baseline points="668,3310 694,3315 721,3320 747,3321 774,3322 800,3322 827,3324 853,3325 880,3325"/>
                <TextEquiv>
                    <Unicode>Praa</Unicode>
                </TextEquiv>
            </TextLine>
            <TextLine id="tr_2_tl_30" custom="readingOrder {index:29;}">
                <Coords points="901,3380 1307,3344 1611,3414 2490,3396 2490,3326 1934,3326 1593,3246 1402,3285 899,3246"/>
                <Baseline points="916,3343 999,3349 1082,3352 1165,3346 1248,3340 1331,3341 1414,3340 1497,3346 1580,3348 1663,3351 1747,3352 1830,3355 1913,3357 1996,3358 2079,3361 2162,3364 2245,3369 2328,3373 2411,3377 2495,3376"/>
                <TextEquiv>
                    <Unicode>l dach wieee dir geht. Nar vernchete</Unicode>
                </TextEquiv>
            </TextLine>
            <TextEquiv>
                <Unicode></Unicode>
            </TextEquiv>
        </TextRegion>
    </Page>
</PcGts>
