3128 3496
2553 279 2712 387 285
757 469 1421 585 selbst diextire.
757 519 2697 719 (Präsident Fricke und Helene an der Brüstung, hin-
777 684 2457 866 ter ihnen auf der kleinen Bank Karl Bern.)
767 785 2094 1003 nenger: i ner Zeht, derr Aektor.
775 937 2735 1104 Larl Bern: Erst nach dem dritien Akt,ich habls ja
777 1089 1626 1264 dem egleseur gesagt.
780 1167 2578 1398 ielene: leich nach karl Bern zuwendend und ihm
788 1398 1218 1547 Zunickendl
793 1479 2758 1639 Karl Bern: (tritt zum Ansager auf den Logengang hi-
795 1664 1064 1763 naus).
815 1717 2824 1882 (In diesem Eggenblick ist der Akt zu Ende. Applaus)
808 1856 2824 2013 Ansager: Hschet- Zeit, Herr Doktor, dass wir noch un-
808 1993 2730 2178 ten zurecht kommen. Hätten schon nach dem ersten
1606 2087 1796 2173 den1.
805 2130 2370 2277 Akt drscheinen sollen. Unser Publikum-
813 2236 2728 2401 (ansager und Karl Bern die Stufen hinab,Applaus
823 2419 1474 2530 verstArkt sich).
813 2500 2847 2707 Fricke: (tritt aus der Loge Nr.IV auf den Lorengang)
833 2639 2862 2783 Barin Graäl: (von links) Guten Abend,Herr Prasident.
828 2809 1664 2933 Fricke; Guten Abend.
1512 2867 1826 2971 Mi Jal
821 2890 2816 3092 Gradl: Ichrhatte ja schon heute einmal das Vergnü-
