3048 3592
2418 510 2582 634 196
743 637 2072 788 wenn sie bei der Tür herauskommt.
750 763 2688 935 Franzi: (als Fanni) Ich bin es müdé um deine Gnade
745 904 2688 1048 zu flehen,wie eine ünderin und vor einem auf den
738 1033 2731 1180 Epieen zu liegen, der um nichts besser ist.als ich.
760 1162 2756 1316 (sie öftnet die Tür) Herr Moritzky, darf ich bitten?
743 1296 2688 1397 Inspizient: (weist John an winder auf die Bühne zu
740 1440 1046 1576 treten)
745 1533 2216 1665 John: (Moritzky)stritt auf die Zühnel.
735 1614 2711 1844 Kari Bern: (zu dreguleint Jetzt müsst Schlués sein.
735 1832 2488 1945 Herr- Moritzky, darf ich bitten - und fertig.
735 1940 2690 2092 Ansager:(zu Karl Bern) kommen Sie nach vor, Herr-
738 2077 2637 2210 Doktor; damit Sie gleich da sind. Sie habe: keine
738 2200 2764 2362 Geduld zi die lierrschaften. Um zehn wollen sie halt
738 2344 1607 2476 beim Fachtmahl sitzen.
738 2456 2607 2569 (Auf eine Weisung des. Inspizienten hat sich die
728 2597 2557 2693 Mehrzahl der Schauspieler wieder auf, die Bühne
725 2728 2516 2829 begeben. Gregor ist unterdessen linke von der
725 2857 2168 2961 Bzene weggetreten, zu Dregulein hin)
730 2978 2688 3160 Gregor: Heat oder nte. die oder keine mehr. (Meine
725 3135 1084 3269 Rottung.
