3048 3512
1268 336 2538 532 S. allein Renc det nicht an 287
1438 474 1857 587 lur ebente
766 505 2779 693 Mati. ilae: Ich glaube nicht, dass sie Freunde sird,
781 695 1637 831 Ludwig Gerold und er.
778 816 1609 971 Helene: Warum nicht?
1918 846 2234 956 an Rutpe
788 901 2804 1059 Mathilde: Hast du sie neulich) miteinander sprechen
806 1037 2681 1237 gehört? dererkergt oder vielnhr gesehen?
798 1147 2636 1330 Ich habe zwar kein Wort gehört von dem, wes sie
813 1300 2683 1468 gesprochen haben, aber ich glaube nicht,dass sie
803 1478 1370 1604 Freunde sind.-
944 1531 2347 1752 Relen.Sei kuntert Reitt leben.
1004 1802 2078 2003 Mel. Wi wolle e darut in
