3144 3528
2443 295 2590 419 269
836 388 2657 587 Ludwig: Selbstverständlich. Ohne sie hätte ich
1850 481 2926 613 dehe Kauzi den Hanebrllen
831 567 2908 699 es vielleicht gar nicht gewusst). Sie war es ja, zuch
828 678 2608 828 die micli gestern auf die Notiz in der Zeitung
836 818 2782 973 au fmerksam gemacht hat, dass Franzi die Hauptrelle
833 947 2655 1092 Aptet. Eine Stunde, ehe der Zug in den Bahnhof
833 1066 2567 1242 einfuhr, hat sie die Notiz zufällig entdeckt.
828 1201 2732 1361 Richard: Sie weiss, dass du wegen Franzi im Thea-
818 1361 1193 1509 ter bist?
818 1467 2694 1643 Ludwig: (Selbstverständlich.) Die weiss noch viel
818 1615 2631 1765 mehr. Ich werde nie ein üeheinnis vor ihr ha-
815 1728 1923 1886 ben. Und sie keines vor mir.
818 1889 2505 2008 ichard: Du spielst ein gefährliches Spiel.
810 2003 2675 2155 Ludwig: In der Liebe gibt es keine andern. Ge-
825 2127 2629 2311 fährliches Spiel oder lächerlicher Ernst - wir
805 2269 1415 2412 haben die Wahl:
802 2393 2691 2575 Richard: (plötzlich) Du wirst Franzi in Ruhe las-
802 2541 970 2652 sen.
800 2655 2665 2820 Ludwig: (versteht zuerst nicht, dann lachend) Ach
792 2797 2655 2939 So.- Was fällt dir denn eigentlich ein? Du bist
787 2924 1309 3074 doch verlobt:
