3128 3496
2330 237 2512 363 104
1522 256 2162 453 hete kannt os
1629 376 1800 552 Nin
597 389 1282 560 Spfel Franzis anl
595 501 2586 688 Frenzi: (I.d..) Ich aber werde Ihnen sagen, Fedor,
1378 603 1661 699 in Ihne
605 605 2706 821 warum Ih so ruhig destehe und (nicht einmal die Kraft
1920 715 2304 856 inlicht.
603 760 1808 955 208s -- Aifehlten Mort
605 891 2669 1122 Eoredeilkam sich nicht länger beherrachenl Soll de
619 1069 1664 1234 nun Spass oder Ernst sein?
632 1109 2762 1352 Intendant: Ich bitte um Rule, Fräulein Koreda. Wenn Sie
1037 1266 1424 1354 wider Umarten
629 1277 2629 1474 das Stück (interessieren sollte, so bemühen Sie sich
629 1400 2448 1589 in den Zuschauerraun. Welter, Fraulein Friesel!
635 1536 2592 1738 Hochgespanrte Stimnung auf der Bühne- Die Foerde
643 1648 2661 1856 entfernt sich von der Bühne und steht jetzt auf der
637 1810 2466 1997 Brücke zulechen zuschauerraun und Bühne)
1816 1890 1938 1978 Merl
643 1936 2677 2114 Franzt: (1.d.R.1 dus allemfes Sie sagen) aur eit den,
645 2056 2781 2282 monit Sie mir so wehe tün woblen,döre lolfnur ein tie-
648 2221 1389 2378 fes Leid heraus -.
643 2264 2738 2520 loebdsilaut der Brückel Ich ereuske un meine soforti-
667 2493 1240 2653 ee Entlassung.
672 2552 2696 2781 Intendant (Schreiben Sie ihr Gesuch, gnädige Frau,8s
664 2722 1754 2914 wird nichte im Rege stehen.
651 2784 2794 3045 Roredetlwerst einen Schritt gegen die Bühre zu, dana
675 2965 2794 3207 puruok da den Lusohenerraun, so sie aber stclen blelbt
