<?xml version="1.0" encoding="UTF-8" standalone="yes"?>
<PcGts xmlns="http://schema.primaresearch.org/PAGE/gts/pagecontent/2013-07-15" xmlns:xsi="http://www.w3.org/2001/XMLSchema-instance" xsi:schemaLocation="http://schema.primaresearch.org/PAGE/gts/pagecontent/2013-07-15 http://schema.primaresearch.org/PAGE/gts/pagecontent/2013-07-15/pagecontent.xsd">
    <Metadata>
        <Creator>prov=READ-COOP:name=PyLaia@TranskribusPlatform:version=2.7.0:model_id=50870:lm=none:date=22_01_2024_15:39</Creator>
        <Created>2023-09-27T14:32:26.387+02:00</Created>
        <LastChange>2024-01-22T15:39:42.748+01:00</LastChange>
        <TranskribusMetadata docId="1589027" pageId="60122195" pageNr="105" tsid="145620724" status="IN_PROGRESS" userId="40391" imgUrl="https://files.transkribus.eu/Get?id=BEPIVPUIWRBMJCGMQWNLNXQN&amp;fileType=view" xmlUrl="https://files.transkribus.eu/Get?id=WWHVOSMLJYOPLKURWRZPWNTL" imageId="48547274"/>
    </Metadata>
    <Page imageFilename="1589027_0105.jpg" imageWidth="3128" imageHeight="3576">
        <ReadingOrder>
            <OrderedGroup id="ro_1711795968614" caption="Regions reading order">
                <RegionRefIndexed index="0" regionRef="tr_1"/>
            </OrderedGroup>
        </ReadingOrder>
        <TextRegion orientation="0.0" id="tr_1" custom="readingOrder {index:0;}">
            <Coords points="743,367 743,3333 2984,3333 2984,367"/>
            <TextLine id="tr_1_tl_1" custom="readingOrder {index:0;}">
                <Coords points="2610,455 2687,473 2743,445 2802,473 2973,437 2991,291 2912,302 2830,271 2738,330 2664,343 2623,325"/>
                <Baseline points="2623,453 2648,450 2674,446 2700,441 2726,437 2751,433 2777,433 2803,435 2829,432 2855,428 2880,423 2906,419 2932,418 2958,413 2984,408"/>
                <TextEquiv>
                    <Unicode>he</Unicode>
                </TextEquiv>
            </TextLine>
            <TextLine id="tr_1_tl_2" custom="readingOrder {index:1;}">
                <Coords points="1539,544 1582,562 1621,534 1651,539 1664,532 1687,544 1718,532 1723,450 1700,450 1690,442 1651,458 1626,437 1595,447 1547,424"/>
                <Baseline points="1555,516 1582,516 1610,514 1638,513 1666,511 1694,509 1722,507"/>
                <TextEquiv>
                    <Unicode>dert</Unicode>
                </TextEquiv>
            </TextLine>
            <TextLine id="tr_1_tl_3" custom="readingOrder {index:2;}">
                <Coords points="780,652 997,688 1058,652 1316,670 1751,616 1848,670 2004,619 2004,504 1953,486 1603,555 1250,519 1051,560 905,501 780,511"/>
                <Baseline points="794,599 854,599 915,601 976,602 1036,605 1097,603 1158,602 1218,606 1279,608 1340,607 1401,607 1461,608 1522,606 1583,608 1643,608 1704,608 1765,608 1825,608 1886,608 1947,608 2008,611"/>
                <TextEquiv>
                    <Unicode>Eöbleine fangen wir sendlich anl</Unicode>
                </TextEquiv>
            </TextLine>
            <TextLine id="tr_1_tl_4" custom="readingOrder {index:3;}">
                <Coords points="2260,688 2288,683 2298,693 2311,680 2357,690 2395,680 2500,685 2518,680 2518,619 2500,621 2462,596 2413,598 2367,562 2316,570 2293,585 2257,578"/>
                <Baseline points="2274,665 2299,669 2324,671 2349,671 2374,671 2399,671 2424,671 2449,671 2474,673 2499,674 2525,671"/>
                <TextEquiv>
                    <Unicode>hinaus,</Unicode>
                </TextEquiv>
            </TextLine>
            <TextLine id="tr_1_tl_5" custom="readingOrder {index:4;}">
                <Coords points="767,769 1058,805 1125,752 1332,810 1539,767 1695,798 2344,767 2774,818 2774,660 2518,698 2160,652 1897,700 1797,642 1245,693 1107,652 1063,685 767,670"/>
                <Baseline points="782,722 887,729 992,734 1097,731 1202,734 1308,734 1413,734 1518,732 1623,735 1728,737 1834,737 1939,737 2044,737 2149,739 2254,740 2360,740 2465,739 2570,737 2675,741 2781,743"/>
                <TextEquiv>
                    <Unicode>Gregor: (der vorher Dögelmann zur Türe Angeschoben</Unicode>
                </TextEquiv>
            </TextLine>
            <TextLine id="tr_1_tl_6" custom="readingOrder {index:5;}">
                <Coords points="775,895 943,897 1020,946 1334,915 1452,948 1720,900 2114,943 2278,877 2748,915 2748,815 2666,800 1996,831 1866,782 1774,821 1526,769 1334,808 775,785"/>
                <Baseline points="788,859 886,862 984,863 1083,865 1181,863 1279,865 1378,865 1476,862 1574,867 1673,866 1771,868 1869,868 1968,868 2066,868 2164,869 2263,871 2361,868 2459,867 2558,869 2656,868 2755,862"/>
                <TextEquiv>
                    <Unicode>hat, beginnt seine Kolle zu sprechen) Das ist wirk-</Unicode>
                </TextEquiv>
            </TextLine>
            <TextLine id="tr_1_tl_7" custom="readingOrder {index:6;}">
                <Coords points="777,1020 953,1061 1097,1010 1314,1058 1426,1015 2382,1005 2697,1086 2832,1022 2832,905 2789,900 2674,936 2436,902 2239,953 777,923"/>
                <Baseline points="791,991 893,991 995,991 1097,993 1199,991 1302,993 1404,992 1506,993 1608,994 1710,993 1813,996 1915,996 2017,995 2119,996 2221,996 2324,998 2426,998 2528,999 2630,999 2732,1000 2835,1005"/>
                <TextEquiv>
                    <Unicode>lich, schön, dass du dich wieder einmal blicken lässt.</Unicode>
                </TextEquiv>
            </TextLine>
            <TextLine id="tr_1_tl_8" custom="readingOrder {index:7;}">
                <Coords points="759,1145 1056,1199 2472,1132 2638,1212 2789,1212 2789,1061 2745,1058 2324,1086 2229,1033 1912,1012 1754,1066 1531,1015 1434,1071 1207,1020 1097,1074 759,1074"/>
                <Baseline points="773,1119 874,1121 975,1122 1076,1122 1177,1119 1278,1125 1379,1122 1481,1122 1582,1125 1683,1125 1784,1125 1885,1125 1986,1128 2087,1127 2189,1125 2290,1128 2391,1128 2492,1128 2593,1133 2694,1134 2796,1137"/>
                <TextEquiv>
                    <Unicode>Dggelmann: (tritt jetzt auf) No ist denn der Dienerl</Unicode>
                </TextEquiv>
            </TextLine>
            <TextLine id="tr_1_tl_9" custom="readingOrder {index:8;}">
                <Coords points="757,1283 1132,1329 1416,1270 1856,1296 1876,1171 754,1194"/>
                <Baseline points="770,1247 825,1250 881,1250 937,1252 993,1250 1049,1252 1104,1250 1160,1254 1216,1253 1272,1253 1328,1253 1383,1253 1439,1253 1495,1256 1551,1255 1607,1255 1662,1253 1718,1256 1774,1255 1830,1253 1886,1256"/>
                <TextEquiv>
                    <Unicode>Esblein: Was für ein Diener?</Unicode>
                </TextEquiv>
            </TextLine>
            <TextLine id="tr_1_tl_10" custom="readingOrder {index:9;}">
                <Coords points="764,1411 1038,1437 1089,1393 1293,1391 1434,1460 1603,1388 1708,1437 1789,1398 2666,1406 2664,1316 2428,1265 1759,1314 1587,1278 1493,1334 1414,1296 1189,1334 762,1299"/>
                <Baseline points="779,1382 873,1382 968,1379 1062,1379 1157,1381 1252,1381 1346,1384 1441,1385 1535,1385 1630,1385 1725,1388 1819,1385 1914,1388 2008,1388 2103,1387 2198,1390 2292,1390 2387,1390 2481,1393 2576,1390 2671,1388"/>
                <TextEquiv>
                    <Unicode>Dögedmann: Der mir die Für öftnet, mir Winterrock</Unicode>
                </TextEquiv>
            </TextLine>
            <TextLine id="tr_1_tl_11" custom="readingOrder {index:10;}">
                <Coords points="1056,1462 1071,1467 1102,1449 1120,1460 1155,1457 1168,1465 1176,1460 1189,1470 1209,1465 1224,1449 1237,1449 1240,1406 1224,1406 1209,1393 1181,1396 1171,1388 1155,1393 1143,1385 1117,1398 1058,1388"/>
                <Baseline points="1071,1450 1099,1448 1128,1446 1157,1444 1186,1444 1215,1445 1244,1447"/>
                <TextEquiv>
                    <Unicode>Hoh</Unicode>
                </TextEquiv>
            </TextLine>
            <TextLine id="tr_1_tl_12" custom="readingOrder {index:11;}">
                <Coords points="759,1575 946,1529 994,1559 1265,1536 1352,1580 1408,1570 1406,1455 989,1467 833,1442 757,1462"/>
                <Baseline points="773,1510 805,1510 837,1510 869,1510 901,1510 933,1510 965,1510 997,1510 1029,1510 1061,1510 1093,1510 1125,1510 1157,1512 1189,1513 1221,1513 1253,1513 1285,1514 1317,1516 1349,1516 1381,1516 1414,1519"/>
                <TextEquiv>
                    <Unicode>und Hut abnimmt.</Unicode>
                </TextEquiv>
            </TextLine>
            <TextLine id="tr_1_tl_13" custom="readingOrder {index:12;}">
                <Coords points="764,1682 1071,1715 1342,1651 1623,1685 1708,1651 1861,1695 2224,1672 2221,1598 2142,1567 2058,1600 1794,1549 1687,1595 1419,1557 1270,1590 1189,1552 964,1595 762,1575"/>
                <Baseline points="776,1635 848,1638 921,1639 993,1641 1066,1643 1139,1641 1211,1641 1284,1641 1357,1644 1429,1644 1502,1644 1575,1644 1647,1644 1720,1642 1793,1647 1865,1647 1938,1647 2011,1648 2083,1649 2156,1652 2229,1650"/>
                <TextEquiv>
                    <Unicode>Esblein: Sie haben draussen abgelegt.</Unicode>
                </TextEquiv>
            </TextLine>
            <TextLine id="tr_1_tl_14" custom="readingOrder {index:13;}">
                <Coords points="2561,1720 2605,1728 2625,1708 2658,1710 2682,1690 2697,1687 2722,1697 2730,1605 2715,1603 2702,1613 2697,1608 2633,1636 2610,1631 2602,1621 2595,1628 2569,1618"/>
                <Baseline points="2579,1701 2608,1700 2638,1698 2668,1696 2698,1692 2728,1686"/>
                <TextEquiv>
                    <Unicode>et</Unicode>
                </TextEquiv>
            </TextLine>
            <TextLine id="tr_1_tl_15" custom="readingOrder {index:14;}">
                <Coords points="757,1807 1304,1777 1508,1833 1669,1792 2380,1787 2505,1843 2587,1794 2774,1787 2743,1725 2411,1736 2280,1697 2191,1733 1843,1679 859,1725 757,1674"/>
                <Baseline points="770,1770 870,1768 970,1772 1071,1773 1171,1773 1272,1773 1372,1773 1473,1776 1573,1773 1674,1776 1774,1776 1874,1776 1975,1776 2075,1779 2176,1782 2276,1779 2377,1782 2477,1779 2578,1779 2678,1779 2779,1776"/>
                <TextEquiv>
                    <Unicode>Dogelmann: Pardon, es war so arrangiert, dass das Pu-</Unicode>
                </TextEquiv>
            </TextLine>
            <TextLine id="tr_1_tl_16" custom="readingOrder {index:15;}">
                <Coords points="762,1922 895,1961 1017,1915 1281,1958 1593,1920 1782,1963 2574,1925 2758,1981 2799,1966 2799,1858 2091,1866 1598,1800 1278,1838 1092,1779 948,1838 759,1823"/>
                <Baseline points="776,1901 877,1901 978,1901 1080,1901 1181,1901 1283,1902 1384,1905 1486,1904 1587,1907 1689,1906 1790,1907 1891,1907 1993,1905 2094,1910 2196,1910 2297,1910 2399,1912 2500,1911 2602,1910 2703,1913 2805,1910"/>
                <TextEquiv>
                    <Unicode>biitum steht, uts ich dem Diener den Winterrock über-</Unicode>
                </TextEquiv>
            </TextLine>
            <TextLine id="tr_1_tl_17" custom="readingOrder {index:16;}">
                <Coords points="754,2091 861,2037 910,2063 999,2040 1094,2065 1130,2048 1173,2081 1237,2055 1268,2078 1403,2060 1467,2083 1467,1976 1342,1935 1304,1968 1094,1981 1007,1956 956,1984 754,1966"/>
                <Baseline points="767,2032 802,2029 837,2031 873,2032 908,2032 943,2032 979,2032 1014,2030 1049,2031 1085,2031 1120,2029 1155,2029 1191,2029 1226,2029 1261,2029 1297,2029 1332,2029 1367,2029 1403,2028 1438,2026 1474,2026"/>
                <TextEquiv>
                    <Unicode>gebene, Aut, Stock-</Unicode>
                </TextEquiv>
            </TextLine>
            <TextLine id="tr_1_tl_18" custom="readingOrder {index:17;}">
                <Coords points="767,2239 2812,2224 2812,2096 2474,2114 2129,2040 2019,2071 1846,2032 1587,2106 1513,2065 1319,2106 1043,2086 984,2045 826,2055 767,2104"/>
                <Baseline points="782,2161 883,2159 985,2160 1087,2159 1189,2161 1290,2162 1392,2164 1494,2164 1596,2165 1697,2167 1799,2167 1901,2167 2003,2169 2104,2170 2206,2170 2308,2173 2410,2172 2511,2170 2613,2173 2715,2173 2817,2176"/>
                <TextEquiv>
                    <Unicode>ng1der den Diener spielt, ersctelnt plötzlich</Unicode>
                </TextEquiv>
            </TextLine>
            <TextLine id="tr_1_tl_19" custom="readingOrder {index:18;}">
                <Coords points="1912,2331 1940,2344 1961,2329 2060,2339 2096,2319 2142,2344 2196,2311 2250,2306 2250,2239 2188,2211 2076,2234 2040,2214 1979,2206 1938,2234 1912,2232"/>
                <Baseline points="1925,2283 1950,2281 1975,2280 2001,2280 2026,2280 2052,2280 2077,2281 2103,2283 2128,2281 2154,2280 2179,2278 2205,2278 2230,2279 2256,2283"/>
                <TextEquiv>
                    <Unicode>Slimt:</Unicode>
                </TextEquiv>
            </TextLine>
            <TextLine id="tr_1_tl_20" custom="readingOrder {index:19;}">
                <Coords points="729,2344 851,2313 1084,2359 1171,2324 1800,2339 1797,2229 1736,2211 1209,2255 726,2224"/>
                <Baseline points="743,2283 796,2287 849,2290 902,2292 955,2290 1008,2286 1061,2289 1114,2292 1167,2293 1220,2295 1274,2292 1327,2295 1380,2294 1433,2291 1486,2293 1539,2295 1592,2295 1645,2292 1698,2292 1751,2292 1805,2295"/>
                <TextEquiv>
                    <Unicode>an der Füre, grüsst privetl.</Unicode>
                </TextEquiv>
            </TextLine>
            <TextLine id="tr_1_tl_21" custom="readingOrder {index:20;}">
                <Coords points="1462,2367 1506,2375 1521,2362 1539,2377 1559,2370 1580,2382 1590,2375 1618,2385 1679,2382 1672,2296 1644,2303 1631,2296 1539,2296 1516,2306 1503,2296 1457,2290"/>
                <Baseline points="1477,2361 1503,2364 1529,2367 1555,2369 1581,2372 1607,2375 1633,2376 1659,2376 1686,2379"/>
                <TextEquiv>
                    <Unicode>Pegnlein</Unicode>
                </TextEquiv>
            </TextLine>
            <TextLine id="tr_1_tl_22" custom="readingOrder {index:21;}">
                <Coords points="729,2469 1299,2497 1575,2436 1840,2474 1904,2428 2656,2459 2656,2372 2426,2400 2096,2319 1779,2334 1710,2390 1125,2334 994,2372 907,2313 729,2347"/>
                <Baseline points="743,2414 838,2420 934,2421 1030,2420 1126,2423 1222,2425 1317,2423 1413,2420 1509,2423 1605,2424 1701,2422 1796,2423 1892,2422 1988,2424 2084,2423 2180,2426 2275,2427 2371,2429 2467,2426 2563,2426 2659,2429"/>
                <TextEquiv>
                    <Unicode>Sebyor: Ei. Herr braftfng als xt Diener - ist</Unicode>
                </TextEquiv>
            </TextLine>
            <TextLine id="tr_1_tl_23" custom="readingOrder {index:22;}">
                <Coords points="1669,2490 1700,2508 1830,2495 1876,2526 1950,2492 2058,2523 2104,2495 2173,2510 2175,2449 2114,2434 2048,2459 1940,2457 1902,2431 1858,2469 1784,2464 1756,2434 1672,2454"/>
                <Baseline points="1686,2486 1712,2488 1738,2489 1764,2491 1790,2491 1816,2489 1842,2490 1868,2492 1894,2490 1920,2489 1947,2489 1973,2488 1999,2486 2025,2484 2051,2483 2077,2483 2103,2482 2129,2478 2155,2476 2182,2474"/>
                <TextEquiv>
                    <Unicode>dic zurr. hr</Unicode>
                </TextEquiv>
            </TextLine>
            <TextLine id="tr_1_tl_24" custom="readingOrder {index:23;}">
                <Coords points="739,2561 897,2566 961,2618 1501,2554 1789,2589 2661,2561 2661,2500 2579,2482 2076,2523 1708,2508 1631,2459 1393,2503 739,2482"/>
                <Baseline points="752,2549 847,2549 943,2549 1039,2549 1135,2549 1231,2554 1326,2552 1422,2555 1518,2552 1614,2554 1710,2552 1805,2555 1901,2553 1997,2553 2093,2555 2189,2555 2284,2556 2380,2558 2476,2558 2572,2558 2668,2558"/>
                <TextEquiv>
                    <Unicode>doch nicht möglicht Hab Ich denn drei Diener in</Unicode>
                </TextEquiv>
            </TextLine>
            <TextLine id="tr_1_tl_25" custom="readingOrder {index:24;}">
                <Coords points="1508,2635 1920,2615 2030,2658 2109,2612 2214,2648 2313,2615 2354,2643 2357,2569 1887,2556 1743,2605 1700,2569 1511,2551"/>
                <Baseline points="1522,2620 1564,2623 1606,2623 1648,2625 1690,2628 1732,2627 1774,2624 1816,2619 1858,2613 1900,2611 1943,2611 1985,2611 2027,2611 2069,2611 2111,2611 2153,2611 2195,2611 2237,2611 2279,2611 2321,2608 2364,2605"/>
                <TextEquiv>
                    <Unicode>Dugulem et nit dica-</Unicode>
                </TextEquiv>
            </TextLine>
            <TextLine id="tr_1_tl_26" custom="readingOrder {index:25;}">
                <Coords points="749,2735 859,2694 1079,2694 1163,2753 1362,2702 1664,2748 1731,2712 2761,2715 2738,2618 2214,2648 2104,2615 2030,2656 1956,2618 1498,2638 1429,2600 1355,2633 746,2620"/>
                <Baseline points="761,2680 861,2680 961,2678 1061,2677 1161,2680 1261,2683 1361,2685 1462,2681 1562,2686 1662,2683 1762,2686 1862,2688 1962,2686 2062,2686 2163,2688 2263,2691 2363,2687 2463,2689 2563,2688 2663,2692 2764,2686"/>
                <TextEquiv>
                    <Unicode>diesem Stückl Herr bruling kann dech nur den arIt</Unicode>
                </TextEquiv>
            </TextLine>
            <TextLine id="tr_1_tl_27" custom="readingOrder {index:26;}">
                <Coords points="754,2812 913,2858 1181,2817 1281,2858 1521,2845 1516,2728 1429,2707 1273,2758 1112,2735 1022,2766 752,2725"/>
                <Baseline points="767,2811 804,2806 842,2805 880,2803 918,2801 956,2800 994,2802 1032,2808 1070,2810 1108,2813 1146,2814 1183,2813 1221,2811 1259,2811 1297,2814 1335,2814 1373,2816 1411,2817 1449,2818 1487,2820 1525,2820"/>
                <TextEquiv>
                    <Unicode>ten derer sotsten.</Unicode>
                </TextEquiv>
            </TextLine>
            <TextLine id="tr_1_tl_28" custom="readingOrder {index:27;}">
                <Coords points="759,2878 805,2896 861,2878 907,2891 928,2881 951,2894 1046,2886 1046,2855 1025,2860 989,2832 943,2855 910,2858 872,2832 833,2843 790,2817 759,2820"/>
                <Baseline points="773,2877 798,2877 823,2877 849,2877 874,2877 900,2879 925,2880 951,2880 976,2880 1002,2880 1027,2877 1053,2874"/>
                <TextEquiv>
                    <Unicode>Dueulen</Unicode>
                </TextEquiv>
            </TextLine>
            <TextLine id="tr_1_tl_29" custom="readingOrder {index:28;}">
                <Coords points="741,2991 1056,2981 1153,3021 1235,2965 1470,2955 1687,2960 1728,2998 1935,2947 2234,2996 2311,2958 2740,2955 2738,2899 2664,2863 2556,2876 2428,2812 1508,2845 1424,2894 1138,2853 1071,2894 739,2878"/>
                <Baseline points="755,2940 854,2940 954,2941 1053,2943 1153,2945 1252,2943 1352,2946 1451,2943 1551,2943 1650,2946 1750,2946 1850,2946 1949,2948 2049,2949 2148,2949 2248,2952 2347,2952 2447,2952 2546,2952 2646,2955 2746,2955"/>
                <TextEquiv>
                    <Unicode>exlieg:/ in einen Haus, wo Sie der Herr sind, spiel</Unicode>
                </TextEquiv>
            </TextLine>
            <TextLine id="tr_1_tl_30" custom="readingOrder {index:29;}">
                <Coords points="739,3131 1153,3101 1385,3149 1485,3091 1738,3114 1805,3078 2068,3114 2124,3106 2122,2970 1667,3001 1462,2998 1421,2960 910,3024 736,2986"/>
                <Baseline points="749,3074 818,3069 887,3068 956,3071 1025,3071 1094,3071 1163,3071 1232,3073 1301,3074 1370,3074 1440,3077 1509,3074 1578,3075 1647,3077 1716,3078 1785,3074 1854,3077 1923,3080 1992,3080 2061,3083 2131,3080"/>
                <TextEquiv>
                    <Unicode>ich auch den antlften, Herr Greger.</Unicode>
                </TextEquiv>
            </TextLine>
            <TextLine id="tr_1_tl_31" custom="readingOrder {index:30;}">
                <Coords points="2096,3162 2109,3162 2117,3154 2122,3160 2132,3154 2145,3162 2160,3152 2203,3177 2224,3175 2216,3068 2157,3075 2129,3098 2119,3096 2109,3106 2094,3103"/>
                <Baseline points="2110,3140 2139,3144 2168,3146 2197,3146 2226,3149"/>
                <TextEquiv>
                    <Unicode>ahet</Unicode>
                </TextEquiv>
            </TextLine>
            <TextLine id="tr_1_tl_32" custom="readingOrder {index:31;}">
                <Coords points="739,3290 1022,3285 1230,3200 1370,3259 1434,3218 2702,3259 2728,3142 2106,3160 1807,3083 1733,3126 1485,3088 1383,3152 736,3131"/>
                <Baseline points="749,3199 848,3199 947,3200 1047,3200 1146,3204 1246,3199 1345,3204 1444,3202 1544,3205 1643,3205 1743,3202 1842,3206 1941,3210 2041,3208 2140,3208 2240,3211 2339,3208 2438,3212 2538,3217 2637,3214 2737,3214"/>
                <TextEquiv>
                    <Unicode>lobzelne Wir branchen den Diener absolnt nicht«Es</Unicode>
                </TextEquiv>
            </TextLine>
            <TextLine id="tr_1_tl_33" custom="readingOrder {index:32;}">
                <Coords points="1010,3333 1260,3310 1304,3336 1378,3313 1462,3361 1511,3328 1639,3305 1639,3252 1557,3221 1429,3221 1365,3257 1258,3200 1153,3259 1063,3249 1010,3282"/>
                <Baseline points="1023,3310 1054,3312 1085,3310 1116,3308 1147,3310 1178,3308 1209,3307 1240,3307 1271,3309 1302,3310 1333,3310 1364,3310 1395,3311 1426,3313 1457,3313 1488,3313 1519,3312 1550,3310 1581,3308 1612,3305 1644,3301"/>
                <TextEquiv>
                    <Unicode>spictum cr¬</Unicode>
                </TextEquiv>
            </TextLine>
            <TextEquiv>
                <Unicode></Unicode>
            </TextEquiv>
        </TextRegion>
    </Page>
</PcGts>
