3096 3528
470 286 801 435 25.9.30
2524 401 2692 548 262.
995 536 2839 700 (Die Loge der Roveda öftnet sich, Dregulein ver-
974 688 2784 804 abschiedet sich eben von ihr und ihrer Miutter.
965 824 1911 937 Mutter setzt sich wieder
1953 863 2784 944 gletch nach vorn, Dre-
974 976 2519 1080 gulein bleibt noch in der Türe stehen).
969 1091 2749 1223 Dregnlein: Es sieht dir ähnlich, dass du heute
969 1246 1573 1342 im Thester bist.
962 1329 2811 1513 Roveda: Tenn ich nicht da wäre, sähe es mir auch
946 1527 2731 1632 ähnlich. Also adieu,lieber Dregulein, sehalte
946 1623 1948 1759 mich in gutem Angedenken.
958 1757 1812 1888 Dregulein: Angedenken?
946 1849 2712 2035 Rorela: Ich gastiere nächste Woche in Berlin
1586 1980 1902 2072 Mayde.
937 2010 2717 2160 maria Squart -(Feodora)- Cameliendane, diese
937 2141 2238 2293 Schmiere sieht mich nicht wieder.
953 2263 2346 2427 tregulein: Ich falle ausßen Wolken.
926 2425 1720 2528 Hoveda: Liege weich.
928 2528 2655 2664 (Baron und Löblein kommen die Stiege herauf
1568 2643 2005 2715 wiederhote
909 2685 2694 2821 Löblein: Ich versichere Sie noch einmal,Herr
937 2793 2528 2947 Intendant, die Stimnng ist ausgezeichnet.
909 2933 2664 3078 Baron: Sie können mir ruhig Baron sagen. Ich
907 3062 2699 3233 bin von deutschem Adel, der ist vorläufig noch
