3064 3496
2474 349 2641 475 228
717 509 2312 709 Dreguleini Iat schon nas verfügt wordent
1857 614 2142 699 eic dei
714 622 2782 837 Bggelmann: Vorläufig hat man eie in ihre. Garderobe
1431 783 1983 935 Kerne vis
727 819 1305 966 traneportiert.
735 871 2761 1076 Einer,laus der Gruppe zum Portier hin, Auskunft ver-
1325 1071 1649 1225 Seb
730 1094 1066 1261 Jaggendl
724 1161 2713 1367 Lndwif: Netn, ich habe Richard nicht gesehen.. 7.
1251 1292 2073 1364 us prant s im srideret
732 1356 1739 1487 Helene: Wo kann er denn-
727 1426 2661 1639 Keri Dernelkonnt aur den Thester, sieht treguleln
737 1593 1320 1780 und Dogslmann
765 1713 2697 1927 reguleinildräckt thn die Handl der ist ein ganz
748 1850 2076 2073 beeonderes Lech für einen Antor.
1788 1929 2278 2045 doch nen 1. Act
1431 1970 1718 2047 Vectee du
735 1978 2754 2201 Karl Dern: Derauf dürfte (es wohl an allerwenigeten
750 2117 2201 2312 gekohnen. (genehrt Helene,hinenter)
740 2255 2592 2440 Desekeilitm rasch entgegen) War ist geschehen?
742 2338 2695 2569 terl vern. Ust nen kenn in Hause nichte benerktt
737 2505 2628 2723 Uefens: Er Iat eie aus ihrer Ohnnacht ermecht.
1207 2636 1438 2728 Stun¬
748 2630 2767 2895 karl derai kan nelse es noch Richte- (an lasniel
748 2787 1716 2975 aben abegd, Herr dohter.
745 2874 2695 3131 Rethilder tstoht die ganze Zeld stwa,bale dolene.
763 3077 2181 3285 bera lnoms,bald k.r2 der eerchendt
