2872 3496
2205 378 2380 548 283
474 522 1972 687 etwas Aehnlichesshegemen wie diesmal.
499 674 1927 806 Ee könnte dir immer wieder begegnen,
497 758 2451 948 Weder mit dem Tod wäre etwas gewonnen noch mit et
497 892 1473 1057 ner Tregnang - auf Zelt.
502 1042 2467 1232 Richard: lausbrechend) (Wieder gut machen.) Ich habs
482 1164 2510 1356 brenrende Sehneucht darnach. Nichte ist stärker in
1306 1298 2249 1465 Ihe. marfih eiio
515 1338 1011 1483 mir als das.
502 1404 2393 1592 Mathilde: Und wenn du sie wieder zum Leben er-
512 1579 2456 1739 wecken könrtest, glaubet du, du hättest-lamit etwas
517 1668 2345 1851 gut gemacht? Was man an Jemanden gesündigt, der
507 1825 2347 1952 nicht mehr da ist, selhet wenn man selber daran
504 1954 2540 2094 schuld wäre, kann man doch immer nur an einem Leben-
520 2109 1227 2251 digen gut machen.
1972 2094 2456 2276 slarf
1308 2137 1922 2264 die Messens.
517 2221 2355 2396 Richard:(Ee könnte wahr sein, wenn die Wahrheit
1899 2299 2127 2401 titt
512 2322 2545 2522 nicht zu wohlfeil wäressand)d ann dazu an Ende selber
1653 2421 2591 2563 geln Ichhalbusse veh ich¬
527 2479 2269 2652 noch glücklich werden - enf. -. u fri
512 2591 2532 2799 Uethilde: Ja, das müertest du dann schon hinnehmen-
