3096 3592
2393 442 2549 555 241
761 576 2716 730 Hathilde: Und wäret dann noch imnerkein Held. Ich
763 676 2701 889 glaube, dass ich dich nicht höher achten, -aber ich
771 812 2495 992 furohte, dass ich dich weniger liehen würde.
1172 977 1431 1051 nur ih
763 951 2688 1156 Eichard: Ich liehe dich nicht. Ich habe auch sie
779 1079 2804 1275 richt geliebt. kann ein Merch meiner Art überhaupt
789 1223 2683 1419 tleben?(zonrte ich ein Opfer bringen-? Alemale.
794 1367 2583 1521 Extelkeit, Launs - alles für mich allein haben
789 1491 2783 1650 wollen - Gegenwart und Vergengenheit und Zukunft-
2015 1629 2866 1755 Ich linden unwers
2125 1678 2804 1794 ert ich se wecltin
792 1650 1925 1791 mit welchem Recht, frage ich?
797 1778 2786 1948 Hathilde: Wenn es darauf ankame. Mit dem Recht ist
810 1897 2768 2079 es ntcht weit her in der Weit, (ae fühl ich schon.:
810 1999 2763 2179 Vtelleicht lebt wirklich irgendwo in der Welt ein
797 2141 2711 2321 Herach - geh, geniee leben wiele hurdert, die mehr
807 2256 2840 2449 Recht auf Gellebtwerden hätten als du. Auch darauf
820 2421 2801 2573 von mir geliebt zu werden. Aber ich liebe sie eben
807 2524 2866 2704 nicht. Ich kenne sie nicht. Und wenn ich sie kennte,
815 2660 2850 2840 wurde ich gar nicht werken, dass sie ein sogenennten
807 2804 2727 2976 Recht hatten. Und wenn ich es merkte, wäre es mir
820 2989 2156 3102 wahrecheinlich sehr gleichgültig.
815 3033 2845 3308 ercherd:/ Ein glücklicher auschlee - neln. Rethilde.
