3064 3480
378 1692 686 1847 alle mich
431 2785 670 2890 sinA.
420 2903 673 3014 Mii ma
410 3001 688 3111 u. ternt
441 3085 683 3192 isi surc
2399 376 2557 499 137
725 483 2646 662 sehr echten Ton. Sie ist, echter wie meine Figur.
1918 602 2065 670 nt
738 623 2683 788 Helene: (Es ist wirklich nicht mehr geschmackvoll,
2128 709 2790 836 sei niht jeo tet
746 757 2057 909 wie du über dein Stück sprichst.;
2386 794 2667 943 en.
733 872 2417 1038 Karl Bern: Dir gefällt: es doch auch nicht.
738 1001 2764 1174 Helene: (ber nur/weil’s von dir ist. Es ist so viel
1955 1098 2675 1185 Ichen deca Vorpangtel ja moh
736 1148 2735 1311 arin (von dir) was ich nicht mag.-Uebrigens kommt es
741 1266 2801 1432 ja auf das Eine nicht an.xx (etwas scherzend)
749 1398 1477 1561 Du bist noch jung.
2039 1398 2181 1595 pre
741 1527 2751 1674 Karl Bern: (Fünfunddreissigl Ee gibt lichter,die in
741 1624 1014 1708 texom
746 1640 2788 1829 e Aiter( schon tot waren und unsterblich dazu,. Zl
794 1753 951 1826 te1
688 1766 2622 1963 -Helene: Möchteet du sum diesen Preis ein grosser
730 1915 2344 2073 Dichter sein oder vielmehr gewesen sein?
738 2039 2777 2215 Karl Bern: Ich glaub nicht. Daren liegt''s wohl. Auf
1274 2139 1474 2223 liben
1747 2139 2063 2223 tenteium
736 2186 2751 2341 der Welt sein, das, bleibt mir doch das Wichtigstes..
946 2270 1369 2352 Schei racht
738 2310 2846 2467 das lichten kommt erst in zweiter Linie oder dritter.
730 2433 2296 2601 Ich hab eben nicht den heiligen Ernet.
741 2549 2683 2727 Helene: Das fehlte noch. Ich kab ihn auch nicht.
738 2696 2451 2851 Ueberhaupt nicht viel Heiliges.u. 2,hz!
1871 2783 2042 2859 Heil¬
736 2809 2738 2993 Karl Bern: Mehr als du denkst. Aber jetzt musr ich
738 2964 1395 3111 dir Adieu sagen.
1942 2961 2746 3106 sieleciten-ie
1973 3051 2304 3179 breuzt.
1868 3119 2777 3292 hieehst des beguee
1847 3206 2044 3316 alle
