3160 3512
2553 484 2705 564 162
830 613 2372 770 (Fricke und Fran Veith treten zu ihnen)
882 750 2812 929 Trickef Aleo, es bleibt dabeilich habe einen Tiech
857 889 2774 1036 im Grand Hotel reservieren lassen, -wir können ja
852 1026 2168 1180 alle In meinem Waren hinfahren.
2052 1128 2275 1187 mlle
1547 1120 1776 1200 iist
849 1140 2677 1299 Eychard: Ich werde lteber zu Fuss nachkommen.
837 1284 2638 1433 Dach dem Theater habe ich gern etwas frische
840 1416 1078 1535 LuftB
842 1550 2814 1726 EErrtes zeichen zum Jeginn des neuen Aktes ertönt)
832 1649 2389 1826 Helene: Schof das erete Zeichen, Vater.
830 1818 2705 1992 (Frau. Veith spricht ein paar Worte mit Richarä)
827 1945 2822 2081 Helene: (zu Mathilde) was hast du? Was gibt'« denn?
817 2104 1940 2211 Mathilde: Nichts besonderes.
810 2218 1627 2325 Helene: Sprich doch.
805 2345 1659 2471 Mathilde: Es ist aus.
800 2471 2727 2638 Helene: Rede keinen Uneinn. Ee hat ja noch nicht
805 2620 1540 2735 einmal angefangen.
787 2750 1987 2881 Mathilde: Die da unten. ist es.
790 2864 1890 2985 Helene: Nieso die da unten?
770 2963 2079 3115 Mathilde: Die 1ie Franzi spielt.
770 3110 2347 3239 Helene: Wie kommst du nur aufdie Idee?
802 3214 2491 3336 Iu ubl. sentu i us suste Is ti schlet
974 3298 1741 3388 Ich wirte dh sentes
