2856 3512
225 2460 474 2597 hner
249 2542 565 2657 er liebe!!
225 2628 500 2769 -Anfel.
225 2741 382 2866 auh
576 369 1932 589 Du warst je so wunderbar gefesst.)
581 568 2500 717 Frenzi: Und meinst du denn wirklich, dass ich mir
586 683 2374 864 des vorstellen kann?Bildest du dir das einf.
581 811 2301 984 Hase ich dich jemals frieder (hergehen werde?
578 937 2416 1110 Nein, Richerd, du gehörst mir und ich lass dich
584 1057 2542 1228 keiner andern. Du bist mir verfallen geradeso. wie
1071 1167 1366 1259 heirt
589 1199 2610 1369 ich dir und ein Leben ohne dich (ihre Blicke tref-
592 1348 2494 1484 fen sich, sein soyderbares Lacheln befremdet sie.
597 1484 1188 1633 sie halt innel
594 1584 2557 1704 Richard: (als wollte er sie zum Weiter-eden ermuti-
929 1694 1264 1788 nu tt
592 1688 2518 1906 gen) Nun, jetzt Mit nur noch der Schnur, des- du
605 1848 2358 1984 dich an meinem Hochzeitstag umbringen wirst.
607 1966 2529 2123 Franzi: llöst sich von ihm, Peuse, denn mild) Hein,)
594 2123 2518 2267 Lichard, auf den Schwur wartest du vergebens. Ich
607 2243 2510 2413 werde mich bestimnt nicht umbringen, wenn du mich
599 2377 2526 2526 verlässt. Das schwör ich dir: Ich werde es nicht
612 2487 2717 2686 tun, selbst wenn ich die grösste Lust dazu haben welt
599 2597 2672 2780 Ich werde ganz bestimnt weiterleben.Du brruchst abs
605 2748 2531 2919 nicht die geringste Ingst zu heben, auch nicht in
612 2871 2570 3065 deinem Hoohzeitstag. Ich will nicht, dass auf dein
618 2979 2568 3193 lebenein Schitten felle, fre inner geschleht. Und
