3048 3496
1856 404 2549 557 die Rerex 233
643 511 2552 688 Sonntag. Glauben Sie nicht, dee ete es mit einer
629 643 2635 835 Probe machen könnte feile so gottbegnadete Künet-
645 747 2669 934 lerind Und sie war doch schon ganz studiert, als der
648 902 2632 1084 ator uns mit seiner wahneinnigen Frieselidee kam.
651 1009 2597 1232 Eoblein:Sie würde ee(sohon machen. über ich würde
661 1165 2774 1355 trotadem nicht raten. Das Publikum könnte es (ale eine
664 1315 1700 1478 Pietätlorigkeit) auffaesen.
661 1424 2651 1617 Baroni Ein Sonntagl Wir haben doch gegenüber einer
669 1566 2608 1759 Anfangerip, die eich auf offener Szene vergiftet,
2051 1652 2244 1743 rben
664 1679 2659 1882 keineriei (besondere Rücheichten zu nehmen. Nat sie
1366 1797 1770 1893 die hel an
669 1810 2734 2016 in diesem Augenblickan uns gedacht?) an das Theater,
1941 1928 2123 2043 Corsus
675 1989 1909 2131 dem sie ale Mitglied angehörtet
699 2080 2739 2295 Lobleln: Protzden - - wenn wir wenigetene bie Montag
669 2209 2777 2418 warten würden. Morgen, an Sonntag, haben wir schliest-
675 2345 2704 2533 lich auch mit einem alten Schinken ein voller Haue.
672 2487 2667 2704 deron:sich will Ihnen entgegenkomnen(höbletn. Mor-
672 2629 1799 2803 gen Raub der Sabinerinnenf.
677 2752 2822 2945 Loblein: Dae haben wir schon acht Konate nicht gehabt.
677 2865 2827 3055 Daron; Uneomehn wird et die Leute intereseieren. leie
683 2993 2777 3218 eanater heben die Strasse getreugt und geben durch
675 3167 1237 3344 den Bark abl.
