3080 3528
2450 435 2617 547 ﻿228
729 549 2693 810 Zndnig: lechüttelt den Kopf) Die Schickeal hat ihm
734 764 2103 888 eine merkwürdige Rolle zugeteilt..
729 845 2726 1073 Helene: Sbe müeren ie rich wenigetene jetzt keine
759 1068 1392 1197 Vorwürke machen.
1906 1078 2506 1218 T1. d.ef forte
1182 1094 1853 1233 sic munt niti er
754 1177 1873 1299 Ludwig: Wer sagk Ihnen dasz.
777 1261 2536 1488 (Von rechte Prasident Fricke und Frau Veith.1
2048 1367 2339 1440 Tie wen
2529 1349 2696 1473 M
764 1390 2483 1597 kricke: da, wo bleibt Ihr denn? Der Tiech im
2524 1448 2703 1557 pist
2531 1531 2840 1653 heinen.
780 1526 2405 1721 Imperial ist rexerviert! Wo ist Richard?
2427 1590 2739 1701 M Geht
1539 1645 1802 1729 I der
785 1671 2536 1817 Frau Veith:(zu Mathilde) Warum regst du vich
772 1845 1668 1984 denn so auf,mein Kind?
785 1891 2820 2126 Heiene:(zu ihrem Vater) Weiest du denn noch nichts?
797 2020 2567 2265 Fricke: r Etr Eenetes -ein Herzechlagt
785 2157 2422 2352 Helene: Selbetwerde Sie ht mict ungel¬
802 2296 2273 2476 Fricke: Was hat Richerd danst zu tunk
805 2473 2050 2632 Aglene: Sie wer eeine veliebte.
802 2615 1493 2789 Triokeito eat err
807 2660 2772 2916 delene: Kerl Bern ist bei ihn. fu breuchet weiter
815 2848 1820 3007 ger keine Sorge zu haben)
1276 2908 2162 3040 di. fictit de sih
823 2967 2501 3205 Frickersain don Sauper tat er wohl nichter
