<?xml version="1.0" encoding="UTF-8" standalone="yes"?>
<PcGts xmlns="http://schema.primaresearch.org/PAGE/gts/pagecontent/2013-07-15" xmlns:xsi="http://www.w3.org/2001/XMLSchema-instance" xsi:schemaLocation="http://schema.primaresearch.org/PAGE/gts/pagecontent/2013-07-15 http://schema.primaresearch.org/PAGE/gts/pagecontent/2013-07-15/pagecontent.xsd">
    <Metadata>
        <Creator>prov=READ-COOP:name=PyLaia@TranskribusPlatform:version=2.7.0:model_id=50870:lm=none:date=22_01_2024_15:39</Creator>
        <Created>2023-09-27T14:32:38.260+02:00</Created>
        <LastChange>2024-01-22T15:39:57.016+01:00</LastChange>
        <TranskribusMetadata docId="1589027" pageId="60122666" pageNr="190" tsid="145620818" status="IN_PROGRESS" userId="40391" imgUrl="https://files.transkribus.eu/Get?id=VMMBTDDUPOVBFYZPJQCBTMBD&amp;fileType=view" xmlUrl="https://files.transkribus.eu/Get?id=FRSQQGGLXIAUODWNLAGAZXLX" imageId="48547744"/>
    </Metadata>
    <Page imageFilename="1589027_0190.jpg" imageWidth="3128" imageHeight="3512">
        <ReadingOrder>
            <OrderedGroup id="ro_1711796089934" caption="Regions reading order">
                <RegionRefIndexed index="0" regionRef="tr_1"/>
            </OrderedGroup>
        </ReadingOrder>
        <TextRegion orientation="0.0" id="tr_1" custom="readingOrder {index:0;}">
            <Coords points="755,538 755,3257 2881,3257 2881,538"/>
            <TextLine id="tr_1_tl_1" custom="readingOrder {index:0;}">
                <Coords points="2554,629 2573,629 2605,616 2620,621 2628,616 2644,624 2666,619 2676,629 2692,624 2687,502 2671,507 2663,499 2644,510 2631,499 2620,504 2594,499 2549,515"/>
                <Baseline points="2565,576 2591,576 2617,576 2643,576 2669,578 2696,582"/>
                <TextEquiv>
                    <Unicode>inem</Unicode>
                </TextEquiv>
            </TextLine>
            <TextLine id="tr_1_tl_2" custom="readingOrder {index:1;}">
                <Coords points="1795,629 2068,637 2188,589 2443,627 2443,528 2291,563 2135,520 1989,558 1797,518"/>
                <Baseline points="1809,582 1842,582 1876,580 1909,577 1943,574 1977,576 2010,580 2044,582 2078,582 2111,582 2145,582 2178,582 2212,580 2246,579 2279,580 2313,582 2347,580 2380,578 2414,575 2448,573"/>
                <TextEquiv>
                    <Unicode>hls, Begerung mit</Unicode>
                </TextEquiv>
            </TextLine>
            <TextLine id="tr_1_tl_3" custom="readingOrder {index:2;}">
                <Coords points="2153,666 2182,674 2201,658 2220,666 2246,658 2265,669 2291,658 2315,664 2310,587 2286,581 2262,581 2251,589 2230,579 2148,581"/>
                <Baseline points="2165,618 2190,616 2216,615 2242,617 2268,619 2294,621 2320,624"/>
                <TextEquiv>
                    <Unicode>nung</Unicode>
                </TextEquiv>
            </TextLine>
            <TextLine id="tr_1_tl_4" custom="readingOrder {index:3;}">
                <Coords points="754,653 1059,627 1450,709 1521,661 1821,680 1819,581 1572,579 1402,512 1245,568 751,539"/>
                <Baseline points="767,624 819,621 872,621 925,621 978,623 1031,624 1084,624 1136,624 1189,625 1242,627 1295,622 1348,621 1401,625 1454,632 1506,630 1559,626 1612,621 1665,621 1718,622 1771,625 1824,624"/>
                <TextEquiv>
                    <Unicode>Gottseidank. (ab gegen rech</Unicode>
                </TextEquiv>
            </TextLine>
            <TextLine id="tr_1_tl_5" custom="readingOrder {index:4;}">
                <Coords points="751,765 810,751 826,762 866,759 876,770 895,757 1006,770 1004,677 953,706 892,677 836,709 799,680 767,704 749,701"/>
                <Baseline points="767,749 794,749 821,750 848,751 875,752 903,752 930,752 957,753 984,757 1012,761"/>
                <TextEquiv>
                    <Unicode>Herrn)</Unicode>
                </TextEquiv>
            </TextLine>
            <TextLine id="tr_1_tl_6" custom="readingOrder {index:5;}">
                <Coords points="2464,866 2506,858 2543,887 2594,879 2591,765 2567,770 2565,778 2543,775 2528,794 2464,796"/>
                <Baseline points="2478,845 2508,843 2538,843 2568,845 2598,845"/>
                <TextEquiv>
                    <Unicode></Unicode>
                </TextEquiv>
            </TextLine>
            <TextLine id="tr_1_tl_7" custom="readingOrder {index:6;}">
                <Coords points="767,937 1492,956 1580,916 1835,953 2076,913 2246,964 2522,908 2522,855 2437,818 2251,834 2105,778 1885,836 767,807"/>
                <Baseline points="782,883 869,878 956,878 1044,880 1131,881 1218,880 1306,880 1393,878 1480,878 1568,878 1655,878 1742,878 1830,880 1917,880 2004,878 2092,877 2179,877 2266,875 2354,875 2441,875 2529,880"/>
                <TextEquiv>
                    <Unicode>(Der Applaus wird schwächer. Helene und Frilt</Unicode>
                </TextEquiv>
            </TextLine>
            <TextLine id="tr_1_tl_8" custom="readingOrder {index:7;}">
                <Coords points="757,1073 1264,1054 1391,1086 1659,1041 1752,1073 1736,929 1240,964 1131,927 1057,964 937,937 757,977"/>
                <Baseline points="770,1012 819,1009 868,1011 918,1009 967,1010 1017,1014 1066,1011 1116,1011 1165,1012 1215,1012 1264,1012 1313,1015 1363,1016 1412,1017 1462,1014 1511,1010 1561,1009 1610,1011 1660,1012 1709,1012 1758,1012"/>
                <TextEquiv>
                    <Unicode>stehen in der Zogentürel</Unicode>
                </TextEquiv>
            </TextLine>
            <TextLine id="tr_1_tl_9" custom="readingOrder {index:8;}">
                <Coords points="2613,1168 2634,1176 2679,1158 2703,1176 2719,1163 2737,1179 2751,1166 2764,1166 2761,1054 2748,1054 2719,1033 2695,1041 2650,1030 2639,1041 2628,1035 2610,1041"/>
                <Baseline points="2625,1131 2653,1133 2682,1135 2710,1137 2739,1135 2768,1134"/>
                <TextEquiv>
                    <Unicode>-das</Unicode>
                </TextEquiv>
            </TextLine>
            <TextLine id="tr_1_tl_10" custom="readingOrder {index:9;}">
                <Coords points="759,1195 1115,1197 1304,1142 1439,1197 1566,1150 1691,1189 1821,1160 1959,1213 2204,1142 2583,1150 2557,1062 2355,1104 2233,1062 1999,1097 1851,1062 1495,1097 1455,1062 1320,1104 1112,1062 1027,1099 759,1075"/>
                <Baseline points="773,1122 863,1137 954,1140 1045,1140 1136,1140 1227,1140 1317,1140 1408,1140 1499,1140 1590,1138 1681,1139 1771,1137 1862,1137 1953,1139 2044,1140 2135,1137 2225,1138 2316,1140 2407,1139 2498,1137 2589,1137"/>
                <TextEquiv>
                    <Unicode>elene: Jetzt sag aber einmal aufrichtig, Vater</Unicode>
                </TextEquiv>
            </TextLine>
            <TextLine id="tr_1_tl_11" custom="readingOrder {index:10;}">
                <Coords points="807,1288 1689,1296 1689,1187 1585,1229 1458,1192 1301,1227 1120,1192 993,1235 807,1195"/>
                <Baseline points="821,1266 864,1269 908,1269 952,1275 996,1275 1039,1275 1083,1275 1127,1275 1171,1273 1214,1272 1258,1272 1302,1272 1346,1272 1389,1272 1433,1272 1477,1270 1521,1269 1564,1269 1608,1271 1652,1274 1696,1275"/>
                <TextEquiv>
                    <Unicode>tück gefällt dir doch?</Unicode>
                </TextEquiv>
            </TextLine>
            <TextLine id="tr_1_tl_12" custom="readingOrder {index:11;}">
                <Coords points="908,1354 1596,1375 2198,1333 2198,1269 2143,1258 1776,1253 1638,1306 1556,1269 1434,1312 908,1280"/>
                <Baseline points="922,1346 986,1340 1050,1343 1114,1341 1178,1343 1243,1340 1307,1337 1371,1337 1435,1337 1499,1340 1564,1340 1628,1340 1692,1338 1756,1337 1820,1331 1885,1331 1949,1330 2013,1328 2077,1328 2141,1328 2206,1334"/>
                <TextEquiv>
                    <Unicode>Wie di crnen Anseialkeit wirte</Unicode>
                </TextEquiv>
            </TextLine>
            <TextLine id="tr_1_tl_13" custom="readingOrder {index:12;}">
                <Coords points="751,1418 2185,1439 2185,1335 1248,1378 892,1357 751,1301"/>
                <Baseline points="767,1397 838,1402 909,1403 980,1403 1052,1401 1123,1400 1194,1400 1265,1406 1337,1403 1408,1403 1479,1403 1550,1400 1622,1403 1693,1403 1764,1403 1835,1403 1907,1402 1978,1400 2049,1402 2120,1401 2192,1406"/>
                <TextEquiv>
                    <Unicode>Fricke: Also ganz aufrichtig - nein.</Unicode>
                </TextEquiv>
            </TextLine>
            <TextLine id="tr_1_tl_14" custom="readingOrder {index:13;}">
                <Coords points="741,1540 1089,1561 1346,1537 1407,1574 1511,1537 1596,1580 1596,1460 1428,1489 1152,1481 1123,1455 741,1471"/>
                <Baseline points="755,1526 797,1529 839,1532 882,1532 924,1532 967,1534 1009,1535 1051,1535 1094,1535 1136,1533 1179,1532 1221,1532 1263,1532 1306,1532 1348,1532 1391,1532 1433,1532 1475,1535 1518,1532 1560,1532 1603,1535"/>
                <TextEquiv>
                    <Unicode>Helene: Einfach nein?</Unicode>
                </TextEquiv>
            </TextLine>
            <TextLine id="tr_1_tl_15" custom="readingOrder {index:14;}">
                <Coords points="759,1673 2687,1683 2687,1612 2615,1590 1357,1612 1134,1545 828,1620 759,1582"/>
                <Baseline points="773,1651 869,1663 965,1666 1061,1666 1157,1664 1253,1663 1349,1663 1445,1663 1541,1666 1637,1663 1733,1663 1829,1661 1925,1661 2021,1663 2117,1663 2213,1660 2309,1665 2405,1663 2501,1663 2597,1660 2693,1657"/>
                <TextEquiv>
                    <Unicode>kricke Wein. Eine gewisse Gewandtheit, auch Beob-</Unicode>
                </TextEquiv>
            </TextLine>
            <TextLine id="tr_1_tl_16" custom="readingOrder {index:15;}">
                <Coords points="1943,1750 1999,1744 2015,1728 2031,1739 2063,1728 2087,1742 2097,1731 2113,1742 2153,1739 2172,1723 2246,1728 2246,1665 2230,1662 2198,1675 2066,1662 1943,1678"/>
                <Baseline points="1959,1729 1985,1720 2012,1722 2039,1723 2066,1723 2093,1723 2119,1723 2146,1723 2173,1723 2200,1723 2227,1721 2254,1717"/>
                <TextEquiv>
                    <Unicode>sell u</Unicode>
                </TextEquiv>
            </TextLine>
            <TextLine id="tr_1_tl_17" custom="readingOrder {index:16;}">
                <Coords points="1492,1755 1519,1752 1540,1734 1604,1739 1633,1726 1659,1750 1707,1752 1736,1739 1758,1752 1784,1742 1784,1694 1760,1697 1734,1675 1625,1673 1585,1697 1492,1683"/>
                <Baseline points="1508,1729 1533,1726 1559,1723 1585,1723 1610,1724 1636,1726 1662,1726 1688,1726 1713,1726 1739,1726 1765,1728 1791,1729"/>
                <TextEquiv>
                    <Unicode>will lich</Unicode>
                </TextEquiv>
            </TextLine>
            <TextLine id="tr_1_tl_18" custom="readingOrder {index:17;}">
                <Coords points="749,1824 2618,1813 2618,1739 1994,1742 1856,1683 1766,1747 1460,1731 1415,1766 1128,1723 749,1739"/>
                <Baseline points="764,1797 857,1794 950,1797 1043,1795 1136,1796 1229,1797 1322,1797 1415,1794 1508,1794 1601,1794 1694,1792 1787,1794 1880,1794 1973,1794 2066,1797 2159,1794 2252,1795 2345,1797 2438,1797 2531,1800 2625,1803"/>
                <TextEquiv>
                    <Unicode>achtungsgabe, die tet ihm je nfcht abzustreiten,</Unicode>
                </TextEquiv>
            </TextLine>
            <TextLine id="tr_1_tl_19" custom="readingOrder {index:18;}">
                <Coords points="1420,1837 1484,1848 1527,1832 1582,1858 1604,1845 1641,1848 1662,1829 1678,1845 1763,1840 1766,1795 1744,1792 1686,1813 1665,1797 1617,1808 1564,1792 1537,1808 1519,1795 1452,1813 1423,1803"/>
                <Baseline points="1436,1836 1461,1836 1487,1836 1513,1835 1539,1834 1565,1832 1591,1830 1617,1830 1643,1830 1669,1830 1695,1830 1721,1830 1747,1831 1773,1833"/>
                <TextEquiv>
                    <Unicode>es mpus en</Unicode>
                </TextEquiv>
            </TextLine>
            <TextLine id="tr_1_tl_20" custom="readingOrder {index:19;}">
                <Coords points="1035,1882 1282,1864 1415,1904 1452,1880 1598,1885 1598,1829 1476,1848 1397,1824 1277,1832 1237,1808 1189,1835 1112,1811 1035,1821"/>
                <Baseline points="1051,1869 1078,1865 1106,1863 1134,1863 1162,1863 1189,1863 1217,1863 1245,1863 1273,1863 1300,1865 1328,1867 1356,1871 1384,1875 1411,1878 1439,1876 1467,1874 1495,1872 1522,1872 1550,1872 1578,1872 1606,1872"/>
                <TextEquiv>
                    <Unicode>jmlire snl</Unicode>
                </TextEquiv>
            </TextLine>
            <TextLine id="tr_1_tl_21" custom="readingOrder {index:20;}">
                <Coords points="743,1946 1118,1938 1277,1999 1585,1991 1686,1933 1943,1999 2143,1930 2557,1941 2729,2007 2878,1965 2878,1893 2721,1909 2618,1845 2543,1890 2390,1853 2249,1893 2121,1851 2044,1888 1404,1904 1282,1866 850,1885 743,1824"/>
                <Baseline points="758,1941 864,1930 970,1927 1076,1929 1182,1931 1288,1927 1394,1929 1501,1926 1607,1923 1713,1927 1819,1929 1925,1932 2031,1929 2137,1930 2244,1929 2350,1931 2456,1932 2562,1935 2668,1938 2774,1941 2881,1947"/>
                <TextEquiv>
                    <Unicode>Aer wes mir auf die Mernen reht, -das -ist diese pruihit</Unicode>
                </TextEquiv>
            </TextLine>
            <TextLine id="tr_1_tl_22" custom="readingOrder {index:21;}">
                <Coords points="743,2105 1083,2129 1197,2071 1394,2060 1572,2108 1869,2060 1792,1989 1566,1978 1436,2010 1243,1983 1168,2023 956,1983 743,2007"/>
                <Baseline points="758,2060 813,2059 869,2058 925,2060 981,2060 1037,2062 1093,2060 1148,2060 1204,2060 1260,2060 1316,2061 1372,2061 1428,2057 1484,2060 1539,2060 1595,2060 1651,2063 1707,2060 1763,2060 1819,2060 1875,2060"/>
                <TextEquiv>
                    <Unicode>Atmosphäre der Indiskretion</Unicode>
                </TextEquiv>
            </TextLine>
            <TextLine id="tr_1_tl_23" custom="readingOrder {index:22;}">
                <Coords points="743,2196 1160,2228 1359,2193 1797,2259 1975,2196 2111,2262 2236,2206 2652,2212 2652,2129 2464,2116 2172,2105 2095,2151 743,2129"/>
                <Baseline points="758,2192 853,2189 948,2192 1043,2192 1138,2191 1233,2192 1328,2192 1423,2192 1518,2195 1613,2197 1709,2195 1804,2195 1899,2195 1994,2195 2089,2196 2184,2197 2279,2197 2374,2195 2469,2200 2564,2197 2660,2195"/>
                <TextEquiv>
                    <Unicode>Helene: Indiskretion? Man könnte vielleicht auch</Unicode>
                </TextEquiv>
            </TextLine>
            <TextLine id="tr_1_tl_24" custom="readingOrder {index:23;}">
                <Coords points="743,2355 855,2363 972,2323 1134,2355 1317,2323 1617,2347 1617,2291 1463,2246 743,2281"/>
                <Baseline points="758,2323 801,2320 844,2320 887,2320 930,2320 973,2320 1016,2322 1060,2321 1103,2320 1146,2320 1189,2320 1232,2320 1275,2320 1318,2320 1362,2321 1405,2323 1448,2323 1491,2325 1534,2330 1577,2332 1621,2332"/>
                <TextEquiv>
                    <Unicode>sagen: Ehrlichkeit. g</Unicode>
                </TextEquiv>
            </TextLine>
            <TextLine id="tr_1_tl_25" custom="readingOrder {index:24;}">
                <Coords points="743,2522 1189,2520 1296,2461 1856,2453 2015,2496 2164,2456 2628,2466 2628,2390 2565,2379 2368,2411 2108,2374 2005,2416 1882,2355 1654,2416 1264,2379 1030,2411 743,2352"/>
                <Baseline points="758,2448 851,2448 945,2450 1039,2452 1133,2451 1227,2451 1320,2451 1414,2454 1508,2454 1602,2454 1696,2454 1789,2451 1883,2451 1977,2452 2071,2454 2165,2454 2258,2454 2352,2454 2446,2454 2540,2454 2634,2457"/>
                <TextEquiv>
                    <Unicode>Fricke: Vielle icht... Aber von der Ehrlichkeit</Unicode>
                </TextEquiv>
            </TextLine>
            <TextLine id="tr_1_tl_26" custom="readingOrder {index:25;}">
                <Coords points="749,2607 1065,2583 1205,2644 1381,2618 1662,2660 1935,2589 2809,2634 2851,2615 2849,2506 2655,2551 2390,2504 2254,2528 2172,2485 1864,2533 746,2520"/>
                <Baseline points="761,2583 865,2580 970,2580 1075,2580 1180,2583 1285,2583 1389,2583 1494,2583 1599,2584 1704,2583 1809,2585 1913,2585 2018,2586 2123,2588 2228,2586 2333,2589 2437,2590 2542,2592 2647,2598 2752,2604 2857,2613"/>
                <TextEquiv>
                    <Unicode>zur Indiskretion ist eben auch nur ein Schritt., hie-</Unicode>
                </TextEquiv>
            </TextLine>
            <TextLine id="tr_1_tl_27" custom="readingOrder {index:26;}">
                <Coords points="757,2849 2012,2870 2092,2833 2607,2870 2605,2788 2559,2774 2209,2796 1782,2697 1718,2732 1463,2713 1176,2788 757,2764"/>
                <Baseline points="770,2837 862,2834 954,2834 1046,2834 1138,2839 1230,2837 1322,2837 1415,2837 1507,2836 1599,2837 1691,2839 1783,2837 1875,2837 1967,2837 2060,2843 2152,2837 2244,2838 2336,2840 2428,2843 2520,2847 2613,2852"/>
                <TextEquiv>
                    <Unicode>(Aus der toge I treten Baron und Loktor Braun).</Unicode>
                </TextEquiv>
            </TextLine>
            <TextLine id="tr_1_tl_28" custom="readingOrder {index:27;}">
                <Coords points="751,2974 2581,3000 2578,2936 2517,2915 749,2897"/>
                <Baseline points="767,2965 862,2962 958,2965 1054,2963 1149,2965 1245,2962 1341,2965 1437,2962 1532,2962 1628,2965 1724,2967 1820,2965 1915,2965 2011,2968 2107,2974 2203,2968 2298,2968 2394,2969 2490,2971 2586,2983"/>
                <TextEquiv>
                    <Unicode>Braun: Gregor hat einen besonders guten Abend.</Unicode>
                </TextEquiv>
            </TextLine>
            <TextLine id="tr_1_tl_29" custom="readingOrder {index:28;}">
                <Coords points="1097,3027 1683,3064 1797,3043 1797,2992 1612,2971 1484,3021 1386,2963 1335,2990 1229,2976 1195,3005 1136,2966 1094,2979"/>
                <Baseline points="1110,3022 1144,3024 1179,3027 1213,3029 1248,3031 1283,3034 1317,3034 1352,3034 1387,3035 1421,3037 1456,3039 1491,3040 1525,3040 1560,3040 1595,3042 1629,3043 1664,3043 1699,3043 1733,3043 1768,3041 1803,3043"/>
                <TextEquiv>
                    <Unicode>liut erem manent</Unicode>
                </TextEquiv>
            </TextLine>
            <TextLine id="tr_1_tl_30" custom="readingOrder {index:29;}">
                <Coords points="741,3109 1816,3098 2493,3141 2570,3106 2764,3151 2764,3067 2687,3045 741,3029"/>
                <Baseline points="755,3090 855,3093 956,3094 1057,3094 1158,3096 1259,3096 1359,3095 1460,3095 1561,3096 1662,3096 1763,3096 1863,3096 1964,3099 2065,3099 2166,3099 2267,3101 2367,3102 2468,3103 2569,3103 2670,3105 2771,3114"/>
                <TextEquiv>
                    <Unicode>Baron: Seine Partnerin scheint ihn zu inspirieren.</Unicode>
                </TextEquiv>
            </TextLine>
            <TextLine id="tr_1_tl_31" custom="readingOrder {index:30;}">
                <Coords points="1216,3167 1248,3165 1264,3157 1282,3159 1301,3175 1317,3167 1343,3189 1362,3183 1354,3106 1341,3109 1330,3101 1317,3109 1296,3096 1288,3104 1272,3098 1253,3117 1235,3101 1211,3109"/>
                <Baseline points="1227,3156 1255,3156 1283,3157 1311,3161 1339,3164 1367,3168"/>
                <TextEquiv>
                    <Unicode>duh</Unicode>
                </TextEquiv>
            </TextLine>
            <TextLine id="tr_1_tl_32" custom="readingOrder {index:31;}">
                <Coords points="746,3258 1128,3223 1479,3279 1819,3236 2042,3242 2129,3292 2230,3236 2326,3276 2530,3239 2626,3300 2644,3175 1877,3186 1681,3149 1410,3194 743,3154"/>
                <Baseline points="761,3210 855,3219 950,3222 1044,3223 1139,3222 1233,3227 1328,3228 1422,3228 1517,3228 1611,3228 1706,3228 1800,3228 1895,3228 1989,3228 2084,3230 2178,3231 2273,3234 2367,3237 2462,3237 2556,3240 2651,3240"/>
                <TextEquiv>
                    <Unicode>Fraun: Es sotten auch Privatproben stattgefunden.</Unicode>
                </TextEquiv>
            </TextLine>
            <TextEquiv>
                <Unicode></Unicode>
            </TextEquiv>
        </TextRegion>
    </Page>
</PcGts>
