<?xml version="1.0" encoding="UTF-8" standalone="yes"?>
<PcGts xmlns="http://schema.primaresearch.org/PAGE/gts/pagecontent/2013-07-15" xmlns:xsi="http://www.w3.org/2001/XMLSchema-instance" xsi:schemaLocation="http://schema.primaresearch.org/PAGE/gts/pagecontent/2013-07-15 http://schema.primaresearch.org/PAGE/gts/pagecontent/2013-07-15/pagecontent.xsd">
    <Metadata>
        <Creator>prov=READ-COOP:name=PyLaia@TranskribusPlatform:version=2.7.0:model_id=50870:lm=none:date=22_01_2024_15:40</Creator>
        <Created>2023-09-27T14:32:40.781+02:00</Created>
        <LastChange>2024-01-22T15:40:00.183+01:00</LastChange>
        <TranskribusMetadata docId="1589027" pageId="60122767" pageNr="208" tsid="145620838" status="IN_PROGRESS" userId="40391" imgUrl="https://files.transkribus.eu/Get?id=UGLZIKYKGYAEPPKOHZDDDFJK&amp;fileType=view" xmlUrl="https://files.transkribus.eu/Get?id=XOEVUYWKAQNTSSKCHMBRHGFI" imageId="48547845"/>
    </Metadata>
    <Page imageFilename="1589027_0208.jpg" imageWidth="3064" imageHeight="3608">
        <ReadingOrder>
            <OrderedGroup id="ro_1711796114324" caption="Regions reading order">
                <RegionRefIndexed index="0" regionRef="tr_1"/>
            </OrderedGroup>
        </ReadingOrder>
        <TextRegion orientation="0.0" id="tr_1" custom="readingOrder {index:0;}">
            <Coords points="442,418 442,3209 2938,3209 2938,418"/>
            <TextLine id="tr_1_tl_1" custom="readingOrder {index:0;}">
                <Coords points="1274,499 1313,499 1328,484 1361,496 1382,476 1397,481 1410,468 1430,466 1420,325 1379,322 1364,330 1356,322 1338,328 1325,320 1318,330 1297,333 1290,325 1261,322"/>
                <Baseline points="1284,459 1309,459 1334,460 1360,467 1385,469 1410,466 1436,468"/>
                <TextEquiv>
                    <Unicode>h</Unicode>
                </TextEquiv>
            </TextLine>
            <TextLine id="tr_1_tl_2" custom="readingOrder {index:1;}">
                <Coords points="1940,522 1960,522 1991,537 2009,527 2016,535 2039,527 2065,532 2067,310 2047,302 2032,315 2001,304 1968,328 1942,325"/>
                <Baseline points="1953,489 1982,486 2011,486 2040,486 2069,486"/>
                <TextEquiv>
                    <Unicode>8</Unicode>
                </TextEquiv>
            </TextLine>
            <TextLine id="tr_1_tl_3" custom="readingOrder {index:2;}">
                <Coords points="430,491 563,535 681,509 716,527 870,525 857,391 809,409 729,386 642,440 509,397 468,422 422,422"/>
                <Baseline points="442,471 467,469 492,468 518,470 543,473 569,476 594,478 620,480 645,485 671,490 696,493 722,495 747,495 773,497 798,501 824,504 849,507 875,510"/>
                <TextEquiv>
                    <Unicode>20/9,1928.</Unicode>
                </TextEquiv>
            </TextLine>
            <TextLine id="tr_1_tl_4" custom="readingOrder {index:3;}">
                <Coords points="1569,591 1991,658 2311,614 2712,650 2705,535 2531,484 2364,553 2177,512 1914,530 1758,481 1566,527"/>
                <Baseline points="1582,564 1638,561 1695,561 1751,563 1808,567 1865,568 1921,588 1978,596 2034,606 2091,605 2148,605 2204,606 2261,606 2317,607 2374,609 2431,615 2487,620 2544,617 2600,613 2657,615 2714,615"/>
                <TextEquiv>
                    <Unicode>Le Krsen der hilfere. 1 di I Je it</Unicode>
                </TextEquiv>
            </TextLine>
            <TextLine id="tr_1_tl_5" custom="readingOrder {index:4;}">
                <Coords points="829,727 1070,742 1110,711 1157,732 1241,724 1259,742 1277,724 1325,727 1325,647 1292,640 1254,663 1203,650 1131,673 1052,635 1011,650 975,629 952,650 829,655"/>
                <Baseline points="842,722 867,719 893,716 919,718 945,719 970,719 996,719 1022,719 1048,719 1074,718 1099,717 1125,716 1151,716 1177,717 1203,719 1228,719 1254,719 1280,719 1306,721 1332,725"/>
                <TextEquiv>
                    <Unicode>Achtes siid.</Unicode>
                </TextEquiv>
            </TextLine>
            <TextLine id="tr_1_tl_6" custom="readingOrder {index:5;}">
                <Coords points="1929,763 2098,757 2139,786 2206,734 2328,760 2400,724 2469,729 2520,768 2582,757 2592,637 2536,650 2502,619 2359,645 2323,614 2229,619 2149,658 2085,642 2037,676 1937,681"/>
                <Baseline points="1947,737 1979,740 2011,740 2043,741 2076,743 2108,743 2140,737 2172,732 2205,728 2237,726 2269,723 2301,721 2334,719 2366,717 2398,715 2430,708 2463,697 2495,694 2527,692 2559,696 2592,701"/>
                <TextEquiv>
                    <Unicode>dfart   Mn</Unicode>
                </TextEquiv>
            </TextLine>
            <TextLine id="tr_1_tl_7" custom="readingOrder {index:6;}">
                <Coords points="829,875 1300,860 1410,934 1988,878 2771,893 2771,780 2610,752 2331,796 2249,768 2190,806 1896,757 1446,796 829,773"/>
                <Baseline points="842,848 938,848 1035,848 1132,848 1229,848 1325,848 1422,846 1519,848 1616,848 1712,845 1809,844 1906,844 2003,847 2099,845 2196,845 2293,840 2390,841 2486,838 2583,839 2680,837 2777,839"/>
                <TextEquiv>
                    <Unicode>Die Bühne des Residenztheaters frie im i.ild fur</Unicode>
                </TextEquiv>
            </TextLine>
            <TextLine id="tr_1_tl_8" custom="readingOrder {index:7;}">
                <Coords points="819,988 957,1047 2671,1013 2671,901 2490,880 2190,934 1435,939 1228,926 1154,862 934,857 819,908"/>
                <Baseline points="833,979 925,979 1017,976 1109,982 1201,982 1293,988 1385,985 1478,985 1570,982 1662,982 1754,979 1846,979 1938,980 2030,979 2123,976 2215,972 2307,969 2399,967 2491,973 2583,967 2676,976"/>
                <TextEquiv>
                    <Unicode>die feifte ungeführ ist disponihler Bülnenraum</Unicode>
                </TextEquiv>
            </TextLine>
            <TextLine id="tr_1_tl_9" custom="readingOrder {index:8;}">
                <Coords points="821,1151 1244,1108 1533,1182 1776,1146 2694,1157 2694,1044 2597,1026 2346,1016 2201,1067 2147,1021 1632,1054 1563,1013 1428,1057 821,1054"/>
                <Baseline points="836,1117 929,1111 1022,1108 1115,1108 1208,1108 1302,1105 1395,1105 1488,1105 1581,1099 1674,1105 1768,1106 1861,1107 1954,1102 2047,1102 2140,1104 2234,1100 2327,1099 2420,1099 2513,1099 2606,1097 2700,1096"/>
                <TextEquiv>
                    <Unicode>linke, die andere Tälfte zeetts iat ein Teil der</Unicode>
                </TextEquiv>
            </TextLine>
            <TextLine id="tr_1_tl_10" custom="readingOrder {index:9;}">
                <Coords points="801,1264 2771,1241 2771,1177 2702,1164 2405,1190 2078,1141 1934,1187 803,1182"/>
                <Baseline points="818,1239 921,1234 1024,1236 1127,1236 1230,1236 1333,1236 1436,1236 1539,1233 1642,1233 1745,1233 1849,1230 1952,1228 2055,1227 2158,1229 2261,1229 2364,1227 2467,1230 2570,1228 2673,1233 2777,1227"/>
                <TextEquiv>
                    <Unicode>Dekoration, in der soeben das Stück Karl Jerns ge-</Unicode>
                </TextEquiv>
            </TextLine>
            <TextLine id="tr_1_tl_11" custom="readingOrder {index:10;}">
                <Coords points="2121,1320 2193,1315 2254,1336 2323,1313 2344,1328 2408,1302 2495,1313 2497,1249 2469,1236 2357,1251 2336,1233 2311,1251 2272,1251 2234,1231 2208,1254 2160,1233 2126,1238"/>
                <Baseline points="2135,1314 2161,1312 2187,1314 2213,1316 2239,1317 2266,1317 2292,1316 2318,1314 2344,1311 2370,1308 2397,1304 2423,1302 2449,1302 2475,1303 2502,1305"/>
                <TextEquiv>
                    <Unicode>dlcc siene</Unicode>
                </TextEquiv>
            </TextLine>
            <TextLine id="tr_1_tl_12" custom="readingOrder {index:11;}">
                <Coords points="839,1379 2669,1366 2653,1274 2234,1333 2050,1282 1850,1323 1717,1277 1602,1318 839,1290"/>
                <Baseline points="854,1367 945,1366 1036,1366 1127,1366 1218,1366 1309,1364 1400,1361 1491,1359 1582,1358 1673,1361 1765,1361 1856,1358 1947,1357 2038,1355 2129,1357 2220,1363 2311,1364 2402,1355 2493,1355 2584,1355 2676,1358"/>
                <TextEquiv>
                    <Unicode>spielt wird. Der Ausbilck auf diese lekoration</Unicode>
                </TextEquiv>
            </TextLine>
            <TextLine id="tr_1_tl_13" custom="readingOrder {index:12;}">
                <Coords points="1822,1410 1842,1407 1891,1430 1955,1402 1978,1415 2014,1402 2029,1418 2075,1405 2075,1366 2006,1366 1996,1377 1983,1371 1970,1379 1947,1366 1870,1377 1840,1361 1822,1364"/>
                <Baseline points="1836,1397 1862,1397 1889,1397 1916,1397 1943,1398 1970,1400 1997,1400 2024,1400 2051,1400 2078,1400"/>
                <TextEquiv>
                    <Unicode>n</Unicode>
                </TextEquiv>
            </TextLine>
            <TextLine id="tr_1_tl_14" custom="readingOrder {index:13;}">
                <Coords points="832,1502 2812,1515 2815,1438 2308,1407 2244,1441 2027,1412 1412,1448 1264,1369 1126,1366 924,1371 834,1425"/>
                <Baseline points="848,1496 946,1496 1045,1493 1143,1493 1242,1493 1340,1493 1439,1493 1537,1492 1636,1493 1734,1490 1833,1493 1932,1492 2030,1488 2129,1490 2227,1490 2326,1487 2424,1490 2523,1487 2621,1487 2720,1487 2819,1490"/>
                <TextEquiv>
                    <Unicode>istr den zusclauer durch den heruntergelascenen</Unicode>
                </TextEquiv>
            </TextLine>
            <TextLine id="tr_1_tl_15" custom="readingOrder {index:14;}">
                <Coords points="870,1553 937,1551 995,1569 1031,1553 1082,1569 1103,1556 1164,1553 1164,1528 1136,1530 1105,1502 1093,1515 1039,1507 1011,1520 944,1502 870,1525"/>
                <Baseline points="884,1547 910,1547 936,1547 962,1547 988,1547 1014,1547 1040,1547 1066,1547 1092,1547 1118,1548 1144,1549 1170,1550"/>
                <TextEquiv>
                    <Unicode>inkinmrn</Unicode>
                </TextEquiv>
            </TextLine>
            <TextLine id="tr_1_tl_16" custom="readingOrder {index:15;}">
                <Coords points="1645,1630 2717,1617 2935,1668 2935,1538 2735,1576 2561,1538 2380,1576 1934,1538 1645,1576"/>
                <Baseline points="1660,1621 1723,1621 1787,1621 1851,1621 1915,1621 1979,1618 2043,1616 2107,1618 2171,1620 2235,1618 2299,1620 2362,1620 2426,1621 2490,1616 2554,1618 2618,1617 2682,1617 2746,1621 2810,1619 2874,1618 2938,1621"/>
                <TextEquiv>
                    <Unicode>uf dieser Rückseite ist mit grosf</Unicode>
                </TextEquiv>
            </TextLine>
            <TextLine id="tr_1_tl_17" custom="readingOrder {index:16;}">
                <Coords points="875,1632 1538,1635 1522,1548 1412,1579 1359,1558 1277,1579 1256,1558 1197,1586 1080,1556 875,1581"/>
                <Baseline points="888,1623 920,1624 953,1621 986,1625 1019,1626 1051,1624 1084,1624 1117,1624 1150,1624 1182,1624 1215,1622 1248,1622 1281,1624 1313,1624 1346,1624 1379,1624 1412,1624 1444,1624 1477,1622 1510,1621 1543,1621"/>
                <TextEquiv>
                    <Unicode>rospekt rerdeckt.</Unicode>
                </TextEquiv>
            </TextLine>
            <TextLine id="tr_1_tl_18" custom="readingOrder {index:17;}">
                <Coords points="1443,1732 1538,1732 1566,1755 1612,1766 1666,1768 1679,1755 1737,1763 1773,1750 1773,1684 1745,1689 1732,1676 1699,1671 1661,1699 1443,1694"/>
                <Baseline points="1457,1717 1483,1718 1510,1720 1537,1717 1564,1713 1591,1712 1618,1713 1645,1717 1672,1715 1699,1714 1726,1714 1753,1713 1780,1711"/>
                <TextEquiv>
                    <Unicode>nstaber</Unicode>
                </TextEquiv>
            </TextLine>
            <TextLine id="tr_1_tl_19" custom="readingOrder {index:18;}">
                <Coords points="1745,1819 2850,1806 2850,1684 2497,1709 2252,1668 2024,1704 1980,1668 1745,1717"/>
                <Baseline points="1759,1753 1816,1752 1874,1750 1932,1750 1990,1750 2048,1750 2106,1750 2163,1751 2221,1755 2279,1750 2337,1747 2395,1747 2453,1750 2510,1749 2568,1749 2626,1750 2684,1750 2742,1747 2800,1747 2858,1741"/>
                <TextEquiv>
                    <Unicode>n, zu lesen: iefallene, drit-</Unicode>
                </TextEquiv>
            </TextLine>
            <TextLine id="tr_1_tl_20" custom="readingOrder {index:19;}">
                <Coords points="829,1783 911,1822 1098,1799 1277,1835 1377,1801 1456,1824 1571,1804 1571,1714 1474,1730 1405,1681 1164,1712 1057,1691 1000,1717 829,1684"/>
                <Baseline points="842,1762 878,1758 915,1756 952,1756 989,1759 1025,1757 1062,1754 1099,1754 1136,1755 1172,1753 1209,1753 1246,1753 1283,1753 1319,1753 1356,1753 1393,1750 1430,1750 1466,1752 1503,1752 1540,1751 1577,1753"/>
                <TextEquiv>
                    <Unicode>sen schmarzen Bucll-</Unicode>
                </TextEquiv>
            </TextLine>
            <TextLine id="tr_1_tl_21" custom="readingOrder {index:20;}">
                <Coords points="1645,1883 1658,1883 1676,1896 1714,1896 1753,1868 1786,1873 1801,1863 1835,1863 1835,1827 1809,1819 1781,1830 1776,1824 1758,1827 1740,1809 1679,1822 1663,1809 1645,1809"/>
                <Baseline points="1660,1845 1685,1845 1711,1845 1736,1847 1762,1848 1787,1848 1813,1847 1839,1845"/>
                <TextEquiv>
                    <Unicode>Exocn.</Unicode>
                </TextEquiv>
            </TextLine>
            <TextLine id="tr_1_tl_22" custom="readingOrder {index:21;}">
                <Coords points="1730,1924 2715,1947 2817,1919 2820,1806 2485,1799 2408,1837 1876,1809 1817,1863 1732,1847"/>
                <Baseline points="1747,1881 1800,1884 1854,1881 1908,1881 1962,1883 2016,1881 2070,1881 2124,1879 2178,1881 2232,1879 2286,1878 2339,1879 2393,1883 2447,1881 2501,1879 2555,1875 2609,1878 2663,1878 2717,1878 2771,1876 2825,1872"/>
                <TextEquiv>
                    <Unicode>eht ist nieht ranz siert-</Unicode>
                </TextEquiv>
            </TextLine>
            <TextLine id="tr_1_tl_23" custom="readingOrder {index:22;}">
                <Coords points="821,1901 1044,1947 1151,1919 1295,1945 1400,1927 1400,1804 1238,1837 1159,1814 921,1845 821,1824"/>
                <Baseline points="836,1890 864,1888 893,1887 921,1887 950,1887 978,1886 1007,1882 1035,1881 1064,1881 1092,1883 1121,1884 1149,1884 1178,1884 1206,1885 1235,1887 1263,1887 1292,1886 1320,1885 1349,1887 1377,1890 1406,1890"/>
                <TextEquiv>
                    <Unicode>ter Akt R 132"</Unicode>
                </TextEquiv>
            </TextLine>
            <TextLine id="tr_1_tl_24" custom="readingOrder {index:23;}">
                <Coords points="1804,2024 2735,2029 2753,1952 2623,1919 2518,1957 2410,1927 2354,1965 1804,1968"/>
                <Baseline points="1818,2013 1864,2013 1911,2013 1958,2014 2005,2017 2052,2019 2099,2019 2146,2017 2193,2012 2240,2011 2287,2011 2333,2010 2380,2010 2427,2010 2474,2010 2521,2010 2568,2008 2615,2010 2662,2007 2709,2007 2756,2010"/>
                <TextEquiv>
                    <Unicode>sicl gegen rechts u in</Unicode>
                </TextEquiv>
            </TextLine>
            <TextLine id="tr_1_tl_25" custom="readingOrder {index:24;}">
                <Coords points="834,2073 1684,2075 1663,1940 1461,1970 1221,1932 1126,1963 834,1945"/>
                <Baseline points="848,2022 890,2016 932,2019 974,2019 1016,2019 1058,2017 1100,2014 1142,2015 1184,2014 1226,2015 1269,2016 1311,2016 1353,2015 1395,2014 1437,2016 1479,2016 1521,2016 1563,2016 1605,2016 1647,2018 1690,2019"/>
                <TextEquiv>
                    <Unicode>bar, xandexnxAux verli.</Unicode>
                </TextEquiv>
            </TextLine>
            <TextLine id="tr_1_tl_26" custom="readingOrder {index:25;}">
                <Coords points="824,2165 2735,2167 2735,2070 2377,2106 1924,2060 1830,2096 1589,2060 824,2096"/>
                <Baseline points="839,2147 934,2144 1029,2146 1124,2144 1219,2147 1314,2146 1409,2144 1504,2144 1599,2141 1694,2144 1790,2141 1885,2141 1980,2144 2075,2147 2170,2145 2265,2147 2360,2147 2455,2147 2550,2146 2645,2146 2741,2147"/>
                <TextEquiv>
                    <Unicode>die Coulisse. In diese Rückwand ist eine prakti-</Unicode>
                </TextEquiv>
            </TextLine>
            <TextLine id="tr_1_tl_27" custom="readingOrder {index:26;}">
                <Coords points="821,2295 2858,2285 2858,2221 2623,2206 1638,2234 1558,2193 1423,2229 1371,2190 1187,2234 952,2190 824,2226"/>
                <Baseline points="839,2290 940,2284 1041,2281 1142,2275 1244,2278 1345,2275 1446,2277 1547,2275 1649,2275 1750,2275 1851,2275 1952,2272 2054,2272 2155,2272 2256,2273 2357,2275 2459,2278 2560,2278 2661,2281 2762,2279 2864,2278"/>
                <TextEquiv>
                    <Unicode>kahle Türe eingelassen,die also die Eintergrundstü-</Unicode>
                </TextEquiv>
            </TextLine>
            <TextLine id="tr_1_tl_28" custom="readingOrder {index:27;}">
                <Coords points="873,2495 1164,2449 1305,2492 1476,2449 1824,2482 1896,2428 2034,2421 2810,2451 2810,2349 2735,2334 2390,2367 1691,2331 1540,2372 1190,2331 1026,2369 937,2331 875,2364"/>
                <Baseline points="890,2431 986,2419 1082,2411 1178,2407 1275,2404 1371,2407 1467,2413 1564,2416 1660,2410 1756,2409 1853,2407 1949,2407 2045,2407 2141,2398 2238,2401 2334,2402 2430,2400 2527,2401 2623,2398 2719,2401 2816,2410"/>
                <TextEquiv>
                    <Unicode>der Dekoration des Bernschen Stüches vorstellt.</Unicode>
                </TextEquiv>
            </TextLine>
            <TextLine id="tr_1_tl_29" custom="readingOrder {index:28;}">
                <Coords points="834,2595 2848,2618 2822,2456 2385,2492 1776,2459 1361,2492 1218,2456 908,2492 834,2456"/>
                <Baseline points="848,2541 948,2535 1048,2535 1149,2538 1249,2535 1349,2537 1450,2535 1550,2535 1650,2532 1751,2533 1851,2533 1951,2533 2052,2532 2152,2532 2252,2532 2353,2532 2453,2538 2553,2534 2654,2532 2754,2532 2855,2532"/>
                <TextEquiv>
                    <Unicode>In der linken Seitenwand der Dekoration slelchtalis</Unicode>
                </TextEquiv>
            </TextLine>
            <TextLine id="tr_1_tl_30" custom="readingOrder {index:29;}">
                <Coords points="821,2674 2738,2679 2738,2612 2641,2600 2004,2623 1917,2582 1758,2615 1497,2577 1420,2628 1087,2569 1011,2615 821,2612"/>
                <Baseline points="836,2673 931,2670 1026,2667 1122,2667 1217,2666 1313,2667 1408,2666 1503,2664 1599,2664 1694,2667 1790,2666 1885,2664 1980,2663 2076,2664 2171,2664 2267,2664 2362,2664 2457,2667 2553,2667 2648,2668 2744,2673"/>
                <TextEquiv>
                    <Unicode>eine Türe. Sie verbindet also kähr die Bihne des</Unicode>
                </TextEquiv>
            </TextLine>
            <TextLine id="tr_1_tl_31" custom="readingOrder {index:30;}">
                <Coords points="1858,2740 2075,2738 2103,2758 2165,2740 2203,2756 2357,2740 2357,2692 2180,2699 2042,2671 1983,2687 1965,2671 1922,2694 1896,2669 1858,2671"/>
                <Baseline points="1872,2732 1897,2734 1923,2735 1949,2735 1975,2735 2000,2735 2026,2735 2052,2735 2078,2735 2104,2734 2129,2733 2155,2732 2181,2732 2207,2733 2233,2735 2258,2735 2284,2736 2310,2737 2336,2737 2362,2735"/>
                <TextEquiv>
                    <Unicode>seit an</Unicode>
                </TextEquiv>
            </TextLine>
            <TextLine id="tr_1_tl_32" custom="readingOrder {index:31;}">
                <Coords points="965,2735 1799,2753 1799,2679 1021,2666 965,2689"/>
                <Baseline points="979,2735 1020,2732 1061,2732 1103,2732 1144,2730 1185,2729 1227,2729 1268,2729 1309,2730 1351,2733 1392,2736 1433,2738 1475,2738 1516,2738 1557,2738 1599,2741 1640,2739 1681,2738 1723,2738 1764,2740 1806,2741"/>
                <TextEquiv>
                    <Unicode>autdeptt de Bern.</Unicode>
                </TextEquiv>
            </TextLine>
            <TextLine id="tr_1_tl_33" custom="readingOrder {index:32;}">
                <Coords points="819,2807 2607,2822 2607,2740 2523,2723 1858,2766 819,2723"/>
                <Baseline points="833,2795 921,2798 1010,2798 1099,2798 1188,2798 1277,2795 1366,2795 1454,2795 1543,2792 1632,2795 1721,2794 1810,2795 1899,2792 1988,2792 2076,2794 2165,2795 2254,2793 2343,2792 2432,2792 2521,2792 2610,2798"/>
                <TextEquiv>
                    <Unicode>Residenztheaters mit dem Loulissenraum links.</Unicode>
                </TextEquiv>
            </TextLine>
            <TextLine id="tr_1_tl_34" custom="readingOrder {index:33;}">
                <Coords points="814,3012 1093,2971 1712,2991 1758,2950 1975,2935 2866,2943 2866,2879 2815,2858 814,2871"/>
                <Baseline points="827,2930 929,2927 1031,2925 1133,2924 1236,2924 1338,2922 1440,2922 1543,2924 1645,2922 1747,2924 1850,2924 1952,2924 2054,2922 2156,2923 2259,2924 2361,2926 2463,2927 2566,2930 2668,2927 2770,2931 2873,2935"/>
                <TextEquiv>
                    <Unicode>Der dritte Akt der Fart dewten Stueken ist eben</Unicode>
                </TextEquiv>
            </TextLine>
            <TextLine id="tr_1_tl_35" custom="readingOrder {index:34;}">
                <Coords points="829,3083 2876,3058 2876,3007 2804,2991 2421,2978 1497,3004 1093,2971 829,3009"/>
                <Baseline points="842,3070 944,3064 1046,3058 1148,3058 1250,3053 1352,3052 1454,3052 1556,3050 1658,3052 1760,3052 1862,3052 1964,3049 2066,3049 2168,3052 2270,3050 2372,3049 2474,3052 2576,3053 2678,3055 2780,3049 2882,3055"/>
                <TextEquiv>
                    <Unicode>im Gang. Wenn im Laut der landlung die lintergrunds-</Unicode>
                </TextEquiv>
            </TextLine>
            <TextLine id="tr_1_tl_36" custom="readingOrder {index:35;}">
                <Coords points="850,3152 2055,3124 2055,3070 1965,3063 852,3088"/>
                <Baseline points="866,3139 925,3130 985,3124 1045,3126 1104,3124 1164,3127 1224,3124 1283,3122 1343,3121 1403,3120 1463,3120 1522,3121 1582,3119 1642,3121 1701,3121 1761,3122 1821,3124 1880,3127 1940,3127 2000,3117 2060,3121"/>
                <TextEquiv>
                    <Unicode>di in d Prooreht cingelarrem nn</Unicode>
                </TextEquiv>
            </TextLine>
            <TextLine id="tr_1_tl_37" custom="readingOrder {index:36;}">
                <Coords points="824,3232 1136,3275 1510,3242 1783,3278 1868,3227 2027,3278 2610,3247 2740,3285 2712,3111 824,3132"/>
                <Baseline points="839,3195 934,3191 1029,3189 1125,3186 1220,3186 1316,3186 1411,3186 1506,3188 1602,3186 1697,3186 1793,3183 1888,3184 1983,3183 2079,3180 2174,3183 2270,3183 2365,3183 2460,3183 2556,3185 2651,3189 2747,3186"/>
                <TextEquiv>
                    <Unicode>türe sich skinet, sieht nan also die in dem Stüch</Unicode>
                </TextEquiv>
            </TextLine>
            <TextEquiv>
                <Unicode></Unicode>
            </TextEquiv>
        </TextRegion>
    </Page>
</PcGts>
