3080 3496
413 1190 686 1324 Fey hellen
395 1278 628 1380 derin
359 1354 613 1498 ber s
375 1405 724 1582 vnhst.
440 1534 721 1658 gpishe¬
400 1605 714 1764 Ar-T.
375 1719 610 1822 de et
362 1792 580 1967 le it
757 400 2443 623 Franzl:/ Komn zu dir, Richerdftnäher zu Ihnl
729 577 1590 726 Eshard: (steht starrl
757 701 2731 858 Franzl: (weicher) Besinne dich doch. Das alles hat-
759 820 2708 1007 test du doch schon überwunden. (Und nun wieder mit
759 939 2668 1144 einem Mal) Heiest du denn nicht mehr -Richerd-
759 1088 2708 1243 du denkst doch nicht, dess er ernstlich glaubt,ich
754 1195 2632 1362 könnte um seinetwillenf es ist ja zum Lachen.
881 1324 1491 1415 dit Aetr auhs vot.
762 1352 2635 1509 Wenn er heute von diesem Schwür gesprochen hat,
759 1473 2789 1660 so war es natürlicl nicht die Spur einer wirklichen
747 1628 2734 1779 Sorge um migh.(Eitelkeit war es, Zynismus, was weiss
749 1714 2706 1891 ich.(Wahrscheihlich vermutet er, dass du, dess wir.
757 1871 2708 2035 beide - nun jeses wäre dch möglich, dass er etwas
759 1987 2734 2154 ehnt von uns Feiden trotz deiner grossen Vorsicht.
1207 2093 1364 2174 2t.
757 2126 2683 2288 Richerd: Nichts ahnt er. Dass du einen Geliebten
1688 2230 1896 2306 Er
754 2230 2782 2420 hast, das freilich (hätt er für recht wahrscheinlich.
1329 2354 1676 2443 hell auch
767 2354 2754 2536 (unbeherrscht) Er zweifelt ger nicht daran, dass du
759 2524 2749 2681 noch zehn oder noch hundert Geliebte haben wirst.
759 2635 2749 2782 ker nebstbei ist er überzeugt, dass er dich wieder
2134 2734 2407 2820 Net
2291 2721 2845 2921 m. et is weit
759 2779 2248 2929 haben kann, sobald es ihm beliebt, wg
1367 2853 2589 2941 lor dle las de tn n loru
759 2916 2481 3070 Franzi: Richardl Und du, du glaubst es auch?
757 3035 2688 3192 Richard: Ich glaube überhaupt nichts. Ich glaube-
749 3159 2711 3329 nichte, ich weiss nichts, ich weiss nichte anderee.
