3048 3496
2537 412 2703 576 232
779 531 964 694 ner2
2431 612 2640 739 kean
779 652 2582 866 Roveda: Er kettg einer verdeg lexnen. (Joden-
1143 803 2310 879 Mell die veum ihle siem
787 824 2709 972 faie war kein Grund vorhanden)so anfechtbar die
795 966 2468 1106 Leistung auch war, sich gleich umzubringen.
797 1056 2751 1238 sblein: Ich hatte gewarnt die Rolle einer Anfan-
797 1262 1610 1352 gerin anzuvertrauen.
797 1312 2875 1526 Roreda: Nun ist ee zu epät, guten Abend, meine Herren.
800 1457 2701 1674 Portier( Den Wegen für Fraulein, Rovedat) (es wird
795 1600 2471 1724 angenommen,dase er rechts, rückwärte steht)
1449 1713 1917 1819 mittwrhete
795 1721 2751 1930 Roredai( Er soll nur dert stehen bleiben,ich komme
797 1840 2764 2020 sohon hin. (zu Fregor) Ich kann Sie in meinem Ma-
1035 1980 1373 2075 een kan sat
1428 1980 1563 2062 tte
805 2004 1877 2167 gen mitnehmen, Herr Gregor..
805 2128 1737 2318 regorilanentschloexen)
1170 2236 1716 2334 Cius pum v. Sta
797 2241 2901 2458 Egrede: Du machst sie ja doch nicht wieder diebendig.
1830 2363 2814 2519 Wen lch - wen Aife an
818 2400 1808 2585 luit sum gegen rechte abl
818 2532 2838 2669 (Lublein und Baron sind gegen linke weitorgegangen)
808 2680 2933 2827 Lsblein: (zum Baron, in einem Gespräch fortfahrend) Ieh
800 2798 2849 2978 bin ganz überzeugt, Herr Beron.) Mit drei Proben wäre
816 2922 1354 3076 es zu machen.
800 3007 2851 3250 deren! Vaf Sie wetten dret Hendet Und mörgen ist
