3096 3496
418 1484 811 1630 C iint de
398 1608 776 1754 etore, ju
378 1721 753 1835 Arrinn
378 1862 837 1983 sonigm
386 1933 769 2082 opeeri.
375 2054 683 2192 Iu w
2565 330 2719 494 44
922 423 2187 564 il habitert horscherntees dezar
2331 406 2530 552 1.
869 519 2742 698 uns in der Fenston hat er gewahnt. Iuner fat er
854 645 2795 819 nech Monte Carlo spieten, hat sein Geld verloren,
859 761 2805 917 und Geld von meiner Mutter und die Pension dazu-
869 877 2631 1076 undich habs sranzdeische Lektionen gegeben.
859 1026 2361 1197 Heiraten ie keinen Spieler,Fräulein.
867 1142 2754 1336 Franzi: Hab nicht die Absicht. Je n’ai nten
864 1260 2553 1424 pas i’intention.) Vederhaupt -heirgten - -
1305 1371 2868 1464 den tunul mausmal jarpurermatet.
864 1444 2515 1588 Baronin: Manchmal iet men kerheffatet und
2500 1452 2676 1575 all
1469 1517 1963 1590 Ce. uberer
872 1547 2636 1724 Tef verher hat wan noch ntokt deren gedart
874 1651 2661 1857 En chaque cus Tospère que vous aurer plus de
874 1814 1542 1956 eence que mol.
874 1963 1895 2129 Franzi: (zuckt die Achseint
869 2084 2591 2238 Baronin: A les jeunes hommes - Ja, wenn die
2006 2160 2575 2245 quam ildarae
1341 2180 1608 2255 Mann
869 2187 2830 2369 jungen axz Herren imner wüesten, wo, - ou Exautx
2157 2303 2321 2374 ait
940 2306 1111 2394 hon
869 2344 2709 2495 opercher xonhux leur bonheur. Ce nfest pas
877 2480 2689 2616 toujours dans les grandes/families. (sie war
874 2573 2749 2772 noch mit irgendwelcher ihnordnung im Zinmer be-
887 2732 2641 2901 schärtigt, ist jetzt fertigl Werden die Herr-
872 2858 2082 3019 schaften heute hier soupiefen?
867 2989 2510 3165 Franzi: Ich weiss nicht), je ne sals pais.
869 3100 2895 3309 Beropin: Ks ist allef vorgerichtet. Faut sculement
872 3276 1162 3369 sonner.
