3144 3544
2568 378 2734 554 783
826 590 1820 782 (zweitee Zeichen ertönt)
821 764 1947 909 Frau Veith: Nan. Mathilde --
836 862 2480 1033 (Mathilde, Frau Veith,Eichard in die Logel
821 1002 2806 1168 Heiene: (zu Mathilde - etwas früher) hian muss mit-
818 1139 2630 1266 den Hünnern ein wenig Geduld haben oder sich
815 1256 2811 1411 entschliessen zu sein wie sie - das ist vielleicht
834 1382 2817 1553 das Amüsantere. (auch in die Loge zu ihrem Vater)
839 1522 2677 1649 ((Richard verlässt die Loge gleich wieder,viel-
828 1654 2770 1822 leicht auch wird er von jemanden Andern aufgehal-
821 1784 2490 1929 ten und betritt die Loge gar nicht mehrl.
839 1908 2705 2084 (Ite loge der Freu Rgveie öfinet sich,Dregulein
826 2043 2705 2208 verabechiedet sich eben von ihr und ihrer lluti-
823 2154 2819 2294 die Muttr setzt sich gleich wieder nach vorn, Dre-
834 2309 2345 2423 gulein bleibt noch in der Türe stehen)
834 2439 2757 2581 Dregulein: Ex sieht dir ähnlich, dass du heute im
834 2581 1432 2713 Theater bist.
2185 2563 2563 2697 Fambt
836 2674 2726 2868 Koreda: Eir sicht alles ähnlich. Denn ich nicht
839 2806 2791 2995 de wäre sihe er mir geradesc äihülich.) Also, adieu,
831 2936 2910 3112 lieber Dregulein, behaltermich in zutem Angedenken.-
831 3086 1734 3283 Dregulein: Angedenken?
