3096 3512
462 285 620 417 22./9
2405 476 2546 554 252
910 571 1879 707 Logenschliesser erwacht.
1980 641 2324 769 in hieco
905 724 2699 856 Richard: Wie kommt man denn da auf die Bühne?
912 856 2612 964 Logenschliesser: Da müssen S’ da hinunter
1429 993 2584 1160 Aber es ist nicht gestattet.
903 1000 1254 1101 und dann
1141 1054 1636 1165 1irstr Berine
903 1115 2704 1259 tichärd: Wär'- es Ihnen vielleicht möglich ei-
901 1254 1829 1356 nen Brief zu bestellen?
905 1363 1895 1488 Logenschliesser: (zögert,
903 1509 2751 1648 Richard: (giht ihm einen Brief und-zugleich ein
903 1643 2174 1761 Trinkgeld). Es ist sehr dringend.
901 1787 2647 1905 Zogenschliesser: Ich werd' das Brieferl mei-
893 1886 2765 2049 ner Frau geben, sie ist Garderobière. (rasch die
934 2037 1473 2136 Stufen hinab).
893 2152 2676 2256 Richard: (will zuerst in die Loge zurück,lässt
912 2296 2011 2461 ss dann sein, ab gegen linke)
893 2556 2725 2702 Ansager: (die Stufen herauf,klopft an Logentüre.
889 2671 2732 2782 IV, bleibt ohne Antwort,klopft nochmals und öft
882 2820 2322 2916 net selbst) Herr Doktor,es wär Zeit.
889 2923 2572 3041 Karl Bern: (Tritt heraus) Ich hab doch dem
875 3025 2768 3180 Herrn Regisseur gesagt, it konm erst an Schluss
