3064 3496
2402 372 2561 487 204
1398 409 1619 541 wohl
825 517 2341 629 erschulden ist ofrenbar ausgeschlossen.
749 632 2028 744 Rovea:(zum Beron) Mein Zeileid.
759 764 2307 894 Beron: Wir haben Fech in diezer Saison.
749 891 2596 1016 oveia: Der Tod ist ein Element, gegen das sich
757 1024 1494 1163 nichts sagen lusst.
771 1146 2635 1254 (luk Neirung des Kommiss채re wird Franzl von dem
740 1271 2703 1447 Doka auf die bahre 체bertragen. Die Erbeiter heben
759 1398 2476 1508 die. Pahre vom Boden auf, Gregor st체rzt in
766 1523 2701 1638 diesem Eugenblick wie ein Verzweifelter zu Boden)
813 1692 2650 1807 reguiein: (zu liregorl. Das macht man nur auf dem
766 1812 1168 1927 Therter.
766 1930 2652 2072 (kom ilssar im Gespr채ch mit dem Doktor und Baron
771 2069 1315 2243 mit Lobleinl.
