<?xml version="1.0" encoding="UTF-8" standalone="yes"?>
<PcGts xmlns="http://schema.primaresearch.org/PAGE/gts/pagecontent/2013-07-15" xmlns:xsi="http://www.w3.org/2001/XMLSchema-instance" xsi:schemaLocation="http://schema.primaresearch.org/PAGE/gts/pagecontent/2013-07-15 http://schema.primaresearch.org/PAGE/gts/pagecontent/2013-07-15/pagecontent.xsd">
    <Metadata>
        <Creator>prov=READ-COOP:name=PyLaia@TranskribusPlatform:version=2.7.0:model_id=50870:lm=none:date=22_01_2024_15:39</Creator>
        <Created>2023-09-27T14:32:23.533+02:00</Created>
        <LastChange>2024-01-22T15:39:39.257+01:00</LastChange>
        <TranskribusMetadata docId="1589027" pageId="60122089" pageNr="84" tsid="145620703" status="IN_PROGRESS" userId="40391" imgUrl="https://files.transkribus.eu/Get?id=JTKSFJLBFWRYEKFDLGXCMVTV&amp;fileType=view" xmlUrl="https://files.transkribus.eu/Get?id=IZDSXPSNREWTZAOUCMQVKNLM" imageId="48547168"/>
    </Metadata>
    <Page imageFilename="1589027_0084.jpg" imageWidth="3096" imageHeight="3544">
        <ReadingOrder>
            <OrderedGroup id="ro_1711795938574" caption="Regions reading order">
                <RegionRefIndexed index="0" regionRef="tr_1"/>
                <RegionRefIndexed index="1" regionRef="tr_2"/>
            </OrderedGroup>
        </ReadingOrder>
        <TextRegion orientation="0.0" id="tr_1" custom="readingOrder {index:0;}">
            <Coords points="468,374 468,2548 821,2548 821,374"/>
            <TextLine id="tr_1_tl_1" custom="readingOrder {index:0;}">
                <Coords points="472,452 537,440 566,462 606,467 655,448 697,465 744,443 816,467 816,376 757,361 734,373 663,344 549,344 502,383 472,388"/>
                <Baseline points="486,420 511,420 537,420 563,422 589,424 614,426 640,423 666,420 692,422 717,423 743,423 769,424 795,426 821,432"/>
                <TextEquiv>
                    <Unicode>15.4.1919</Unicode>
                </TextEquiv>
            </TextLine>
            <TextLine id="tr_1_tl_2" custom="readingOrder {index:1;}">
                <Coords points="497,1694 519,1691 564,1664 576,1671 621,1642 655,1637 660,1602 630,1595 598,1565 581,1568 571,1563 541,1533 517,1535"/>
                <Baseline points="516,1660 545,1654 574,1648 603,1644 632,1642 662,1642"/>
                <TextEquiv>
                    <Unicode>der</Unicode>
                </TextEquiv>
            </TextLine>
            <TextLine id="tr_1_tl_3" custom="readingOrder {index:2;}">
                <Coords points="502,1827 539,1825 564,1805 593,1827 611,1817 621,1825 633,1815 697,1825 700,1696 603,1694 561,1708 504,1706"/>
                <Baseline points="516,1749 542,1745 569,1743 596,1745 623,1745 650,1744 677,1742 704,1740"/>
                <TextEquiv>
                    <Unicode>peri</Unicode>
                </TextEquiv>
            </TextLine>
            <TextLine id="tr_1_tl_4" custom="readingOrder {index:3;}">
                <Coords points="455,2552 507,2537 546,2562 559,2557 579,2569 626,2569 638,2559 665,2564 665,2487 621,2485 571,2445 532,2450 509,2433 490,2443 477,2435 452,2443"/>
                <Baseline points="468,2522 493,2522 518,2522 544,2524 569,2525 594,2525 620,2525 645,2525 671,2525"/>
                <TextEquiv>
                    <Unicode>Woge</Unicode>
                </TextEquiv>
            </TextLine>
            <TextEquiv>
                <Unicode></Unicode>
            </TextEquiv>
        </TextRegion>
        <TextRegion orientation="0.0" id="tr_2" custom="readingOrder {index:1;}">
            <Coords points="883,530 883,3210 2872,3210 2872,530"/>
            <TextLine id="tr_2_tl_1" custom="readingOrder {index:0;}">
                <Coords points="885,608 2589,598 2589,519 2450,480 1741,534 1602,492 1357,546 885,504"/>
                <Baseline points="898,585 982,585 1067,588 1152,587 1237,587 1322,586 1406,585 1491,587 1576,585 1661,585 1746,585 1830,585 1915,588 2000,586 2085,582 2170,583 2254,582 2339,581 2424,582 2509,582 2594,582"/>
                <TextEquiv>
                    <Unicode>Richard: Aber ich bestehe jetzt dar uf, dass</Unicode>
                </TextEquiv>
            </TextLine>
            <TextLine id="tr_2_tl_2" custom="readingOrder {index:1;}">
                <Coords points="890,715 1108,717 1177,744 1338,717 1392,747 1449,722 1526,752 1629,729 1629,682 1518,655 1340,675 1199,638 987,680 890,640"/>
                <Baseline points="904,707 940,709 976,712 1013,713 1049,713 1086,713 1122,713 1159,715 1195,715 1232,714 1268,716 1304,713 1341,713 1377,713 1414,713 1450,713 1487,713 1523,713 1560,715 1596,719 1633,722"/>
                <TextEquiv>
                    <Unicode>Die weiter reden.</Unicode>
                </TextEquiv>
            </TextLine>
            <TextLine id="tr_2_tl_3" custom="readingOrder {index:2;}">
                <Coords points="880,853 2596,853 2596,737 2191,821 2107,779 1746,801 1558,739 1427,801 1123,762 880,791"/>
                <Baseline points="895,841 980,841 1065,839 1150,843 1236,844 1321,844 1406,843 1491,842 1577,843 1662,844 1747,844 1832,841 1918,844 2003,841 2088,841 2173,841 2259,840 2344,841 2429,839 2514,841 2600,844"/>
                <TextEquiv>
                    <Unicode>Karl Bern: Und ie gestatten mir aufrichtig</Unicode>
                </TextEquiv>
            </TextLine>
            <TextLine id="tr_2_tl_4" custom="readingOrder {index:3;}">
                <Coords points="880,982 962,991 1006,974 1066,1004 1157,984 1224,989 1221,930 1187,935 1172,920 1095,930 1063,915 996,935 954,920 942,935 912,925 878,935"/>
                <Baseline points="895,976 920,974 946,973 971,973 997,974 1022,975 1048,976 1073,976 1099,976 1124,976 1150,976 1175,977 1201,978 1227,979"/>
                <TextEquiv>
                    <Unicode>zu sein.</Unicode>
                </TextEquiv>
            </TextLine>
            <TextLine id="tr_2_tl_5" custom="readingOrder {index:4;}">
                <Coords points="893,1115 2151,1118 2149,1073 1951,1021 1840,1061 1701,1024 1548,1061 890,1041"/>
                <Baseline points="907,1098 969,1102 1031,1104 1094,1104 1156,1104 1219,1104 1281,1106 1343,1104 1406,1104 1468,1104 1531,1104 1593,1104 1655,1104 1718,1104 1780,1101 1843,1104 1905,1101 1967,1101 2030,1101 2092,1102 2155,1125"/>
                <TextEquiv>
                    <Unicode>Richard: Ich ersuche Sie därum.</Unicode>
                </TextEquiv>
            </TextLine>
            <TextLine id="tr_2_tl_6" custom="readingOrder {index:5;}">
                <Coords points="2154,1165 2430,1123 2522,1179 2804,1137 2804,1029 2660,1019 2557,1066 2388,994 2166,972"/>
                <Baseline points="2173,1116 2190,1139 2223,1135 2255,1130 2288,1126 2320,1122 2353,1120 2385,1117 2418,1115 2450,1113 2483,1115 2516,1112 2548,1106 2581,1104 2613,1102 2646,1102 2678,1104 2711,1099 2743,1098 2776,1100 2809,1104"/>
                <TextEquiv>
                    <Unicode>1 1 swahte hat der</Unicode>
                </TextEquiv>
            </TextLine>
            <TextLine id="tr_2_tl_7" custom="readingOrder {index:6;}">
                <Coords points="878,1234 1869,1234 1990,1308 2168,1236 2460,1305 2791,1259 2774,1160 2423,1172 2309,1130 2267,1165 1751,1160 1671,1197 1587,1162 878,1172"/>
                <Baseline points="892,1233 987,1235 1082,1234 1177,1233 1272,1236 1367,1233 1462,1234 1557,1237 1652,1233 1747,1234 1843,1235 1938,1233 2033,1233 2128,1233 2223,1231 2318,1229 2413,1228 2508,1229 2603,1227 2698,1227 2794,1227"/>
                <TextEquiv>
                    <Unicode>Karl. Bern: Alsi, kurz und gut. Sie sind nicht der</Unicode>
                </TextEquiv>
            </TextLine>
            <TextLine id="tr_2_tl_8" custom="readingOrder {index:7;}">
                <Coords points="878,1385 1773,1370 1874,1417 2065,1367 2319,1402 2594,1377 2594,1310 2319,1281 2225,1323 1857,1278 1718,1320 878,1308"/>
                <Baseline points="892,1364 977,1363 1062,1362 1147,1362 1233,1364 1318,1364 1403,1363 1488,1364 1574,1361 1659,1361 1744,1361 1829,1361 1915,1361 2000,1359 2085,1358 2170,1358 2256,1358 2341,1359 2426,1358 2511,1358 2597,1355"/>
                <TextEquiv>
                    <Unicode>lann für einexxxnx(Beziehung mit einer</Unicode>
                </TextEquiv>
            </TextLine>
            <TextLine id="tr_2_tl_9" custom="readingOrder {index:8;}">
                <Coords points="885,1496 1179,1533 1610,1496 1889,1565 2433,1493 2705,1528 2705,1427 2552,1414 2270,1449 1795,1414 1708,1456 885,1432"/>
                <Baseline points="898,1480 988,1489 1079,1492 1169,1492 1260,1492 1351,1495 1441,1492 1532,1492 1622,1489 1713,1489 1804,1489 1894,1491 1985,1487 2075,1488 2166,1486 2257,1486 2347,1488 2438,1487 2528,1489 2619,1489 2710,1495"/>
                <TextEquiv>
                    <Unicode>Fünstlerin,besondere mit einer Schauspiglerin.</Unicode>
                </TextEquiv>
            </TextLine>
            <TextLine id="tr_2_tl_10" custom="readingOrder {index:9;}">
                <Coords points="893,1622 1219,1669 1385,1627 1560,1666 1993,1619 2277,1669 2388,1624 2448,1662 2670,1629 2670,1568 2584,1545 2161,1577 1708,1543 1577,1580 1071,1550 979,1585 893,1533"/>
                <Baseline points="906,1615 994,1621 1082,1618 1171,1618 1259,1621 1348,1621 1436,1624 1525,1622 1613,1620 1702,1619 1790,1621 1878,1619 1967,1618 2055,1617 2144,1617 2232,1617 2321,1618 2409,1616 2498,1618 2586,1619 2675,1618"/>
                <TextEquiv>
                    <Unicode>Und Fräulein Friesel dürfte kaum die Richtige</Unicode>
                </TextEquiv>
            </TextLine>
            <TextLine id="tr_2_tl_11" custom="readingOrder {index:10;}">
                <Coords points="1963,1736 1998,1743 2057,1711 2079,1726 2104,1721 2119,1736 2163,1738 2163,1652 2131,1652 2114,1642 2104,1652 2067,1647 2047,1659 2018,1634 1985,1617 1966,1617"/>
                <Baseline points="1976,1701 2003,1703 2031,1705 2059,1707 2086,1704 2114,1701 2142,1701 2170,1701"/>
                <TextEquiv>
                    <Unicode>N</Unicode>
                </TextEquiv>
            </TextLine>
            <TextLine id="tr_2_tl_12" custom="readingOrder {index:11;}">
                <Coords points="880,1775 1397,1751 1449,1785 1582,1733 1652,1770 1832,1738 1835,1666 1783,1647 1696,1704 1617,1654 1404,1713 1273,1681 1187,1711 883,1694"/>
                <Baseline points="895,1752 942,1752 989,1749 1036,1749 1083,1749 1131,1749 1178,1750 1225,1752 1272,1752 1319,1751 1367,1749 1414,1747 1461,1741 1508,1735 1555,1732 1603,1731 1650,1726 1697,1725 1744,1728 1791,1728 1839,1737"/>
                <TextEquiv>
                    <Unicode>für Die sein /- An su</Unicode>
                </TextEquiv>
            </TextLine>
            <TextLine id="tr_2_tl_13" custom="readingOrder {index:12;}">
                <Coords points="930,1943 1179,1921 1540,1963 1726,1879 2129,1916 2631,1879 2789,1933 2789,1825 2737,1800 2618,1844 2364,1798 2008,1835 1793,1788 1652,1842 1592,1807 1083,1832 932,1800"/>
                <Baseline points="943,1877 1035,1880 1128,1880 1220,1880 1313,1879 1405,1880 1498,1881 1590,1877 1683,1879 1775,1877 1868,1879 1961,1880 2053,1877 2146,1877 2238,1877 2331,1875 2423,1877 2516,1875 2608,1877 2701,1874 2794,1869"/>
                <TextEquiv>
                    <Unicode>ichard: (nervös) das je zu erläutern haben wer-</Unicode>
                </TextEquiv>
            </TextLine>
            <TextLine id="tr_2_tl_14" custom="readingOrder {index:13;}">
                <Coords points="880,2018 932,2027 949,2013 982,2040 994,2035 1001,2042 1016,2032 1031,2035 1053,2027 1051,1958 982,1961 967,1946 930,1956 907,1941 878,1943"/>
                <Baseline points="895,2009 922,2009 949,2009 977,2009 1004,2010 1031,2012 1059,2012"/>
                <TextEquiv>
                    <Unicode>den.</Unicode>
                </TextEquiv>
            </TextLine>
            <TextLine id="tr_2_tl_15" custom="readingOrder {index:14;}">
                <Coords points="875,2151 2782,2151 2782,2069 2557,2047 2292,2094 2129,2062 1849,2094 1684,2052 1553,2097 875,2079"/>
                <Baseline points="889,2131 988,2137 1088,2135 1188,2137 1288,2137 1388,2137 1488,2137 1588,2140 1688,2143 1788,2140 1888,2140 1988,2140 2088,2138 2188,2134 2288,2134 2388,2134 2488,2134 2588,2134 2688,2134 2788,2140"/>
                <TextEquiv>
                    <Unicode>Karl ssern: Darum spiele ich ja Schach mit Ihnen.</Unicode>
                </TextEquiv>
            </TextLine>
            <TextLine id="tr_2_tl_16" custom="readingOrder {index:15;}">
                <Coords points="885,2287 1259,2267 1414,2290 1414,2213 1345,2193 1214,2225 1150,2193 1108,2215 885,2201"/>
                <Baseline points="898,2260 924,2263 950,2266 976,2266 1002,2266 1028,2266 1054,2266 1081,2266 1107,2266 1133,2266 1159,2266 1185,2266 1211,2266 1237,2266 1264,2266 1290,2266 1316,2266 1342,2266 1368,2267 1394,2268 1421,2263"/>
                <TextEquiv>
                    <Unicode>Fichard: Nun?</Unicode>
                </TextEquiv>
            </TextLine>
            <TextLine id="tr_2_tl_17" custom="readingOrder {index:16;}">
                <Coords points="2087,2314 2163,2329 2193,2312 2265,2346 2290,2327 2398,2329 2435,2309 2448,2324 2532,2314 2537,2210 2519,2205 2468,2225 2438,2213 2354,2255 2324,2225 2267,2215 2188,2260 2092,2235"/>
                <Baseline points="2104,2307 2129,2304 2154,2304 2180,2304 2205,2304 2231,2304 2256,2302 2282,2301 2307,2301 2333,2300 2358,2298 2384,2296 2409,2295 2435,2294 2460,2291 2486,2288 2511,2285 2537,2281"/>
                <TextEquiv>
                    <Unicode>ein kons</Unicode>
                </TextEquiv>
            </TextLine>
            <TextLine id="tr_2_tl_18" custom="readingOrder {index:17;}">
                <Coords points="890,2450 1239,2465 1459,2401 2747,2406 2722,2334 2438,2312 2084,2356 1308,2312 890,2346"/>
                <Baseline points="904,2394 996,2397 1088,2397 1181,2397 1273,2395 1366,2394 1458,2394 1550,2394 1643,2394 1735,2397 1828,2395 1920,2394 2012,2394 2105,2394 2197,2394 2290,2391 2382,2394 2474,2391 2567,2391 2659,2392 2752,2394"/>
                <TextEquiv>
                    <Unicode>arl Bern: )Im Ernst gesprochen, Fraulein Friesel</Unicode>
                </TextEquiv>
            </TextLine>
            <TextLine id="tr_2_tl_19" custom="readingOrder {index:18;}">
                <Coords points="880,2539 977,2529 1118,2596 1530,2527 1862,2564 2072,2527 2821,2552 2821,2475 2621,2445 2455,2487 2149,2448 1899,2485 880,2460"/>
                <Baseline points="895,2525 991,2522 1088,2523 1184,2524 1281,2522 1378,2523 1474,2525 1571,2522 1667,2525 1764,2524 1861,2525 1957,2522 2054,2522 2150,2522 2247,2522 2344,2519 2440,2523 2537,2519 2633,2521 2730,2522 2827,2525"/>
                <TextEquiv>
                    <Unicode>braucht freiheit für ihre künstlerische Existenz,</Unicode>
                </TextEquiv>
            </TextLine>
            <TextLine id="tr_2_tl_20" custom="readingOrder {index:19;}">
                <Coords points="878,2658 1172,2693 1266,2651 1385,2683 2866,2665 2866,2596 2646,2618 2579,2569 2398,2611 2126,2576 1699,2616 1607,2564 1535,2608 878,2574"/>
                <Baseline points="892,2648 990,2657 1089,2657 1188,2657 1287,2650 1386,2651 1485,2657 1583,2653 1682,2654 1781,2648 1880,2651 1979,2651 2078,2651 2177,2650 2275,2651 2374,2654 2473,2648 2572,2648 2671,2648 2770,2650 2869,2645"/>
                <TextEquiv>
                    <Unicode>Freiheit - verstehen Sie mich? - äussere und inne-</Unicode>
                </TextEquiv>
            </TextLine>
            <TextLine id="tr_2_tl_21" custom="readingOrder {index:20;}">
                <Coords points="1644,2735 1872,2710 1951,2737 1973,2715 2037,2725 2074,2700 2163,2715 2163,2655 2146,2653 2055,2678 1995,2658 1879,2680 1763,2651 1711,2680 1644,2660"/>
                <Baseline points="1657,2693 1682,2696 1708,2699 1733,2699 1759,2699 1785,2699 1810,2699 1836,2699 1862,2699 1887,2699 1913,2699 1939,2699 1964,2699 1990,2699 2016,2699 2041,2699 2067,2699 2093,2699 2118,2698 2144,2696 2170,2699"/>
                <TextEquiv>
                    <Unicode>H tet wn der K</Unicode>
                </TextEquiv>
            </TextLine>
            <TextLine id="tr_2_tl_22" custom="readingOrder {index:21;}">
                <Coords points="1234,2744 1291,2720 1320,2730 1355,2715 1404,2732 1444,2712 1471,2727 1491,2725 1488,2675 1474,2678 1456,2663 1427,2680 1382,2683 1357,2670 1340,2678 1318,2663 1296,2670 1276,2651 1231,2660"/>
                <Baseline points="1248,2705 1273,2705 1298,2706 1323,2708 1348,2710 1373,2710 1398,2710 1423,2710 1448,2711 1473,2713 1498,2716"/>
                <TextEquiv>
                    <Unicode>Weid1</Unicode>
                </TextEquiv>
            </TextLine>
            <TextLine id="tr_2_tl_23" custom="readingOrder {index:22;}">
                <Coords points="2440,2752 2497,2712 2562,2740 2638,2722 2722,2754 2866,2749 2863,2665 2796,2660 2757,2693 2707,2653 2665,2675 2643,2655 2606,2678 2569,2658 2512,2670 2492,2653 2438,2673"/>
                <Baseline points="2454,2710 2480,2707 2506,2705 2532,2707 2558,2708 2584,2708 2610,2708 2636,2708 2663,2709 2689,2710 2715,2710 2741,2711 2767,2713 2793,2715 2819,2717 2845,2720 2872,2725"/>
                <TextEquiv>
                    <Unicode>serlet hi etl</Unicode>
                </TextEquiv>
            </TextLine>
            <TextLine id="tr_2_tl_24" custom="readingOrder {index:23;}">
                <Coords points="875,2791 987,2829 1095,2791 1273,2829 1424,2799 1511,2836 1768,2787 1966,2824 2042,2784 2507,2794 2599,2836 2705,2806 2705,2730 2638,2722 875,2732"/>
                <Baseline points="889,2788 980,2788 1071,2788 1162,2788 1253,2785 1344,2785 1435,2785 1526,2785 1617,2785 1708,2785 1799,2784 1890,2785 1981,2783 2072,2782 2163,2779 2254,2781 2345,2785 2436,2782 2527,2779 2618,2779 2710,2779"/>
                <TextEquiv>
                    <Unicode>re.. Die wären imstande ihr zu verbieten,um nur</Unicode>
                </TextEquiv>
            </TextLine>
            <TextLine id="tr_2_tl_25" custom="readingOrder {index:24;}">
                <Coords points="878,2962 977,2982 1110,2915 1424,2965 1605,2918 1783,2950 1985,2918 2225,2972 2490,2922 2782,2935 2764,2843 2633,2883 2460,2846 2089,2880 2013,2838 1110,2880 991,2829 878,2871"/>
                <Baseline points="892,2919 986,2917 1081,2917 1176,2914 1271,2916 1366,2915 1460,2914 1555,2916 1650,2917 1745,2914 1840,2914 1934,2914 2029,2913 2124,2914 2219,2914 2314,2911 2408,2914 2503,2917 2598,2917 2693,2917 2788,2919"/>
                <TextEquiv>
                    <Unicode>eines zu erwähnen-sich,wenn es sich so fügt, für</Unicode>
                </TextEquiv>
            </TextLine>
            <TextLine id="tr_2_tl_26" custom="readingOrder {index:25;}">
                <Coords points="873,3101 1056,3054 1162,3083 1528,3046 1889,3063 1946,3101 2208,3051 2460,3143 2576,3078 2799,3105 2796,2974 2171,3007 873,2979"/>
                <Baseline points="886,3051 981,3050 1077,3051 1173,3048 1269,3046 1365,3045 1461,3048 1556,3045 1652,3045 1748,3043 1844,3047 1940,3047 2036,3051 2132,3048 2227,3048 2323,3050 2419,3048 2515,3050 2611,3052 2707,3051 2803,3048"/>
                <TextEquiv>
                    <Unicode>eine gute Rolle dem Direktor, dem Regisseur, ihrem</Unicode>
                </TextEquiv>
            </TextLine>
            <TextLine id="tr_2_tl_27" custom="readingOrder {index:26;}">
                <Coords points="870,3239 1303,3239 1417,3187 1998,3209 1971,3120 870,3110"/>
                <Baseline points="883,3182 939,3182 995,3182 1051,3180 1107,3182 1163,3182 1219,3181 1275,3179 1331,3179 1387,3179 1443,3179 1499,3181 1555,3179 1611,3180 1667,3180 1723,3179 1779,3179 1835,3182 1891,3182 1947,3182 2003,3185"/>
                <TextEquiv>
                    <Unicode>Partner dankbar zu erweisen.</Unicode>
                </TextEquiv>
            </TextLine>
            <TextEquiv>
                <Unicode></Unicode>
            </TextEquiv>
        </TextRegion>
    </Page>
</PcGts>
