<?xml version="1.0" encoding="UTF-8" standalone="yes"?>
<PcGts xmlns="http://schema.primaresearch.org/PAGE/gts/pagecontent/2013-07-15" xmlns:xsi="http://www.w3.org/2001/XMLSchema-instance" xsi:schemaLocation="http://schema.primaresearch.org/PAGE/gts/pagecontent/2013-07-15 http://schema.primaresearch.org/PAGE/gts/pagecontent/2013-07-15/pagecontent.xsd">
    <Metadata>
        <Creator>prov=READ-COOP:name=PyLaia@TranskribusPlatform:version=2.7.0:model_id=50870:lm=none:date=22_01_2024_15:39</Creator>
        <Created>2023-09-27T14:32:28.406+02:00</Created>
        <LastChange>2024-01-22T15:39:45.723+01:00</LastChange>
        <TranskribusMetadata docId="1589027" pageId="60122273" pageNr="119" tsid="145620741" status="IN_PROGRESS" userId="40391" imgUrl="https://files.transkribus.eu/Get?id=SUJAIMORLNEFCNUTSEPBSAAX&amp;fileType=view" xmlUrl="https://files.transkribus.eu/Get?id=VLODXAYHUMMCRGQIUAJLGWAM" imageId="48547351"/>
    </Metadata>
    <Page imageFilename="1589027_0119.jpg" imageWidth="3128" imageHeight="3560">
        <ReadingOrder>
            <OrderedGroup id="ro_1711795990290" caption="Regions reading order">
                <RegionRefIndexed index="0" regionRef="tr_1"/>
            </OrderedGroup>
        </ReadingOrder>
        <TextRegion orientation="0.0" id="tr_1" custom="readingOrder {index:0;}">
            <Coords points="875,455 875,3282 2855,3282 2855,455"/>
            <TextLine id="tr_1_tl_1" custom="readingOrder {index:0;}">
                <Coords points="2541,534 2575,526 2616,526 2626,534 2643,529 2658,541 2712,556 2714,431 2687,436 2626,409 2614,419 2587,414 2543,423"/>
                <Baseline points="2553,519 2580,514 2607,511 2635,510 2662,512 2689,512 2717,510"/>
                <TextEquiv>
                    <Unicode>100</Unicode>
                </TextEquiv>
            </TextLine>
            <TextLine id="tr_1_tl_2" custom="readingOrder {index:1;}">
                <Coords points="866,722 1287,685 1681,710 2056,651 2824,668 2824,529 2235,609 2132,565 1735,602 1652,560 1427,602 1141,519 1070,568 866,560"/>
                <Baseline points="881,663 978,655 1076,654 1173,654 1271,655 1368,654 1466,654 1563,654 1661,651 1758,651 1856,653 1953,650 2051,646 2148,649 2246,651 2343,645 2441,645 2538,642 2636,642 2733,645 2831,651"/>
                <TextEquiv>
                    <Unicode>Intendant: (zu Karl Bern) Sind. Sie Einverstanden.</Unicode>
                </TextEquiv>
            </TextLine>
            <TextLine id="tr_1_tl_3" custom="readingOrder {index:2;}">
                <Coords points="866,820 989,842 1094,803 1199,835 1258,800 1278,820 1300,800 1361,817 1361,693 1275,727 1197,705 1172,724 1033,715 1003,734 866,720"/>
                <Baseline points="881,785 906,785 932,785 957,785 983,785 1008,785 1034,784 1060,782 1085,782 1111,782 1136,782 1162,782 1187,782 1213,781 1239,779 1264,779 1290,779 1315,781 1341,784 1367,788"/>
                <TextEquiv>
                    <Unicode>Herr Doktorz</Unicode>
                </TextEquiv>
            </TextLine>
            <TextLine id="tr_1_tl_4" custom="readingOrder {index:3;}">
                <Coords points="876,945 1434,969 1823,915 2154,969 2306,915 2541,989 2812,979 2793,746 1987,857 1417,852 1373,817 1236,859 876,844"/>
                <Baseline points="889,907 985,910 1082,910 1178,910 1275,910 1371,910 1468,910 1564,910 1661,910 1757,907 1854,906 1950,907 2047,910 2143,907 2240,904 2336,902 2433,903 2529,902 2626,904 2722,901 2819,901"/>
                <TextEquiv>
                    <Unicode>Karl Bern: Sehr liebenswürdig. Fräulein. Abef Ehre</Unicode>
                </TextEquiv>
            </TextLine>
            <TextLine id="tr_1_tl_5" custom="readingOrder {index:4;}">
                <Coords points="901,1072 1402,1116 2083,1040 2220,1092 2220,969 2068,1001 1965,957 1711,1006 1593,947 1297,1003 901,945"/>
                <Baseline points="913,1030 978,1038 1044,1039 1110,1040 1175,1042 1241,1042 1307,1042 1372,1040 1438,1040 1504,1040 1570,1040 1635,1036 1701,1041 1767,1039 1832,1039 1898,1036 1964,1039 2029,1039 2095,1037 2161,1042 2227,1048"/>
                <TextEquiv>
                    <Unicode>timme ist doch etwas zu hell..,.</Unicode>
                </TextEquiv>
            </TextLine>
            <TextLine id="tr_1_tl_6" custom="readingOrder {index:5;}">
                <Coords points="2244,1094 2281,1089 2310,1114 2372,1077 2379,1084 2416,1077 2430,1089 2455,1089 2457,1043 2416,1043 2328,979 2303,989 2279,974 2249,974"/>
                <Baseline points="2257,1081 2282,1078 2308,1076 2334,1075 2360,1075 2385,1075 2411,1075 2437,1074 2463,1072"/>
                <TextEquiv>
                    <Unicode>Iohrt.</Unicode>
                </TextEquiv>
            </TextLine>
            <TextLine id="tr_1_tl_7" custom="readingOrder {index:6;}">
                <Coords points="869,1231 1451,1185 1897,1207 1987,1167 2227,1209 2330,1165 2802,1187 2783,1096 2031,1119 1916,1043 1774,1119 871,1099"/>
                <Baseline points="884,1167 980,1170 1076,1169 1172,1167 1268,1167 1364,1167 1460,1170 1557,1167 1653,1167 1749,1167 1845,1164 1941,1164 2037,1163 2133,1164 2230,1161 2326,1163 2422,1161 2518,1161 2614,1161 2710,1158 2807,1167"/>
                <TextEquiv>
                    <Unicode>Intendant: Ist vielleicht (Fräulein Friecel hier?</Unicode>
                </TextEquiv>
            </TextLine>
            <TextLine id="tr_1_tl_8" custom="readingOrder {index:7;}">
                <Coords points="862,1341 2144,1309 2144,1229 2088,1216 2007,1253 1686,1214 862,1248"/>
                <Baseline points="875,1299 938,1299 1002,1300 1065,1302 1129,1302 1193,1302 1256,1299 1320,1299 1383,1302 1447,1301 1511,1299 1574,1298 1638,1298 1701,1299 1765,1296 1829,1299 1892,1296 1956,1296 2019,1293 2083,1293 2147,1296"/>
                <TextEquiv>
                    <Unicode>Löblein: (ruft) Fraulein Friesell</Unicode>
                </TextEquiv>
            </TextLine>
            <TextLine id="tr_1_tl_9" custom="readingOrder {index:8;}">
                <Coords points="884,1476 2332,1424 2851,1478 2837,1331 1618,1383 1400,1334 1074,1385 884,1353"/>
                <Baseline points="898,1430 995,1431 1093,1432 1191,1430 1289,1430 1387,1432 1485,1427 1582,1424 1680,1426 1778,1427 1876,1424 1974,1424 2072,1422 2170,1421 2267,1421 2365,1421 2463,1421 2561,1421 2659,1419 2757,1418 2855,1418"/>
                <TextEquiv>
                    <Unicode>Gregor: (ruft in den Zuschauerraum linein) Friesell</Unicode>
                </TextEquiv>
            </TextLine>
            <TextLine id="tr_1_tl_10" custom="readingOrder {index:9;}">
                <Coords points="874,1574 2660,1557 2629,1471 2291,1508 2195,1461 2053,1503 1924,1473 1598,1510 1530,1476 1432,1515 874,1461"/>
                <Baseline points="887,1550 976,1556 1065,1558 1154,1556 1243,1556 1332,1556 1421,1556 1510,1558 1599,1553 1688,1556 1777,1553 1866,1553 1955,1550 2044,1550 2133,1553 2222,1551 2311,1547 2400,1551 2489,1547 2578,1545 2667,1550"/>
                <TextEquiv>
                    <Unicode>Franzis Stimme: (aus dem Zuschauerraum) Zittel</Unicode>
                </TextEquiv>
            </TextLine>
            <TextLine id="tr_1_tl_11" custom="readingOrder {index:10;}">
                <Coords points="876,1708 1172,1740 1349,1699 2129,1723 2205,1691 2244,1728 2421,1681 2577,1735 2717,1684 2702,1552 2411,1642 1823,1603 1285,1647 879,1606"/>
                <Baseline points="892,1693 983,1687 1075,1685 1166,1687 1258,1687 1349,1687 1441,1686 1532,1687 1624,1687 1715,1687 1807,1684 1899,1687 1990,1685 2082,1682 2173,1679 2265,1678 2356,1679 2448,1678 2539,1678 2631,1678 2723,1681"/>
                <TextEquiv>
                    <Unicode>Intendent: Fräulein Friesel, wollen Sie sichszu</Unicode>
                </TextEquiv>
            </TextLine>
            <TextLine id="tr_1_tl_12" custom="readingOrder {index:11;}">
                <Coords points="876,1865 2773,1828 2773,1725 2658,1716 2477,1755 2146,1706 1750,1770 1655,1735 1557,1774 879,1765"/>
                <Baseline points="892,1818 986,1818 1080,1818 1175,1817 1269,1815 1364,1815 1458,1815 1552,1815 1647,1818 1741,1815 1836,1812 1930,1815 2024,1809 2119,1808 2213,1809 2308,1809 2402,1806 2496,1806 2591,1804 2685,1803 2780,1803"/>
                <TextEquiv>
                    <Unicode>uns heraufbemühen. (zu ihr, währen: sie schon die</Unicode>
                </TextEquiv>
            </TextLine>
            <TextLine id="tr_1_tl_13" custom="readingOrder {index:12;}">
                <Coords points="906,1990 1530,2000 2056,1943 2328,1990 2541,1943 2744,1963 2729,1863 1300,1902 908,1863"/>
                <Baseline points="922,1944 1013,1948 1104,1950 1196,1947 1287,1949 1379,1947 1470,1946 1561,1945 1653,1948 1744,1944 1836,1944 1927,1942 2018,1941 2110,1941 2201,1939 2293,1939 2384,1938 2475,1935 2567,1938 2658,1935 2750,1935"/>
                <TextEquiv>
                    <Unicode>Freppe heraufkomnt) Sie werden die Freundlich-</Unicode>
                </TextEquiv>
            </TextLine>
            <TextLine id="tr_1_tl_14" custom="readingOrder {index:13;}">
                <Coords points="874,2095 1375,2127 1464,2095 1721,2139 2012,2071 2315,2073 2416,2115 2663,2080 2663,1985 1885,1987 1464,2044 1417,2005 876,2002"/>
                <Baseline points="889,2084 978,2078 1067,2078 1156,2075 1245,2075 1334,2075 1423,2076 1512,2075 1601,2075 1690,2072 1779,2072 1868,2072 1957,2072 2046,2069 2135,2069 2224,2072 2313,2069 2402,2069 2491,2069 2580,2069 2670,2066"/>
                <TextEquiv>
                    <Unicode>keit haben und die Rolle der Fanni lesen. Ich</Unicode>
                </TextEquiv>
            </TextLine>
            <TextLine id="tr_1_tl_15" custom="readingOrder {index:14;}">
                <Coords points="874,2247 1026,2276 1312,2217 1429,2261 1549,2215 1745,2239 1963,2200 2634,2227 2634,2132 2433,2149 2232,2093 1946,2154 1860,2112 1256,2120 1158,2171 874,2149"/>
                <Baseline points="887,2210 974,2210 1062,2210 1149,2213 1237,2208 1325,2207 1412,2204 1500,2204 1588,2204 1675,2204 1763,2203 1851,2203 1938,2200 2026,2198 2114,2198 2201,2197 2289,2198 2377,2198 2464,2201 2552,2198 2640,2198"/>
                <TextEquiv>
                    <Unicode>möchte gern den Schluss des Aktes hören. (zu</Unicode>
                </TextEquiv>
            </TextLine>
            <TextLine id="tr_1_tl_16" custom="readingOrder {index:15;}">
                <Coords points="874,2364 1077,2367 1202,2423 1574,2347 1850,2384 2230,2330 2788,2328 2763,2257 1796,2286 1748,2249 1424,2254 1209,2293 1057,2242 945,2279 874,2249"/>
                <Baseline points="887,2338 982,2338 1077,2338 1173,2338 1268,2338 1364,2338 1459,2335 1554,2335 1650,2335 1745,2333 1841,2334 1936,2333 2031,2332 2127,2332 2222,2331 2318,2327 2413,2329 2508,2326 2604,2328 2699,2326 2795,2326"/>
                <TextEquiv>
                    <Unicode>Karl Bernl geben Sie dem Fräulein vielleicht Ihr</Unicode>
                </TextEquiv>
            </TextLine>
            <TextLine id="tr_1_tl_17" custom="readingOrder {index:16;}">
                <Coords points="876,2523 1045,2477 1148,2531 1439,2496 1610,2536 1730,2482 1789,2514 2142,2460 2264,2499 2264,2399 2049,2352 1772,2416 876,2401"/>
                <Baseline points="889,2460 958,2465 1027,2469 1096,2469 1165,2469 1234,2469 1303,2469 1372,2467 1441,2466 1510,2466 1579,2467 1648,2463 1717,2462 1786,2463 1855,2461 1924,2463 1993,2460 2062,2460 2131,2458 2200,2457 2269,2460"/>
                <TextEquiv>
                    <Unicode>Buck. (zu Friesel) Sind Sie im Bild?</Unicode>
                </TextEquiv>
            </TextLine>
            <TextLine id="tr_1_tl_18" custom="readingOrder {index:17;}">
                <Coords points="874,2646 1072,2665 1432,2611 1564,2648 2024,2594 2139,2631 2460,2609 2582,2668 2783,2638 2783,2526 2704,2514 2337,2533 2220,2496 1711,2553 876,2523"/>
                <Baseline points="889,2601 984,2599 1079,2600 1174,2598 1269,2598 1364,2598 1459,2597 1554,2598 1649,2597 1744,2593 1839,2594 1934,2592 2029,2592 2124,2592 2219,2589 2314,2588 2409,2589 2504,2587 2599,2586 2694,2589 2789,2589"/>
                <TextEquiv>
                    <Unicode>Franzi: Natürlich, Herr Direktor. Ich kenn ja das</Unicode>
                </TextEquiv>
            </TextLine>
            <TextLine id="tr_1_tl_19" custom="readingOrder {index:18;}">
                <Coords points="2041,2722 2142,2685 2195,2707 2239,2687 2291,2727 2340,2687 2403,2724 2492,2682 2609,2709 2609,2656 2523,2658 2465,2611 2367,2653 2284,2602 2227,2629 2129,2631 2090,2609 2041,2634"/>
                <Baseline points="2054,2681 2082,2685 2110,2686 2138,2684 2166,2685 2194,2687 2222,2687 2250,2685 2278,2681 2306,2679 2335,2678 2363,2678 2391,2680 2419,2681 2447,2679 2475,2679 2503,2681 2531,2681 2559,2681 2587,2681 2616,2681"/>
                <TextEquiv>
                    <Unicode>ut 13. Her Noclo</Unicode>
                </TextEquiv>
            </TextLine>
            <TextLine id="tr_1_tl_20" custom="readingOrder {index:19;}">
                <Coords points="874,2775 2022,2790 2022,2643 1863,2675 1468,2641 1290,2685 874,2660"/>
                <Baseline points="887,2720 944,2727 1001,2727 1058,2728 1115,2732 1172,2732 1229,2730 1286,2734 1343,2732 1400,2729 1457,2726 1514,2723 1571,2720 1628,2722 1685,2723 1742,2723 1799,2723 1856,2721 1913,2720 1970,2724 2027,2729"/>
                <TextEquiv>
                    <Unicode>Stück. (begrüsst Karl Bernl</Unicode>
                </TextEquiv>
            </TextLine>
            <TextLine id="tr_1_tl_21" custom="readingOrder {index:20;}">
                <Coords points="2046,2746 2237,2766 2274,2744 2457,2749 2489,2773 2638,2780 2695,2761 2695,2722 2631,2729 2536,2682 2430,2727 2340,2685 2296,2727 2225,2687 2044,2719"/>
                <Baseline points="2060,2735 2092,2735 2124,2735 2156,2735 2188,2738 2220,2740 2252,2743 2284,2747 2316,2747 2348,2747 2381,2747 2413,2750 2445,2750 2477,2751 2509,2753 2541,2753 2573,2753 2605,2753 2637,2753 2669,2753 2702,2756"/>
                <TextEquiv>
                    <Unicode>des le ten dosesp v.</Unicode>
                </TextEquiv>
            </TextLine>
            <TextLine id="tr_1_tl_22" custom="readingOrder {index:21;}">
                <Coords points="864,2927 950,2893 1344,2922 1491,2871 1774,2915 2031,2856 2785,2856 2785,2771 2734,2744 2315,2795 2178,2751 1948,2807 1456,2783 1407,2820 1273,2775 866,2773"/>
                <Baseline points="881,2867 976,2862 1071,2861 1167,2861 1262,2858 1358,2858 1453,2857 1548,2855 1644,2855 1739,2855 1835,2855 1930,2852 2025,2852 2121,2852 2216,2852 2312,2850 2407,2852 2502,2852 2598,2850 2693,2846 2789,2846"/>
                <TextEquiv>
                    <Unicode>Loblein: Also Fedor allein auf der Bühne. (liest</Unicode>
                </TextEquiv>
            </TextLine>
            <TextLine id="tr_1_tl_23" custom="readingOrder {index:22;}">
                <Coords points="879,3035 1312,3010 1738,3050 1818,3008 1978,3040 2325,2988 2626,3030 2714,3008 2717,2908 2230,2927 2149,2890 1694,2932 1410,2895 881,2944"/>
                <Baseline points="892,2998 983,2994 1074,2991 1166,2989 1257,2988 1349,2986 1440,2987 1531,2991 1623,2986 1714,2984 1806,2980 1897,2983 1988,2981 2080,2980 2171,2978 2263,2980 2354,2978 2445,2977 2537,2977 2628,2977 2720,2983"/>
                <TextEquiv>
                    <Unicode>aus seinen Buch) Wie können einen die Menschen</Unicode>
                </TextEquiv>
            </TextLine>
            <TextLine id="tr_1_tl_24" custom="readingOrder {index:23;}">
                <Coords points="1366,3172 1596,3133 1789,3199 1941,3128 2002,3167 2369,3111 2528,3152 2533,2998 2149,3003 1814,3069 1598,3035 1371,3086"/>
                <Baseline points="1382,3150 1439,3138 1497,3133 1555,3132 1613,3133 1671,3133 1728,3132 1786,3134 1844,3126 1902,3111 1960,3109 2017,3109 2075,3109 2133,3112 2191,3113 2249,3113 2306,3110 2364,3109 2422,3106 2480,3104 2538,3100"/>
                <TextEquiv>
                    <Unicode>(bilrdeet (. sub Ter, Frt.</Unicode>
                </TextEquiv>
            </TextLine>
            <TextLine id="tr_1_tl_25" custom="readingOrder {index:24;}">
                <Coords points="884,3160 923,3174 962,3157 1023,3172 1065,3145 1096,3145 1111,3160 1136,3143 1175,3155 1175,3057 1141,3040 1084,3062 1008,3045 935,3072 906,3059 884,3064"/>
                <Baseline points="898,3126 923,3124 949,3123 975,3123 1001,3123 1027,3123 1052,3123 1078,3123 1104,3123 1130,3124 1156,3125 1182,3126"/>
                <TextEquiv>
                    <Unicode>gusien.</Unicode>
                </TextEquiv>
            </TextLine>
            <TextLine id="tr_1_tl_26" custom="readingOrder {index:25;}">
                <Coords points="881,3285 1104,3321 1432,3280 1623,3358 2139,3270 2261,3314 2538,3238 2678,3272 2678,3167 2548,3143 2271,3177 2112,3138 1792,3199 1527,3135 1437,3194 1221,3145 1119,3196 989,3157 881,3182"/>
                <Baseline points="895,3255 984,3252 1073,3252 1163,3255 1252,3252 1342,3249 1431,3252 1521,3246 1610,3243 1700,3243 1789,3243 1878,3246 1968,3243 2057,3243 2147,3240 2236,3243 2326,3240 2415,3240 2505,3237 2594,3237 2684,3246"/>
                <TextEquiv>
                    <Unicode>Gregoreli.de.1 wie können einen die Weiscten</Unicode>
                </TextEquiv>
            </TextLine>
            <TextEquiv>
                <Unicode></Unicode>
            </TextEquiv>
        </TextRegion>
    </Page>
</PcGts>
