3048 3528
463 2393 719 2501 An ite et
398 2481 794 2592 de sinstribsa
384 2719 664 2870 Win soh
379 2817 635 2930 ee it en
376 2908 580 3054 kon
774 415 2071 568 schnach. Eigensinnig ader schwach.
770 463 2668 726 Karl vern: Auf diese Art Menschen hat uut Jetder
774 647 2563 868 jeder Einkluss. Und man kann doch nicht iumer
1055 774 1295 858 ad leli
777 820 1681 964 gerade zuletzt da sein.
774 940 2647 1096 Helene: Da haben Sie freilich Recht. Zweifellos
784 1019 2505 1240 steckt er in irgene einer Hiebergeschichte.
777 1177 2328 1376 Farl. Bern: Das kann man inner annehmen.
777 1299 2702 1506 Helene: Vergleicher habe ich schon bei ihm mitge-
1364 1410 1690 1510 jedi hel
784 1431 2671 1609 macht. Es hat fmer mit einer Enttäuschung geen-
784 1573 2647 1741 det. Uen müsste ium endlich klar machen, -dass -
779 1702 2292 1877 dass - kein frauenzimmer was wert ist.
791 1844 2122 2004 Berl vern: Das soll ich iim sagen?
798 1990 1781 2146 Delene: Etwas in der Art.
796 2062 2685 2266 Kerl Bern: Menn es aver gegen meine Ueberzeugang
808 2249 1005 2369 wärel
1292 2249 1695 2395 Actge¬
798 2354 2668 2534 Uelenei Des ist ee sa nicht.fNach Ihren Stücken
1429 2409 2769 2546 mif de ceu alle zu Canc & helt
810 2505 1379 2656 zu schliessen.
1489 2508 2158 2644 11 teb ds esi gem pebete
1383 2575 2772 2760 werden sie doch nicht an Ende ernst
798 2618 1338 2764 Kerl Vern: D1.
1513 2685 2263 2882 Iet teb sonel barid
808 2750 1297 2918 netment.I.
1671 2760 2671 2875 et verluhmein zun
1633 2860 1980 2961 Ich bin e¬
813 2887 1333 2985 Beleneiflacht
1443 2901 2774 3100 zu Welene, wahrend Richerd noch mit
825 2968 1146 3110 Marhiig
813 3038 983 3119 TT.I.
1311 3035 2726 3227 Detenel liso, wenn du mit uns konnen
846 3098 1000 3177 Tath.
851 3179 2772 3371 olonoil bora, sea verll der Niederschen ales morgen
