3112 3528
1819 281 2542 523 Ih beb ing – de de
2509 350 2640 528 74
2083 449 2226 543 nter
829 461 2685 639 Karl Bern: Vermutlich. Man hat (auf den Proben
827 634 2675 772 bemerkt, dass ihre Stimmung etwas gedrückt ist-
1382 721 1520 799 mir
824 765 2660 906 oder es komnt xun heute so vor). (Immer Pausen,
834 876 2682 987 während bald der Eine,bald der Andere über die
827 1019 2722 1204 Schachzüge nachzudenken scheint) kan täte viel-
822 1147 1749 1271 leicht ein gutes Werz-
819 1288 1446 1387 Richard: Wieso?
822 1402 2097 1557 Karl: Sie verlieren den Bauer..
824 1525 2611 1688 Richard: Bitte. - Murr, zn jubt Mert
812 1683 2660 1791 Zarl Jern: (nimmt den Bauer) Eine neue Rolle in
814 1796 2583 1937 einem neuen Stück, das kann allerlei für eine
812 1927 2732 2092 junge Zynstlerin bedeuten(Plötzlic en/Aufstieg.
797 2046 2539 2208 höhere Gage, einen neuen Liebhaber(ein neues
795 2184 1283 2337 Glück ---
1976 2179 2776 2356 1n Ihr Sorge deptim
795 2273 2732 2490 Hichard: (lächelndgltieitetcht machen Sie sich da
804 2443 2643 2596 überflit sige Sorgen,(Ex ware immerhin möglich,
797 2591 2778 2727 dass Fräulein Friesel indess schon selbst gewählt
795 2697 1059 2835 hatte.
1295 2655 2310 2865 Osube nichtz Richte
785 2815 2682 2978 Karl Bern: (seinen eigenen Gedanken folgend) Und
795 2978 2680 3119 wenn schon!) Gregor wäre gar nicht übel( Das wär
925 3065 2038 3247 4. hat uah den wend vrben
795 3302 2349 3403 er vo ae v
