3064 3592
342 2779 611 2934 seder
2396 417 2539 546 185
1625 461 1785 592 Leble
805 519 2558 742 Dögelmann: bute Nacht. (zu Löblein) (ie geht
795 715 2005 851 die Geschichte eigentlich aus?
800 834 2624 982 Bern:(komnt von rechts,sieht John nach, zu Löb-
803 960 1727 1123 lein) Wer war denn das?
1768 1023 1928 1128 he
812 1082 2655 1249 Egblein: Herr Jo.n. So wollte er auf die Bühne.
800 1208 2476 1351 Ich habe ihn in seine Garderobe geschickt.
800 1339 2546 1504 Karl Bern: Warum denn? Er sah selir originell
798 1525 982 1615 aus.
800 1564 2367 1775 Lsblein: Originell. Man hätte gebrüllt.
800 1741 2709 1877 Karl Bern: Mer vielleicht gar nicht so schlecht
822 1872 2716 2015 gewesen, wenn man dem Publikum vor dem trazischen
808 2020 2566 2149 Schluss ein wenig Gelegenheit zur Heiterkeit
822 2161 1414 2280 gegeben hrtte.
1428 2212 1853 2321 Wier byte
815 2243 2767 2396 Lyblein: So(Sie halten den Schluss für tragisch?
1237 2364 1664 2454 ata se sir db.
810 2393 2646 2578 Karl Bern: Sie lalten oftenbar nur den Tod für
822 2534 2689 2672 eine tragische Apgelegenheit. Mit diesem Vorur-
815 2672 2490 2791 teil mues gebrochen werden,Herr Regisseur.
1329 2745 2260 2837 Moll di mnwiel Horler
839 2764 1069 2840 (Mie
812 2786 2600 2971 Dogelmann:/ Wie geht die Sache eigentlich aus?
812 2937 2578 3114 Karl Bern: (Ach, Sie kennen den Schluer meines
866 3106 1998 3249 detl. Wi genet den et her
1018 3240 1552 3378 Jli pg
