3032 3480
379 1913 751 2074 Unnihrtet
398 2024 655 2115 nicht mit
405 2089 608 2188 pla.
403 2173 639 2266 senen
398 2245 678 2412 elle sut.
2451 281 2635 421 238
746 476 2708 660 solbet geht auf sie zu,er begegnet den Beiden, sie
754 624 2635 782 stehen, nun alle Drei auf dem Weg linke, der vom
767 761 2427 907 Bahnenauegang zum Trotroir herunterÄührt)
767 865 2544 1055 Mhiohard und tregulein vom Rihnenausgang nach
761 1037 1076 1159 rechtel
764 1143 1772 1307 Richard: (fragender Blick)
764 1263 2762 1455 Dregulein: Ee werskeine Köglichkeit mehr den Brief.
738 1409 2651 1583 (an seine Adrezeg zu befördern. Ich halte ex für
759 1546 2796 1713 meine Pflicht ihn an den Schreiber wieder zurückzu-
759 1674 1099 1822 steilen.
1320 1687 1954 1840 die Leben der Krief
767 1809 2440 1975 Richard: Sie hat ihn nicht mehr gelesen -?
1403 1905 1616 1975 Veget.
774 1897 2781 2097 Dregulein: Glauben Sie, es hätte an ihrem Entechlues
1689 2024 2856 2110 Eliut te taquit ve. Is liebe dst
769 2058 2861 2230 etwas, gehadertt marian, also ie ehr noch plem set
767 2178 2367 2331 Hichard- Gachher sieht alles andere aus-
769 2297 2747 2466 Ludnigi(der früher nach rechts gegangen und bereit
756 2448 2625 2604 schien überhaupt wegaugehen.tritt mit einem ra-
756 2578 2601 2757 sohen untechlwe auf beide zurm Recherdl Du
769 2705 1944 2874 tnet mir sehr leid, Kichardt.
764 2825 1920 3009 Breguietnitetatt sie belde
1972 2786 2742 3002 Ed ertkemt sich
759 2978 1876 3142 Riohard, lrucht die Acheelnl
