3048 3496
1367 367 2146 560 Igerr i wuhssenr
2415 424 2605 550 221
867 507 1626 722 ver(gesohenen seint)
829 652 2636 841 in anderer Enoaterarhelter: lauch zun Portierl"
793 819 2672 1003 ie let jedeefalle noch nicht zn Bennesteein ge-
757 938 1045 1124 konnen.
738 1043 2610 1248 sinige weler zum Rihnenelageng hin, ale nenn ste
755 1219 1369 1384 ninein wolltent
2250 1267 2636 1395 freiler
1817 1279 1969 1391 Aii
762 1338 2581 1500 Portier: Bitte, njeht den Aurgang verstelien.
774 1467 2691 1622 Iaue der Sunnentäre zwei Eihnenarbeiter und eine
755 1600 2650 1788 berderobierin, mrdmn die rasch nech rechte.
755 1743 1091 1903 ebgehen!
760 1834 2581 2034 Micherd:ssehr witr hartig, sich durch die Ange-
750 1988 2205 2169 eemelten drangend, will ine Thesterl
748 2122 2660 2303 Fertior: thalt ihn auf) Getza schenfhier ist kein
757 2272 1098 2415 Eingans.
1250 2260 2084 2424 Ich mill 1en Ruter geret
748 2369 2581 2555 rrokerd: Ich die ein Freund der Aetore. Er hat
755 2517 1360 2681 nich gebeten-
755 2629 2296 2829 wwieder ein Mhesterabelter zun Fortlerl
738 2774 2610 2969 ardelter: Der Kanntseer iet auch auf der Dihne.
736 2905 2498 3093 Ein anderer:laer dan komnt) Er ist en die R
841 3072 2043 3203 eergreellechaft telefontert vor
