3080 3480
2450 402 2654 519 129
1958 370 2305 561 hs m
802 508 2802 688 währhaftig wieeen, wo er sich - jede Haeht befnaher
799 651 1659 778 salange herumtreibt.
1694 701 1958 818 wemen
1170 752 1620 831 dan nit meise
797 770 2768 945 Helend : Gestern Abend zum Beispiel, das weiss ich
802 918 2744 1069 zufällig)ist er mit Herrn Karl sern im Kafteehaus
799 1024 1844 1196 een. Schach gepelt
797 1175 2689 1328 Dr. Fricke: So(ieser Herr Karl bern - bei allem
799 1310 2697 1442 Respekt vor seinem lalent - die richtige Gesell.
789 1440 2723 1577 schaft scheint er mir für Fichard doch nicht zu.
1111 1540 1559 1630 tort verlegen
799 1567 2583 1725 sein. - Für dich übrigens auch nicht,lielene.
2305 1638 2614 1747 rete uto
781 1683 2911 1852 Heiene: Das tut mir leid. Mir ist er se Sympathisch.
783 1831 1760 1971 Dr.Fricke: Das merk ich.
778 1956 2742 2114 Helene: Ich habe sogar die Abeicht - (unterbricht
794 2088 998 2202 sichl
1559 2098 2747 2294 Eine Stellenbe heorgen
781 2225 1474 2374 Dr. Fricke: (Blickl
781 2337 2273 2448 Helene: Sekretärin bet ihm zu werden.
2379 2405 2678 2567 N. nt.
781 2442 2202 2607 Pr.Pr1cko: 1102 (Lanhf ten Helle
1231 2564 1598 2649 er leccrb
783 2593 2704 2760 Helene: Ja.Ich beküme einen ganz anstündigen Ge-
775 2723 2638 2874 halt una hätte höchstens drei bis vier Stunden
783 2839 1397 3001 täglich zu tun.
1733 2882 2556 3041 nicht gennbr sien
778 2982 2723 3165 Dr.Fricke: Du bist wohl gans vorrüekt, mein Kind-
