3144 3544
569 1289 795 1448 1o1
876 624 2635 756 ten, dass die Friesel die Fanni spielen kann:
871 730 2160 915 Dregulein: Möglich? karum nicht.
868 889 2822 1055 Karl Bern: Es könnte nämlich bedeutungsvoll sein-
876 1019 2713 1167 für Fraulein Friesel meine ich. Schicksalsvoll
881 1169 2736 1305 geradezu.(Sie brauchen mich nicht so anzusehen.
868 1266 2243 1432 Nichts Egoistisches spielt da mit.
858 1390 2859 1577 Durch Zufall ist mir bekannt, dass das kleine Fräu-
868 1538 2861 1681 lein sich in einer sehr übeln Verfassung befindet.
876 1663 2853 1830 Ganz unter uns(sie soll schon einen Selbstmordver-
863 1770 2869 1957 such untrnomnen liaben. Ihr Geliebter hat nämlich
865 1920 2955 2084 gehetratetl Heute. Ich war bei der Hochzeit. Dadurch
868 2058 2853 2191 bin ich so inforniert. Ich hin ganz aufrichtig mit
868 2147 2827 2344 Ihnen ) Es wäre denkbar, dass diese neue Rollec
886 2313 2872 2466 Hettung für sie bedeutet. Ich tate vielleicht ein-
868 2435 2859 2591 gutes Werksihr ganzes Leben könnte sich anders ge-
858 2581 1208 2739 stalten.)
1320 2612 1892 2739 de uns nicht
865 2698 2812 2864 Dregulein: Sind Sie dazu da Schicksal zu spielen?
860 2825 2851 2991 Es könnte ja auch ein(grosser) Misserfolg sein. Das
855 2968 2490 3124 Ende ihrer Carrière. Man kann nie wissen.
850 3085 2887 3256 Karl Bern: (sieht, wie Richard einen Brief schreibt)
