3160 3560
669 419 1265 693 des Vergrlgent
695 555 2614 768 Karl Bern: Nein, das geht nicht. Sie müssen sich
695 695 2559 956 anders ausdrücken. Sagen Sie vielleicht lieber
703 820 2703 1073 Liplein: Entschuldigen Sie, Herr Doktor,ie sollten
708 976 2711 1229 Ihre Stücke zuhause lichten, nicht errt auf der Pro-
724 1211 872 1336 be-
724 1239 2125 1455 Karl Bern: Also, bleiben wir dabst.
729 1247 2830 1612 Gregor:(in der Rollel Wae verschafft mit das Vergnür
750 1591 943 1718 gen?
750 1588 2635 1859 dsgelmenn:(in der Rollel Mein lieber freund,ich
755 1705 2830 1989 komne dich sperestte zu meiner lochzeil einzuladen.
776 1903 1731 2114 Gregor: (auckt zusanment
771 1903 2700 2208 xeri Vern: Richt zusaunenrucken, Herr Gregor. Sie
786 2104 2812 2356 missen sa, dass Ihr Freund heirgket. Ee ist ulso ger
794 2198 2796 2484 keine Ueberraschung für Sis. Ueberhaupt der Anfang
794 2367 2765 2630 genz konventionell. lepricht vorl O. ich dante dir
799 2515 2630 2791 sehr, deine Karte hab ich schon gekommen-und sc
823 2760 1143 2903 meiter.
820 2724 2906 3013 Greiori (kopiertsinnl Ich danke dir sehr, deine Kerte
2078 2885 2315 2966 harwen
833 2903 2705 3156 nebe Ioh sohon bekommen(dehr libbenswürdig, dass
844 3070 1471 3265 au nan selbst-
919 3205 1591 3390 exeteemnelen der
