3048 3528
389 1483 632 1592 Soll sage
397 1561 627 1662 geht mit
397 1634 614 1768 keie.
2516 435 2673 586 236
723 621 2256 796 Inänig( Ee hat wohl so konmen aussen.-
725 778 1614 935 Zjehard: In glaubet-t
738 839 2678 1064 luemfellelt er fur keine Seckeref - es wer gentee
735 1008 2718 1200 kehne Lebe mehr - aren deedevesten
728 1149 2562 1336 Sie hat  dich vielleicht beseer gellebt ale
738 1250 2678 1448 michf Aber Schuld trage ich. Am Lnde war sie doch
839 1412 1109 1508 hit n
738 1410 2531 1592 zu etolz,um ihren Schwur nicht zu halten. ler
1983 1518 2650 1652 kart Bern zu ihuen
753 1556 2236 1728 druckt ihm die Hand und gehtl zu.-
760 1685 2648 1847 Wie Hiohard allein steht,komnt Helene rasch auf
750 1837 1064 2026 Ihn aul
753 1915 2610 2122 Releng: Richerd - dth, tot wil wiehle reseatet
748 2059 2673 2256 karl Bern: (zn Mathildel in Ihren Handen liegt
753 2198 2617 2395 jetzt tgeksten viel.
753 2354 1450 2519 alles vielleicht.
750 2458 2658 2635 Delenerten Rioherd) Mir wollen von hier Ertgehen
750 2577 2642 2769 Egchard. Er hat doch keinen Sinn. Komm mit uns.
763 2713 1758 2875 Der lieben dick glie sehr
1415 2817 1981 2928 Numeisle den
755 2842 2789 3026 Richard: Ihr sollt Euch nicht um mich kümmern. Auch
763 2996 2698 3186 noch lacherlich - dar ist stwas mehr, ale Ich vor-
