3112 3496
2435 351 2595 476 157
736 490 1545 711 Fricke: (applandiert)
780 608 2629 812 utte: Wae sagst du übrigehe, dase Frau Elderhof
741 763 2659 898 im Tlierter ist? Zweite Heihe,Parkett Ecke, wo man
741 890 2710 1057 doch allgemein weies, dass der (arme Sidon in ihren
738 1059 1572 1180 Armen gestorben ist.
1440 1131 1601 1224 ist
760 1170 2563 1300 Gradl: Sie. kann doch nicht ofiiziell treuern.
746 1253 2673 1427 (Ein dritter Herr begrüsst sie,bleibt eine Teile
748 1437 2391 1604 mit ihnen stehen.-Applaus "ird schwächer)
753 1575 2563 1722 Helene: Aise aufrichtiguvater,es lat dir „eh-
750 1707 1329 1852 auch gefallen?
768 1776 2509 1994 Fricke; Ich hab nur die Lulteb applandiert.
758 1923 2430 2129 Helene: Verlange Ich nicht. Sf. I den Ahn
792 2080 2685 2251 utte: (zu Gradl) Hast du übrigens gar nichts be-
763 2251 1030 2369 merkt?
768 2362 1418 2467 Gradl: Was denn?
765 2465 2690 2602 Rutte: Die zwei jungen, Leute.(den Thesterzettel
773 2592 2695 2732 in der Hand) Ich weisg nicht, wie sie heissen,die
765 2725 2215 2842 so blöd daherreden, -das sind ja wir.
770 2855 2146 3046 Gradl: Wie kommst du auf die Idee?
