3096 3528
1724 319 2445 565 de Schristshell.
1087 396 1451 534 Außeon
758 442 1685 673 tornetresmoskert Bern.
768 588 2695 771 Weiter fuchwarte Kathilae Reith mit ihrer Mutter
768 712 1626 912 und Fr. Lontf Berole.
773 868 2677 1033 Frau Eidernof mit Dr. Richara Pricke im Gespräch.
1924 994 2443 1166 Anlrinke
801 1007 1726 1171 Sivon tritt pala rinzu.
773 1243 2186 1397 An Puffet Baron Gradel und Kutte.
771 1392 1266 1557 Aerukd
763 1500 2797 1706 Rutteljunger Wensch,mit einem gerüttten Chanpegner-
830 1623 2605 1811 gias, das er eben dem Diener zum Füllen reicht.
786 1724 2818 1929 Beron Gradelfetnes ulter, sicherer, oin Säcktn erro-
776 1903 2792 2081 gant, aus dem Z. Eimmer, zu Rutte hin. Men konntefett.
786 1996 2851 2222 pehlie eenen. (Ererac fuit si petr. Na Tect ust p led
791 2173 1647 2332 Ratte: Ein blas noch,
1248 2258 1521 2345 zutalle
765 2278 2461 2466 Gredel: Einverstanden. (zum Dienerl Bitte.
789 2430 1613 2571 egener:tschenkt ein.
796 2497 2713 2741 Ausreil mit Blick aur Antofnette 1 Rübsch sicht
794 2689 1343 2844 die Braut aus.
1852 2715 2029 2844 Ritte
804 2813 2826 2980 Gravel:lher sinteressant.Sie mre feseren Freund
791 2957 2322 3139 Gerole mancke inse aufzuhnacken geben.
