3112 3560
431 2145 644 2328 tock
441 2306 719 2466 Ein sar
461 2441 697 2617 ud
2373 421 2544 566 125
817 564 2574 734 regori (der mit wachsendem Intereese zugehört.
774 714 2622 880 hat) Selr gut. Ein bischen mehr Ton werden Sie
774 817 2551 1015 wohl geben müssen. Aber es ist schönmirklich
774 900 2779 1153 schon, wie Sie das gecart haben. Um z bin ehe. hur
1925 1065 2095 1155 plert
787 1068 2722 1316 kranzl: (welst ihn mit einem blick an seine Rolle
792 1263 1559 1431 welter zu sprechen!
802 1336 2604 1511 Gregort (iachelt, dann 1.d.R.) Nein, nein, es ist
789 1464 2724 1672 nicht wahr. dag mir doch, dass es nicht mahr let.
797 1607 2594 1835 ler fasst, wie ex in der Kolle vorgeschrieben
807 1779 1411 1920 ist, ihre Händel
812 1845 2827 2035 Franzl: (1.d.H.) Ee ist nicht wahr. Ich habe nichts
825 1970 2794 2188 erlebt. Ich erinnere mich nicht mehr. Fraune, böse
827 2113 2677 2311 Erkume. Ich bittg dich, stoeg mich nicht wieder
825 2241 2604 2454 hinab.Verlasce mich nicht. Richte hab ich er-
827 2441 1095 2584 lebt."
840 2474 2637 2739 Gregorischtn. Ihnen glaubt man's - beineh. de.
837 2634 2657 2832 Jugend iet kein leerer Wahn. HemnxHxXExX
840 2784 2694 2967 xExxenX Heben Sie eigentlich die
835 2925 1707 3143 Lutee schon gespielt?
850 3083 1393 3293 Franzti Bern.
