3112 3560
668 607 2785 845 entschiedenes Falent,) Um Missverständniesen vorzubeu-
671 751 2890 944 gen - Fräulein Friesel hat keine Ahnung von dem Schritt,
1973 889 2139 980 auch
668 897 2823 1090 den ich in ihrem und ich glaude au in meinem Interesse
671 1049 2741 1195 unternehme. Ich habe noch keine zehn Worte mit ihr
1261 1154 1507 1239 leiseln
676 1165 2691 1363 gesprochen. (da, ich habe nicht einmal(ein Verhältnis
668 1305 2702 1471 mit ihr. (Niemand wäre überraachter als sie, wenn sie
673 1432 2592 1587 überhaupt eine Ahnung hätte, dass ich -) Eh ulb
665 1546 2658 1739 Intendant: (Ich versteh gar nieht, wte dte auf diese
676 1670 2661 1849 Idee. komnen Herr Bern) Fräulein Friesel hat bicher
668 1816 2826 1987 ein pacr ganz unbetrüchtliile Rollen gespdelt, in denen
2252 1929 2426 2001 vert in
662 1943 2674 2125 sie weder dem Publikum noch der Kritik aufgefallen
673 2062 2666 2269 ist. (rür die Emmi in Ihrer Komödie reicht sie eben
679 2180 2669 2379 aus, aber daraus zu solliessen -f Sie lat ein farr
662 2332 1791 2473 hübsche Augen, das ist, alles.
676 2454 2829 2636 Karl Bern: Sie hat mehr, Herr Direkt r. sie hat Echtleit
671 2581 2779 2788 und Herz. Das ist auch in dieser kleinen Folle, zu be-
665 2699 2870 2931 ne rten. Glauben Sie mir Herr Intendant, es wäre den ef
662 2857 1212 3008 Versuch wert.
671 2923 2630 3166 Intendent: teeret(e sind ein
673 3122 2763 3342 taealist, aber nich ausschliesslich auf füre Kosten.
