3128 3544
1434 267 1619 383 1:i
1852 272 2168 391 1d
2413 450 2549 588 82
880 630 2695 809 der Patient unter dem Ue-ser stöhnt? enn Sie
2552 722 2821 823 sitot
890 801 2791 930 nichte dagegen haben schneiie ich weiter.) Natür-
1629 880 1815 954 sint
890 915 2754 1038 lich habenie nie daran gedacht Fräulein Frie-
890 1036 2853 1147 sel zu hefraten, können ja gar nicht daran denken.
1199 1127 1622 1214 gerpieltu
1647 1135 1842 1216 sund aut
1914 1145 2665 1214 mar wal sen Kallen nag
885 1179 2779 1303 Die Ihnen vorbestimmte Braut, werden Sie sich aus-
875 1313 2406 1441 einer anderen Welt holen- ueni ns
962 1385 1184 1454 ire
1417 1377 1718 1474 fininden be
880 1427 2799 1573 Richard: Ich dachte nicht, dass Sie einen Unter-
875 1545 2727 1696 schied der Welten gelten lassen) Es soll auch
1382 1644 1642 1733 wi lige
873 1696 2836 1832 unglückliche Ehen geben,wo die Verhältnisse voll-
873 1795 1479 1951 komnen stimmen.
1375 1822 2888 1978 Obe alle libe ih gelten Brricht- Sapullant
870 1926 2856 2109 Karl Bern: Ehre Ehe (mit Fräulein Veith wird glück
873 2082 2712 2196 lich sein,nicht weil sie aus denselben kreisen
865 2213 2631 2334 stamnt, sondern weil sie(die Richtige für Sie,
1145 2294 1355 2359 Am un
863 2304 2660 2500 ist.weil sie - aber soll 1-! Ihnen Einge er-
875 2445 2779 2638 zühlen, fie Sie so gut wissen wie ich selbst? Sie
873 2596 2742 2747 begehen nebstbei auch ein Verbrechen gegen Ma-
865 2725 2821 2851 thilde,vielleicht das grösste an sich,an Fraulein
860 2814 2725 2984 Friesel und an Mathilde. Sie fühlen das selbst.
2082 2950 2403 3024 de hatt
858 2994 2811 3123 Daher ist Ihnen nicht wohl zumut. Was Ihnen Ver-
1048 3068 1221 3147 mit
851 3120 2665 3244 antwortungsgefühl scheint ist in Wirklichkeit
