3160 3592
2553 436 2726 597 108
797 582 2641 697 Wohnzimmer, kleinbürgerlich, aber nicht geradezu
797 741 2714 899 ürmlich. Ein etwas erhöhter Erker gegeüeden Ein-
797 867 1796 1009 tergrund mit Nähmeschine.
792 974 2690 1179 EInke Füre in des Uebenzimner. Reolte larptein-
789 1128 1964 1225 gang, der ins Vorzimmer führt.
782 1245 2634 1369 In der linken Ecke rückwirts ein bescheidener
784 1394 2658 1535 weisser Kachelofen mit Nische, darin eine Casse-
2083 1474 2409 1547 Kommode.
777 1528 2558 1613 rol mit Deckel zugedeckt. Rechts Sukrank. In
782 1640 2631 1813 der Mitie Pr linke Tisch, auf der einen Seite
777 1791 2590 1878 noch gedeckt mit Teller,Glas eie. Weiter nach
777 1888 2731 2007 rechts ein kleineres Tischchen, an dem Frau Frie-
780 2039 2582 2129 sel mit einer Handarbeit beschäftigt ist. Auf
775 2173 2653 2278 der Komnode Vasen und Phafographien. Ueber der
753 2244 1440 2473 Konnode Spiebst.
