3064 3512
2318 419 2448 556 23
728 414 2043 613 de halteni Manr gatten en zut
851 541 2635 739 man und ner einer Ist, der pflegt es nicht nur
860 664 2561 838 am rechten, sondern leider auch manchmal an
2505 766 2640 865 erle
867 818 2640 987 unrechten Ort zu sein. Und fann ist er Nicht
865 933 2120 1074 nur ein Gentlemen, sondern auch-
867 1054 1581 1198 Alchard: Eln Harr.
860 1158 2322 1388 Sidon: Ein Idealist wollte ich sagen.
872 1306 2678 1523 Richard: Ic! glaube, Sie überschätzen mich, Herr
872 1448 1439 1595 Konnerzialrat.
885 1563 2692 1710 (Jetzt treten Grade und Rutte zu den Beiden, um
863 1743 2176 1930 sicr von Sidon zu verabschledenl.
