3048 3592
378 1045 516 1218 1
750 629 2473 792 Theaterarbeiter: (öffnet die Türe im rückwär-
753 799 1951 918 Prospekt, Franzi tritt heraus l.
782 899 2236 1021 il1: Küss die lland, Fräulein Franzi.
714 1001 2597 1201 (Franzi: Warum schauen Sie sich den dritten Akt-
758 1182 1798 1311 nicht lieber von oben an?
750 1294 2704 1408 Mil1: Ich geh gleich wieder hinauf zur Frau Hama-
755 1437 2643 1571 Die hat eine solche Freuc. Und wunderbare Hosen
758 1564 2049 1710 sind in Ihre Garderobe gekommen.
763 1720 1959 1844 Franzi: Humen - von rem denn?
763 1813 2685 1981 Karl Bern:(tritr auf Franzi zul Ich hah die nach
755 1956 2558 2064 dem zweiten Akt leider nicht sprechen können,
2375 2032 2646 2129 kent
763 2078 2677 2224 raulein Franzi. Ie sind wundervoll. Sie marken
755 2219 2380 2339 mir beinahe mein Stück sympathischens se
763 2344 2702 2504 Franzi: Sie sind sehr freundlich zu mir,Herr Dok-
1172 2446 1303 2558 Ic 1
755 2497 938 2602 tor.
765 2578 2634 2765 Fr.Wenzel (lkomnit von rechts mit einem Brief) Es
753 2741 2592 2892 sind osen in Ihre Garderobe gekommen, Fräuleen
765 2870 2675 3021 Friesel, der Brief war dabei. Der Herr Dregulein
755 3006 2631 3196 hat gemeint,ich soll ihn Ihnen gleich herunter-
758 3138 1089 3299 bringen.
