3064 3592
2528 555 2669 699 189
681 652 2321 850 Dregulein: So seien Sie doch vernünftig.
691 832 2513 985 Ins pizient: (komnt zu Franzi) Gleich kommen Sie
678 965 1545 1100 aran,Fraulein Franzi.
678 1077 2666 1249 Franzl: (ausserrich) Ich komm nicht mehr dran. Das
676 1203 1684 1359 Stück ist aus.- 1/ will
683 1354 2185 1512 Dregulein: So komm doch zur Seeinnungs
678 1497 1602 1625 Franzl: Ich hab genug.:
673 1609 2221 1766 Farl Bern: (tritt herzul was gibts denn?
686 1755 1945 1876 &regulein: Himm dich zusammen! l.
678 1868 2610 1998 (Thenterarbeiter öffnet die Türe, Franzi aber rühe
681 2014 1318 2165 sich noch nicht)
678 2137 2633 2300 Insnizient: Im Fotteswillen,Fräulein,so gehen Sie
678 2272 1213 2392 doch heraus..
660 2423 2543 2546 Dregulein: Sie sind jetzt nicht die Franzl, die
663 2546 1571 2636 Fanni Iheren sind Sie.
670 2651 2630 2843 Franzl: (erheht sich plötzlich, tritt auf die Zihne,
658 2779 1648 2881 die Türe schliesst sich)
660 2902 2717 3073 Dregulein:(zu Frau Menzel) Mir scheint, wir haben da
658 3045 1538 3196 was Dummer angestellt.
