3064 3480
2413 289 2576 423 146
892 437 2294 620 Richard: Warum denn nicht, Mathilae?
1638 559 1801 632 Wiel
885 578 2554 693 Helene: (kommt herein,sichtlich betroften)
897 719 2299 877 tichard: (raschl Was gibtsEer wars?
894 799 2846 962 Helene: Man hat aus Ludwigs Wohnung hieher teief
1222 943 1443 1025 dnrte
911 972 2666 1089 foniert. Sein Vater ist plötzlich gestorben.
909 1098 2066 1239 Richard: Was? Der alte Sidon?
906 1217 2712 1351 Helene: Ganz plötzlich.. In seiner Wohnungl.Er
1728 1312 2041 1409 in saset
916 1349 2790 1514 seheint übrigene(nicht atreih gewesen zu sein.
914 1460 2765 1657 Frau Eyderhof, war bei ihm. - dem fenttdet.
1519 1580 1706 1657 E.seet
904 1614 2685 1737 Richard: So. Ist Ludwig schon verständigt?.
909 1767 2746 1922 Helene: Ich nehme an.Jedesfalls lässt dith der
909 1869 2751 2019 Diener bitten gleich(in die Wohnung( zu. kommen.
921 1976 2503 2153 Dort wirst du jedesfalis mehr erfahren.
921 2090 2792 2284 Kichard: Eine kurze lochzeitsreise, leine Weile
931 2253 2768 2389 in Gedanken; plötzlich) Adieu,Helene. Leben Sie
928 2408 1706 2542 wohl, Mathilae. (abl
923 2641 1592 2785 Heiene, Mathilde.
933 2765 2542 2967 Mathilde: Warum berührt ihn das so sehr?
940 2894 2605 3098 Helene: Der Vater seines besten freundes.
1072 3028 2316 3142 Un 1 Gitesoh.. W er se 4
994 3123 2729 3268 ma e lu st un salt sucv de hune
