3096 3512
410 331 580 480 Ker
794 445 2652 637 Salon im Heuse der Konnerzialrater Siden. Däran-
784 634 2726 798 schliessend die beiden nächsten Zinner, Füren ste-
789 766 1224 908 nen ofzen.
891 891 2657 1032 Dalor linke buffet, sohen sienlich abgerkunt.
798 1027 2761 1187 zur Bedienung der 6kete ein Diener und ein Stuben-
789 1157 2353 1298 mädenen, diesed nicht dauernd anwesend.
784 1259 2736 1440 Rechts Haupteingang. Vorn in der Älhe des Puffete
781 1391 2104 1500 2-3 kleine Tiechchen mit Stühlen.
789 1522 2749 1706 In eneiten Einner Klarier, anfangs und auch später
774 1679 1871 1801 wanchmal der Pianist deren.
781 1791 2594 1893 Später Nachmittag im Winter.-Aufbruchstimmung.
866 1890 1356 1973 oin der Sorhar
776 1918 2769 2094 zu Besinn des Ahtes einige bäste, von Hauskerrn be-
786 2055 2694 2224 glestet, aur den zwelten Zinner in den Salon, dann
786 2184 1448 2341 siex entferend.
861 2308 1159 2445 ere
776 2398 2659 2597 In zweiten Zinner in nechgelnder Grapplerung ver
776 2562 2754 2726 tolmetto sidon, Marde ih Braetkleld, Frau Velth wit
774 2706 2667 2843 Ihrer Tochter Wathilde, Dr. L Richerd Pricke und
784 2831 2724 2980 seine Schwester kolene, Dr. laanig berole, der brau-
776 2963 2776 3072 tigam, der Sekrittsteller Karl Bern, Frau Eiderhoff.
771 3062 2734 3271 Ea Doglarsta der Hhro erlschen l.and 2. lianst de
