3048 3512
2413 445 2570 565 230
739 595 2722 757 Dregulein: (tritt zu Lndwig hin) Hein Nane ist Dre-
731 731 1051 861 gulein.
744 845 1637 1019 Ludwigi Dokter Gerold.
747 971 2778 1176 Preguleini Intechuldigen Sie, Die dunkelroten Roren,
909 1114 1035 1168 en
733 1122 1986 1269 etnd wohl von Ihnen gekamen
739 1232 2549 1410 tudwig: (abwehrend) 1ih wetse nieht, inntefern.
2026 1338 2389 1426 ertaliten
733 1373 2690 1514 Sie hat also die Blumen noch in Empfang genemmen?
739 1509 2176 1661 Dregulein- Jawohl. Auch Ihren Brief.
752 1640 2677 1773 tr Ludrig: Sie halten ee für mdgliek, dass
733 1784 2642 1941 hier ein Zusamnenhang - - Hat sie vielleicht ir-
731 1869 1861 2082 gend eine Bmertung gemacht?
741 2037 1808 2197 Pregulein: Makaz lnicktl
744 2184 1874 2333 Ludwig: Und darf man wiesen:
749 2309 2456 2485 kreguleintich kann nichte daffür, -ahaxxnann
739 2448 1530 2600 tudwigi Ich bitte..
744 2549 2882 2736 Dregule in: Nen Sie Wert darauf legen, -aber vielleicht
733 2669 2858 2856 ist es gar nicht in threm inne e. et., Detugentrehn
733 2818 1706 2952 Zndwig: (ungeduldig) Nund
739 2906 2781 3112 Dregulein: Oder vieleicht iet es auch ganz in ihren
736 3077 1011 3290 sinne.
