3128 3544
2114 246 2298 471 161.
2453 468 2617 597 164
777 590 2653 739 Roveda: Ich gastiere nächete Woche in Berlin-
780 721 2767 886 Maria Stuart, Feodora, Cameliendane.Diese Schmiere
782 868 1754 997 sieht mich nicht wieder.
780 990 2260 1142 tregulein: Ich falle aus den Wolken.
782 1134 1590 1266 toreda: Liege weicht
795 1240 2250 1359 (Baron und Liblein die Stiege herauf)
1329 1336 1638 1425 Sterntt
790 1377 2701 1542 Explein: Pardon, Herr Intendant, die Stimmung ist
792 1526 975 1648 gut.
797 1628 2630 1759 Baron: Sie können mir auch Baron sazen,ich bin
790 1764 2815 1929 von deutschem Adei, der ist vorliufig noch nicht ab-
795 1919 1218 2053 geschaftt.
792 2028 2703 2172 Eyblein: Pardon. Die Stimmung ist ausgezeichret.
802 2164 2696 2303 Baron: Esist eine Berufskrankheit der Regissenre
1941 2248 2195 2331 n
790 2293 2822 2407 sich das einzubilden. Ich habe eben, Doktor Falk ge-
797 2427 2787 2574 sprochen. Doktor Falk findet,es fehlt an Entwicke-
797 2592 1030 2714 lung.
800 2683 2830 2825 Löblein: Wem, dem Stück? Oder dem Autor - oder unse-
800 2817 1372 2959 rem Repertoir?
807 2969 2506 3111 Baron: Darüber hat er sich nicht geäussert.
810 3083 1476 3263 (Neuer Zeichen 1
