3048 3480
449 587 772 723 (o s ih.
373 686 659 836 Anseitst
365 832 688 965 + Uunlf.
360 906 785 1061 in sah veil
392 1017 577 1120 Ab
395 1098 733 1261 Nnssthuug
400 1236 619 1382 v6.
2519 338 2680 437 145
881 459 2732 642 reinen Stirn -)so einfach ist das Leben, nicht.
883 590 2581 728 Mathilde: Ganz einfahh,Richard.: R L4r
891 721 2712 893 Richard: Glauben Sie?-(etwas nervös) Was tele-
893 873 2006 1007 foniert sie denn da so lang?
886 980 2870 1150 Mathilae: Das Vernünftigste wäre wohl, Sie gingen-
901 1115 2682 1286 selbst ans lelefon statt nervöe im Zimmer hin
893 1276 1643 1404 und her zu rennen.
893 1384 2653 1510 Hichard: üer sagt Ihnen, dass ich nervöe bin?
869 1505 2512 1651 Mathilde: Als wenn ich Sie nicht kennte.
906 1638 2714 1799 Kichard: Sie kennen micht(Wiesen Sie das ganz
915 1796 1207 1932 genau?
918 1875 2815 2078 Mathilde: (Sie halten sich wohl für sehr undurch-
911 2018 2677 2176 dringlich. Ganz im Gegenteil) Alles kann man
920 2154 2011 2278 Ihnen vom Gesicht ablesen.
911 2270 2724 2458 Richard: Also, wenn Sie jetzt etwas anderes in
918 2393 2870 2561 meinem Gesicht lesen als die freude)wieder einmal
920 2522 2798 2707 mit Ihnen plaudern zu können, das Glück, dass Sie
923 2675 2601 2808 überhaupt da sind -(er ergreift ihre Handl
920 2810 2850 2986 Mathilde: Ich hab es gar nicht gern,kichard, wenn
923 2959 1471 3124 Sie so reden.
