2888 3544
2136 189 2309 317 102
445 277 2589 539 Geger: (I.d. R.1 Und war mettert Nas Httdanx
464 459 2125 675 Aegethand höllen Sie von mir9I
456 584 2352 808 Franzi: (i.d.4.) Dase Sie mir glauben,will ich,
1408 712 1600 795 lenr
472 691 2336 939 nichts anderes. (Mir sollen Sie glauben und zier
469 840 2328 1066 selbst. (Ich weiss es, dass Sie mieh lieben. Ixk
480 944 2485 1194 Agenixkx Auch Sie haben
477 1096 2472 1330 Erinnerungen. (Aber ich weis- es, dass in diesem Au-
491 1232 2613 1453 genblick keine Ihrer Erinnerungen stärker ist-sle ich
485 1362 2498 1560 aie Lebendige, die hter vor Ihnensteht und die Sie
856 1506 1085 1578 sind u.
499 1472 2485 1714 anhetete )tel will nicht zugrunde gehen an dem, was
501 1677 1693 1842 vergangen, was überwunden, was -
491 1714 2378 1896 Stimne der Roveda im Zuschauerraum: Bemühen Sie
499 1856 2410 2053 sich nicht weiter, mein Fräulein. (rasch über die
501 2021 2504 2160 Stufen, die vom Zuschauerraum auf die Bühne führen,
509 2149 2546 2373 stcht jetzt auf der Brückel Ich bin schon da. Guten
501 2312 1400 2440 Morgen, Herr Intendant.
512 2392 2504 2632 Intendentz(grüest stumn, sicht sie kaum an, Spanrung
520 2600 848 2754 ringruml
517 2626 2442 2869 Roreda: letglit stol nehen Franzl, schiebt sie weg-
528 2797 2594 3026 und spricht die Kolle weiter) Ich will nicht zugrun-
523 2901 2498 3144 de gehen an dem was vergangen, was überwunden tatt
635 3053 1317 3263 nie erlebt iet.
