3112 3528
1918 431 2455 602 16. Ae.
977 559 2811 733 Gewissenlosigkeit. Imrichtigen Moment Abschied
963 694 2743 827 nehmen, das ist Klugheit und Liebe zugleich.-
1001 805 2794 955 ie werden aufatmen, wenn es einmal so weit ist
955 929 2716 1091 und nicht Sie allein(Man weiss es nur nicht
948 1062 2690 1226 gleich, man wagt es nur nicht gleich aufzuat-
948 1192 1125 1294 men.
938 1301 2702 1468 Rjehärd: Mit solchen Sophismen und ähnlichen
936 1454 2656 1579 könnte man jede Verbindung iösen, auch Ehen.
936 1592 2847 1725 Karl Bern: Ja, wenn es nicht das loment der Träg-
926 1720 2656 1865 heit, allerlei materielle Erwägungen und die
938 1809 2646 1981 Vnaufrichtigkeit gegen sich selbst rübe. Es
926 1983 2753 2114 bleiben immer noch viel zu viele Menschen mit-
914 2121 2779 2274 einander zusamnen,die nicht mehr zusammen gehö-
914 2247 1103 2337 ren.
909 2467 2661 2670 Tregulein:(triti jetzt zu ihnen, als hätte er-
897 2622 2653 2794 Lust der Schachpartie zuzuschauen) Spanische
909 2748 1384 2881 röffnungen?
873 2871 2820 3052 Karl Bern:/Ich habe keine Ehnung von der Theorie,
880 3007 1705 3137 Heisst das spanisch?
880 3118 1940 3268 Dregulein: Wer ist am Zug?
