3096 3512
813 474 2753 684 Erenzi:(triti wieder einf. Jeine le neige. Ichs
811 637 2011 774 gern, wenn es so schneitt Cest
2118 635 2664 779 - be uhigend
796 744 1510 878 Berentn: caluant.
801 863 1704 1029 Franzl: Celmant. A. nk.
794 987 2294 1178 Berinin: Iette Hel Aler kam genag?
799 1148 2567 1265 Frenzl: Ader wunderbar. uand ches nous d ie
794 1295 2522 1431 meison - Aree tet metver.  sempentur
1369 1366 1800 1458 suteu cir
786 1391 2232 1560 Berontn: (Reden Sie nur deutsch.ful
781 1530 2671 1699 Franzi: kenn'- bei uns zuhaus je so warm werden
784 1681 2735 1858 wochtesgrückt einen Sturl zun Ofen,halt die Füsse
789 1803 1409 1939 an die Ofentürl
774 1915 2770 2083 Baronin:Uir ist es nie warn genug. Cuand Iteteit I
779 2036 2589 2220 jeune- Ia nére, vous savez etait propfistaire.
766 2185 2738 2349 d’un boarding xu à lice - 1122a. Vous conaisses
774 2314 1788 2473 la Pivieraf Hademoiselle?
759 2433 2222 2629 Fran:1:(schüttelt den Zopfl., l. ir
1381 2537 1614 2621 M
756 2592 2654 2748 Baronin: (Da müssen sie einmal hinreisen. Kademoi-
754 2698 2120 2830 selles., auf der Hochzeitsreise..
1039 2797 1171 2889 Get
764 2850 2641 3011 Franzl: Aber Siepleben schon langes in üien, Frau
749 2956 1543 3137 Beronja. nicht rahre
751 3105 2716 3264 Baronin: Zwanzig Jahre bald. Pepuis aud mon mari
1433 3209 1624 3296 mitt
816 3231 2592 3385 et mort. Il s’a tus. C’staif un Angläte - dei
