3160 3544
338 1722 702 1893 I) sude in
367 1858 650 1963 iterlebt
364 1948 637 2045 dorubs
346 2013 637 2144 stilt it
336 2110 676 2233 Vergangntich
367 2202 647 2301 En 1.
356 2273 663 2393 diet (ve.)
346 2367 684 2464 ihet in voh
336 2430 640 2530 mit 1
367 2509 624 2616 mutnct
474 2585 666 2734 20
469 2689 666 2813 untert
2362 419 2516 561 122
936 435 1303 637 (lerhele
716 553 2611 737 Gregor! Habe nicht däran gezweifelt. Nun wollen
702 663 2684 894 wir die Sache gleich- angehen. (Im ersten Akt haben
726 815 2574 1020 wir kaum was miteinander zu tun.) Die Ensemble-
771 954 2608 1143 zehen werden ja jedesfalle neu arrangiert wer-
716 1138 1180 1274 den müssen.
731 1185 2792 1423 kranzi! Ich war ja bei allen Proben. Ich kenne die
750 1389 1119 1531 Stellenn
737 1450 2789 1683 Greeor: Umso besser. üie finden Sie denn eigentlich
726 1651 1161 1788 das Stückt
742 1725 2260 1934 Franzi: Ich masse mir kein Urteil an.
742 1835 2802 2047 Gregor: warum nicht? Sie, haben zwei so kluge Augen
1193 1966 1751 2076 ie soll lehen
752 1974 2752 2184 und so eine helle Stirnf Sie sind noch nicht zwan-
752 2173 931 2330 2187
765 2280 2010 2461 erehzt: Wein. Neunzehn vorüber.
765 2375 2611 2571 Gregor: Schön. War man auch einmal. Da spielte
1772 2474 2377 2564 di Julic m.. 26).
763 2522 2645 2718 ich in Augsburg den Komeo.(Also, der zweite Art.
755 2616 2624 2844 Sie neven sa das auch, wie ich sehe. Wir wollen
773 2755 2818 2967 vor allem einmal Ihren Austritt - Ich sich an Fen-
765 2883 2558 3075 eter - der uken ist des Fenster - Sie kommen
758 3025 2865 3245 von dort, Ich trete Ihnen rasch entgegen. Aiso bitte.
