<?xml version="1.0" encoding="UTF-8" standalone="yes"?>
<PcGts xmlns="http://schema.primaresearch.org/PAGE/gts/pagecontent/2013-07-15" xmlns:xsi="http://www.w3.org/2001/XMLSchema-instance" xsi:schemaLocation="http://schema.primaresearch.org/PAGE/gts/pagecontent/2013-07-15 http://schema.primaresearch.org/PAGE/gts/pagecontent/2013-07-15/pagecontent.xsd">
    <Metadata>
        <Creator>prov=READ-COOP:name=PyLaia@TranskribusPlatform:version=2.7.0:model_id=50870:lm=none:date=22_01_2024_15:39</Creator>
        <Created>2023-09-27T14:32:23.955+02:00</Created>
        <LastChange>2024-01-22T15:39:39.742+01:00</LastChange>
        <TranskribusMetadata docId="1589027" pageId="60122105" pageNr="87" tsid="145620706" status="IN_PROGRESS" userId="40391" imgUrl="https://files.transkribus.eu/Get?id=NLZTMLDHSOPZONBBGPKSLAHG&amp;fileType=view" xmlUrl="https://files.transkribus.eu/Get?id=RALOLIZFDIJYFSZMBNOOPSPT" imageId="48547184"/>
    </Metadata>
    <Page imageFilename="1589027_0087.jpg" imageWidth="3112" imageHeight="3544">
        <ReadingOrder>
            <OrderedGroup id="ro_1711795942631" caption="Regions reading order">
                <RegionRefIndexed index="0" regionRef="tr_1"/>
            </OrderedGroup>
        </ReadingOrder>
        <TextRegion orientation="0.0" id="tr_1" custom="readingOrder {index:0;}">
            <Coords points="883,154 883,3305 2839,3305 2839,154"/>
            <TextLine id="tr_1_tl_1" custom="readingOrder {index:0;}">
                <Coords points="1057,226 1127,238 1139,251 1166,231 1195,229 1200,147 1175,149 1161,142 1137,154 1132,149 1122,159 1113,152 1103,157 1079,142 1062,145"/>
                <Baseline points="1071,217 1096,215 1122,213 1148,211 1174,210 1200,208"/>
                <TextEquiv>
                    <Unicode>.</Unicode>
                </TextEquiv>
            </TextLine>
            <TextLine id="tr_1_tl_2" custom="readingOrder {index:1;}">
                <Coords points="1573,523 1643,537 1672,535 1691,520 1720,523 1754,304 1725,306 1710,291 1689,296 1672,289 1626,320 1604,320"/>
                <Baseline points="1600,435 1628,431 1657,428 1685,419 1714,416 1743,417"/>
                <TextEquiv>
                    <Unicode>7</Unicode>
                </TextEquiv>
            </TextLine>
            <TextLine id="tr_1_tl_3" custom="readingOrder {index:2;}">
                <Coords points="2512,484 2568,501 2589,487 2604,499 2611,491 2635,494 2640,385 2626,385 2611,397 2577,397 2568,390 2563,395 2536,383 2517,388"/>
                <Baseline points="2525,486 2554,483 2583,481 2612,480 2642,480"/>
                <TextEquiv>
                    <Unicode>81</Unicode>
                </TextEquiv>
            </TextLine>
            <TextLine id="tr_1_tl_4" custom="readingOrder {index:3;}">
                <Coords points="884,660 2327,653 2645,629 2647,547 2163,573 2009,537 1775,593 1267,559 1219,597 1094,552 884,595"/>
                <Baseline points="898,650 985,651 1073,650 1160,650 1248,648 1336,642 1423,641 1511,641 1599,638 1686,634 1774,628 1862,627 1949,626 2037,626 2125,623 2212,619 2300,618 2388,618 2475,618 2563,615 2651,615"/>
                <TextEquiv>
                    <Unicode>Fräulein Friesei.Oder - haben ie vielleicht</Unicode>
                </TextEquiv>
            </TextLine>
            <TextLine id="tr_1_tl_5" custom="readingOrder {index:4;}">
                <Coords points="886,809 2712,776 2715,653 2563,703 2303,706 2178,662 1643,718 1597,686 1525,730 1431,670 1188,735 889,723"/>
                <Baseline points="901,782 991,778 1082,774 1173,773 1264,773 1355,773 1446,770 1537,768 1628,767 1719,765 1810,763 1900,761 1991,759 2082,756 2173,752 2264,749 2355,749 2446,746 2537,743 2628,740 2719,734"/>
                <TextEquiv>
                    <Unicode>die Abricht sie zu heiraten? ihr ein bürgerli-</Unicode>
                </TextEquiv>
            </TextLine>
            <TextLine id="tr_1_tl_6" custom="readingOrder {index:5;}">
                <Coords points="894,932 1082,906 1236,935 1274,911 1407,937 1510,903 1648,915 1698,908 1701,829 1628,853 1491,821 1241,865 1110,821 1004,872 896,867"/>
                <Baseline points="907,913 947,910 987,907 1027,907 1067,907 1107,905 1147,905 1187,906 1227,904 1267,904 1307,904 1347,901 1387,901 1427,897 1467,897 1507,896 1547,896 1587,897 1627,894 1667,892 1707,892"/>
                <TextEquiv>
                    <Unicode>ches Heim zu hieten?</Unicode>
                </TextEquiv>
            </TextLine>
            <TextLine id="tr_1_tl_7" custom="readingOrder {index:6;}">
                <Coords points="901,1055 2149,1045 2365,985 2606,1014 2830,956 2833,903 2462,961 2243,903 1595,988 906,964"/>
                <Baseline points="913,1030 1009,1036 1105,1036 1201,1033 1298,1032 1394,1027 1490,1024 1587,1024 1683,1021 1779,1018 1876,1018 1972,1015 2068,1015 2164,1004 2261,990 2357,981 2453,979 2550,971 2646,965 2742,956 2839,952"/>
                <TextEquiv>
                    <Unicode>Richard: uch das wäre möglich. Rrmein abenten</Unicode>
                </TextEquiv>
            </TextLine>
            <TextLine id="tr_1_tl_8" custom="readingOrder {index:7;}">
                <Coords points="1387,1115 1575,1086 1831,1110 1893,1079 2088,1084 2088,1036 2050,1057 1961,1024 1893,1062 1674,1029 1551,1069 1469,1026 1387,1077"/>
                <Baseline points="1400,1092 1434,1088 1469,1086 1504,1086 1539,1086 1573,1085 1608,1083 1643,1080 1678,1082 1712,1083 1747,1082 1782,1080 1817,1075 1851,1077 1886,1079 1921,1077 1956,1077 1990,1077 2025,1076 2060,1073 2095,1068"/>
                <TextEquiv>
                    <Unicode>Aler disir s alleit</Unicode>
                </TextEquiv>
            </TextLine>
            <TextLine id="tr_1_tl_9" custom="readingOrder {index:8;}">
                <Coords points="894,1226 1197,1224 1503,1151 1790,1188 2638,1154 2688,1147 2691,1050 2397,1094 2286,1062 1826,1110 896,1101"/>
                <Baseline points="907,1164 996,1164 1085,1164 1175,1161 1264,1161 1354,1158 1443,1155 1533,1152 1622,1152 1712,1149 1801,1149 1890,1146 1980,1143 2069,1140 2159,1140 2248,1137 2338,1134 2427,1131 2517,1131 2606,1128 2696,1128"/>
                <TextEquiv>
                    <Unicode>Earl Bern: Das wäre das Aergste. Sie schieben</Unicode>
                </TextEquiv>
            </TextLine>
            <TextLine id="tr_1_tl_10" custom="readingOrder {index:9;}">
                <Coords points="894,1308 1623,1286 1751,1327 1852,1281 2736,1272 2736,1207 2283,1178 2006,1241 1770,1195 1686,1233 1460,1200 1310,1257 896,1228"/>
                <Baseline points="907,1295 998,1292 1090,1292 1181,1292 1273,1291 1365,1286 1456,1283 1548,1282 1640,1280 1731,1280 1823,1277 1915,1274 2006,1271 2098,1271 2190,1269 2281,1265 2373,1262 2465,1259 2556,1259 2648,1259 2740,1259"/>
                <TextEquiv>
                    <Unicode>damit nur eine Entscheidung hinaus und bringen</Unicode>
                </TextEquiv>
            </TextLine>
            <TextLine id="tr_1_tl_11" custom="readingOrder {index:10;}">
                <Coords points="891,1455 1091,1426 1428,1467 1578,1416 1691,1455 2009,1414 2096,1450 2296,1392 2368,1436 2580,1424 2688,1402 2691,1351 2377,1308 2144,1361 1648,1337 1346,1371 1284,1337 891,1375"/>
                <Baseline points="904,1427 993,1424 1082,1421 1172,1424 1261,1418 1351,1415 1440,1415 1530,1415 1619,1412 1709,1409 1798,1406 1887,1403 1977,1400 2066,1400 2156,1394 2245,1394 2335,1391 2424,1391 2514,1388 2603,1385 2693,1391"/>
                <TextEquiv>
                    <Unicode>sie und auch sich selbst um die besten Jahre.</Unicode>
                </TextEquiv>
            </TextLine>
            <TextLine id="tr_1_tl_12" custom="readingOrder {index:11;}">
                <Coords points="906,1551 1860,1573 2067,1527 2327,1558 2539,1522 2647,1558 2729,1534 2732,1455 2428,1438 2317,1481 2233,1440 2040,1498 1602,1457 1438,1510 908,1489"/>
                <Baseline points="919,1549 1009,1549 1100,1549 1191,1549 1282,1546 1372,1543 1463,1543 1554,1540 1645,1538 1735,1537 1826,1532 1917,1532 2008,1528 2098,1525 2189,1522 2280,1522 2371,1522 2461,1516 2552,1516 2643,1516 2734,1522"/>
                <TextEquiv>
                    <Unicode>Richerd: Sie sehen aldes von Grund aus falsch,</Unicode>
                </TextEquiv>
            </TextLine>
            <TextLine id="tr_1_tl_13" custom="readingOrder {index:12;}">
                <Coords points="896,1667 1241,1720 1457,1669 1932,1710 2028,1669 2654,1672 2654,1585 2561,1575 1465,1633 898,1599"/>
                <Baseline points="910,1666 997,1676 1085,1680 1172,1678 1260,1677 1347,1675 1435,1671 1522,1669 1610,1667 1697,1666 1785,1665 1872,1663 1960,1661 2047,1657 2135,1656 2222,1654 2310,1653 2397,1648 2485,1645 2572,1645 2660,1642"/>
                <TextEquiv>
                    <Unicode>die gehen von einer vorgefassten Meinung auf</Unicode>
                </TextEquiv>
            </TextLine>
            <TextLine id="tr_1_tl_14" custom="readingOrder {index:13;}">
                <Coords points="903,1821 1575,1833 1879,1792 2096,1860 2182,1799 2329,1785 2659,1811 2662,1710 903,1749"/>
                <Baseline points="916,1809 1003,1809 1090,1809 1178,1809 1265,1803 1352,1801 1440,1800 1527,1800 1614,1797 1702,1792 1789,1791 1876,1790 1964,1788 2051,1788 2138,1786 2226,1781 2313,1779 2400,1776 2488,1776 2575,1773 2663,1773"/>
                <TextEquiv>
                    <Unicode>oder von der meiner Schwester.)Der Philister</Unicode>
                </TextEquiv>
            </TextLine>
            <TextLine id="tr_1_tl_15" custom="readingOrder {index:14;}">
                <Coords points="908,1973 1462,1932 1573,1970 1713,1927 2149,1953 2406,1910 2703,1908 2756,1944 2775,1828 1440,1888 1163,1850 1031,1898 911,1850"/>
                <Baseline points="922,1940 1014,1937 1107,1935 1200,1936 1293,1934 1386,1928 1479,1928 1571,1925 1664,1925 1757,1922 1850,1920 1943,1919 2036,1916 2129,1916 2221,1913 2314,1908 2407,1905 2500,1904 2593,1901 2686,1901 2779,1898"/>
                <TextEquiv>
                    <Unicode>sind Sie. Ich - ich füule mich bereit alles auf</Unicode>
                </TextEquiv>
            </TextLine>
            <TextLine id="tr_1_tl_16" custom="readingOrder {index:15;}">
                <Coords points="913,2074 1491,2093 2296,2038 2479,2069 2589,2043 2592,1982 913,2031"/>
                <Baseline points="925,2072 1008,2067 1092,2068 1175,2065 1259,2063 1343,2060 1426,2060 1510,2062 1593,2058 1677,2054 1761,2053 1844,2050 1928,2048 2011,2045 2095,2045 2179,2040 2262,2037 2346,2035 2429,2036 2513,2036 2597,2036"/>
                <TextEquiv>
                    <Unicode>mich zu nehmen, auch Schmerzen,auch: Kämpfe.</Unicode>
                </TextEquiv>
            </TextLine>
            <TextLine id="tr_1_tl_17" custom="readingOrder {index:16;}">
                <Coords points="1664,2125 2271,2120 2363,2105 2365,2079 2303,2040 2228,2074 2161,2047 2100,2074 1958,2052 1780,2081 1722,2055 1664,2079"/>
                <Baseline points="1677,2119 1711,2120 1746,2122 1780,2120 1815,2119 1850,2116 1884,2110 1919,2107 1954,2103 1988,2101 2023,2101 2058,2101 2092,2101 2127,2101 2162,2101 2196,2101 2231,2101 2266,2101 2300,2100 2335,2098 2370,2098"/>
                <TextEquiv>
                    <Unicode>Bilol ser i allen</Unicode>
                </TextEquiv>
            </TextLine>
            <TextLine id="tr_1_tl_18" custom="readingOrder {index:17;}">
                <Coords points="906,2269 1301,2233 1397,2271 1527,2194 1872,2178 2580,2199 2666,2182 2669,2108 2594,2079 2361,2134 908,2139"/>
                <Baseline points="922,2191 1009,2194 1097,2194 1184,2194 1272,2192 1359,2189 1447,2188 1534,2186 1622,2185 1709,2182 1797,2181 1884,2177 1972,2176 2059,2176 2147,2172 2234,2170 2322,2169 2409,2167 2497,2164 2584,2164 2672,2164"/>
                <TextEquiv>
                    <Unicode>Karl Hern: (Jedes Ihrer iorte und Ihr Tonfall</Unicode>
                </TextEquiv>
            </TextLine>
            <TextLine id="tr_1_tl_19" custom="readingOrder {index:18;}">
                <Coords points="915,2329 1269,2356 1486,2317 1739,2356 1843,2312 2695,2308 2693,2243 2457,2221 1862,2281 1657,2235 1537,2274 1460,2240 918,2276"/>
                <Baseline points="928,2331 1016,2325 1105,2325 1194,2325 1282,2319 1371,2318 1460,2316 1548,2316 1637,2312 1726,2312 1815,2307 1903,2307 1992,2304 2081,2301 2169,2301 2258,2298 2347,2295 2435,2295 2524,2293 2613,2293 2702,2298"/>
                <TextEquiv>
                    <Unicode>und Ihr Blick bestätigt nur meine Aufrassung.</Unicode>
                </TextEquiv>
            </TextLine>
            <TextLine id="tr_1_tl_20" custom="readingOrder {index:19;}">
                <Coords points="911,2503 1253,2508 1445,2455 2707,2445 2710,2346 2298,2394 913,2394"/>
                <Baseline points="925,2454 1014,2457 1103,2457 1193,2457 1282,2454 1372,2451 1461,2451 1550,2448 1640,2445 1729,2445 1819,2445 1908,2442 1997,2442 2087,2439 2176,2436 2266,2433 2355,2430 2444,2427 2534,2427 2623,2424 2713,2418"/>
                <TextEquiv>
                    <Unicode>Richard: Ich fürchte, sie wird siei mit meiner</Unicode>
                </TextEquiv>
            </TextLine>
            <TextLine id="tr_1_tl_21" custom="readingOrder {index:20;}">
                <Coords points="923,2594 1190,2621 1782,2580 1963,2623 2173,2568 2739,2587 2739,2510 2669,2471 2243,2527 2187,2488 1467,2539 1378,2503 923,2505"/>
                <Baseline points="937,2591 1027,2589 1117,2585 1207,2586 1298,2580 1388,2579 1478,2576 1569,2576 1659,2574 1749,2572 1840,2571 1930,2567 2020,2567 2110,2564 2201,2564 2291,2564 2381,2561 2472,2558 2562,2564 2652,2555 2743,2552"/>
                <TextEquiv>
                    <Unicode>nicht in Uebereinstidnung bringen las. en. (als</Unicode>
                </TextEquiv>
            </TextLine>
            <TextLine id="tr_1_tl_22" custom="readingOrder {index:21;}">
                <Coords points="920,2734 2279,2729 2281,2623 2245,2618 923,2662"/>
                <Baseline points="934,2719 1001,2719 1069,2719 1136,2716 1204,2716 1271,2712 1339,2713 1406,2709 1474,2708 1541,2709 1609,2705 1676,2705 1744,2705 1811,2705 1879,2702 1946,2701 2014,2699 2081,2698 2149,2696 2216,2696 2284,2693"/>
                <TextEquiv>
                    <Unicode>wollte er das Gespruch abbrechen)</Unicode>
                </TextEquiv>
            </TextLine>
            <TextLine id="tr_1_tl_23" custom="readingOrder {index:22;}">
                <Coords points="923,2871 1433,2845 1573,2878 1652,2842 1756,2900 2098,2835 2264,2890 2370,2847 2671,2854 2674,2734 2151,2772 2084,2727 1737,2794 1221,2753 1036,2806 925,2789"/>
                <Baseline points="937,2851 1024,2848 1111,2845 1198,2845 1285,2842 1372,2845 1459,2840 1546,2837 1633,2836 1720,2836 1807,2833 1894,2828 1981,2827 2068,2827 2155,2824 2242,2823 2329,2821 2416,2818 2503,2821 2590,2821 2678,2824"/>
                <TextEquiv>
                    <Unicode>Karl Bern: Verzeihen Sie - einen Angenblick,</Unicode>
                </TextEquiv>
            </TextLine>
            <TextLine id="tr_1_tl_24" custom="readingOrder {index:23;}">
                <Coords points="939,3004 2683,3021 2683,2960 2353,2953 2308,2915 2033,2968 1823,2929 1484,2958 1412,2915 1257,2958 939,2941"/>
                <Baseline points="952,2991 1038,2991 1125,2994 1212,2996 1299,2997 1385,2997 1472,2996 1559,2997 1646,3000 1732,3000 1819,3000 1906,3000 1993,3002 2079,3003 2166,3003 2253,3003 2340,3003 2426,3006 2513,3006 2600,3009 2687,3003"/>
                <TextEquiv>
                    <Unicode>ich mir einen Vergleich aus Ihrem Gebiet ge-</Unicode>
                </TextEquiv>
            </TextLine>
            <TextLine id="tr_1_tl_25" custom="readingOrder {index:24;}">
                <Coords points="915,3131 2695,3175 2710,3076 2100,3088 2035,3045 1917,3081 1792,3042 1621,3088 1366,3052 1253,3088 913,3042"/>
                <Baseline points="928,3123 1017,3123 1107,3123 1196,3126 1286,3128 1375,3126 1465,3128 1554,3128 1644,3128 1733,3131 1823,3134 1913,3134 2002,3134 2092,3134 2181,3137 2271,3137 2360,3137 2450,3137 2539,3140 2629,3143 2719,3134"/>
                <TextEquiv>
                    <Unicode>statten. AntxxxxxxhxE Wird einArzt</Unicode>
                </TextEquiv>
            </TextLine>
            <TextLine id="tr_1_tl_26" custom="readingOrder {index:25;}">
                <Coords points="870,3286 1098,3334 1209,3281 1518,3322 1751,3288 1881,3336 1992,3281 2161,3278 2238,3322 2291,3278 2532,3324 2751,3300 2751,3201 2676,3228 2599,3184 2223,3235 2161,3189 2026,3225 1069,3175 870,3228"/>
                <Baseline points="883,3254 976,3257 1070,3255 1164,3257 1258,3257 1351,3257 1445,3257 1539,3258 1633,3260 1726,3262 1820,3263 1914,3266 2008,3266 2101,3266 2195,3267 2289,3267 2383,3272 2476,3271 2570,3274 2664,3275 2758,3278"/>
                <TextEquiv>
                    <Unicode>eine Operation unterbrechen oder aufgeben,weil</Unicode>
                </TextEquiv>
            </TextLine>
            <TextEquiv>
                <Unicode></Unicode>
            </TextEquiv>
        </TextRegion>
    </Page>
</PcGts>
