3128 3560
2384 370 2512 516 82
823 436 2105 644 bes Jahr lang nicht def dir warf
826 627 2845 758 Gregor: Man triftt dich ja überhaupt nirgends mehn.
828 735 2744 904 Pogelmann: (in der Polie lesend,) Ja, seit ich den
826 884 2749 1037 grossen Entschlus- gefasst habe - aber ich versi-
828 1004 2444 1171 chere dich, ich fühle mich unmöglich worl
818 1135 2346 1289 Sourleuse: (korrigiertf Unsäglich worl.
818 1264 2422 1443 Dögelmann: Unsagbar wohl.(rie fragense M!
2575 1264 2878 1435 zu Karz
818 1407 1027 1548 Bornl
831 1531 1659 1687 (Karl Bern stimnt zul
828 1657 2714 1810 Dögelmann: (neiter in der Folleldu solltest mifis
818 1800 2653 1969 baid nachmachen. In unsern Jahren ist man reif
828 1921 1349 2047 zum Heiraten.
813 2027 2799 2223 Karl Ber::lschüttelt den Kopfl 118 meinen Sie,Herr
823 2163 1125 2273 Loktort
808 2306 2293 2470 Dogelman: Nie meinen Sie, Herr Doktor?
811 2444 1969 2593 EErl Berni Ach nichts, nichts.
823 2548 2465 2719 Dögelmenn: die haben den Kopt geschüttelt.
803 2691 2502 2855 Karl Bern: Es berog sich auf meinen Dialog.
1808 2825 2515 3006 rietert uim etnas
1380 2840 1556 2991 3a L6
813 2825 1297 2993 lozener trit
811 2953 999 3054 Ohr)
818 3094 1271 3195 Intendants 1
816 3207 1198 3376 Lobtetn:
