<?xml version="1.0" encoding="UTF-8" standalone="yes"?>
<PcGts xmlns="http://schema.primaresearch.org/PAGE/gts/pagecontent/2013-07-15" xmlns:xsi="http://www.w3.org/2001/XMLSchema-instance" xsi:schemaLocation="http://schema.primaresearch.org/PAGE/gts/pagecontent/2013-07-15 http://schema.primaresearch.org/PAGE/gts/pagecontent/2013-07-15/pagecontent.xsd">
    <Metadata>
        <Creator>prov=READ-COOP:name=PyLaia@TranskribusPlatform:version=2.7.0:model_id=50870:lm=none:date=22_01_2024_15:40</Creator>
        <Created>2023-09-27T14:32:47.979+02:00</Created>
        <LastChange>2024-01-22T15:40:08.567+01:00</LastChange>
        <TranskribusMetadata docId="1589027" pageId="60123026" pageNr="260" tsid="145620893" status="IN_PROGRESS" userId="40391" imgUrl="https://files.transkribus.eu/Get?id=GSDJLOVDWRLRXZIJKRGIXZCH&amp;fileType=view" xmlUrl="https://files.transkribus.eu/Get?id=QGOQZCJMOJKALUCQGSEVZXTU" imageId="48548104"/>
    </Metadata>
    <Page imageFilename="1589027_0260.jpg" imageWidth="3080" imageHeight="3576">
        <ReadingOrder>
            <OrderedGroup id="ro_1711796187381" caption="Regions reading order">
                <RegionRefIndexed index="0" regionRef="tr_1"/>
            </OrderedGroup>
        </ReadingOrder>
        <TextRegion orientation="0.0" id="tr_1" custom="readingOrder {index:0;}">
            <Coords points="779,577 779,3184 2838,3184 2838,577"/>
            <TextLine id="tr_1_tl_1" custom="readingOrder {index:0;}">
                <Coords points="2462,633 2485,633 2500,646 2529,651 2547,644 2583,662 2593,659 2603,670 2608,664 2629,670 2626,574 2596,572 2562,554 2544,561 2490,528 2459,530"/>
                <Baseline points="2477,632 2503,632 2529,632 2556,632 2582,632 2608,632 2635,635"/>
                <TextEquiv>
                    <Unicode>242</Unicode>
                </TextEquiv>
            </TextLine>
            <TextLine id="tr_1_tl_2" custom="readingOrder {index:1;}">
                <Coords points="765,814 2830,793 2832,706 2753,685 2503,716 2233,677 2130,718 1906,680 1738,708 1566,659 1519,698 1313,713 1218,670 1100,716 767,729"/>
                <Baseline points="779,794 887,793 995,788 1104,788 1212,788 1320,788 1429,783 1537,782 1645,779 1754,779 1862,779 1971,771 2079,773 2187,769 2296,767 2404,765 2512,761 2621,758 2729,756 2838,755"/>
                <TextEquiv>
                    <Unicode>Ich käme mir noch lächerlicher und noch erbärnlicher</Unicode>
                </TextEquiv>
            </TextLine>
            <TextLine id="tr_1_tl_3" custom="readingOrder {index:2;}">
                <Coords points="765,932 1295,966 1370,924 1638,963 1898,919 2791,940 2791,845 2681,809 765,850"/>
                <Baseline points="779,925 880,928 981,925 1082,923 1183,925 1284,922 1385,917 1486,919 1587,916 1688,913 1789,912 1890,912 1991,910 2092,910 2193,910 2294,907 2395,907 2496,903 2597,901 2698,898 2799,898"/>
                <TextEquiv>
                    <Unicode>vor ale Jetzt. büte, Gnade gar -AxXx</Unicode>
                </TextEquiv>
            </TextLine>
            <TextLine id="tr_1_tl_4" custom="readingOrder {index:3;}">
                <Coords points="770,1089 2001,1051 2096,1089 2173,1045 2529,1045 2590,1084 2789,1043 2791,989 2688,950 2603,991 2400,963 2199,1009 1761,937 772,981"/>
                <Baseline points="785,1068 885,1063 986,1062 1086,1061 1187,1059 1287,1056 1388,1055 1488,1054 1589,1053 1689,1049 1790,1050 1891,1044 1991,1044 2092,1043 2192,1044 2293,1040 2393,1041 2494,1037 2594,1034 2695,1032 2796,1029"/>
                <TextEquiv>
                    <Unicode>eerthtat - geradenwege von einem noch</Unicode>
                </TextEquiv>
            </TextLine>
            <TextLine id="tr_1_tl_5" custom="readingOrder {index:4;}">
                <Coords points="930,1151 981,1138 1007,1154 1360,1143 1362,1076 1295,1089 1210,1069 1148,1107 1074,1100 1027,1071 966,1105 932,1094"/>
                <Baseline points="943,1137 969,1135 996,1138 1022,1140 1049,1140 1075,1139 1102,1137 1128,1135 1155,1134 1181,1134 1208,1133 1234,1131 1261,1131 1287,1131 1314,1131 1340,1130 1367,1128"/>
                <TextEquiv>
                    <Unicode>dicu te d</Unicode>
                </TextEquiv>
            </TextLine>
            <TextLine id="tr_1_tl_6" custom="readingOrder {index:5;}">
                <Coords points="775,1223 1293,1200 1584,1239 1746,1187 2325,1218 2392,1184 2485,1226 2580,1179 2668,1215 2670,1092 2603,1071 2508,1128 2256,1066 2024,1120 1970,1084 1846,1118 1676,1092 1553,1148 778,1120"/>
                <Baseline points="788,1202 882,1199 976,1196 1071,1199 1165,1198 1260,1195 1354,1193 1449,1193 1543,1191 1638,1191 1732,1189 1826,1188 1921,1185 2015,1182 2110,1182 2204,1179 2299,1177 2393,1174 2488,1173 2582,1173 2677,1173"/>
                <TextEquiv>
                    <Unicode>nicht geschlossenen Jarg in die offenen Arme der</Unicode>
                </TextEquiv>
            </TextLine>
            <TextLine id="tr_1_tl_7" custom="readingOrder {index:6;}">
                <Coords points="780,1336 1125,1365 1437,1321 1671,1365 1738,1318 1906,1360 2683,1324 2681,1254 2516,1215 2263,1208 2163,1249 1944,1195 1800,1262 1617,1218 1360,1300 783,1223"/>
                <Baseline points="794,1325 888,1328 983,1328 1077,1328 1172,1328 1267,1326 1361,1319 1456,1319 1550,1319 1645,1320 1740,1316 1834,1316 1929,1313 2023,1312 2118,1310 2213,1307 2307,1307 2402,1306 2496,1304 2591,1301 2686,1304"/>
                <TextEquiv>
                    <Unicode>Zartlichkeit - - es käme ein Augenblick, da würde</Unicode>
                </TextEquiv>
            </TextLine>
            <TextLine id="tr_1_tl_8" custom="readingOrder {index:7;}">
                <Coords points="778,1478 994,1465 1087,1506 1723,1447 1942,1486 2189,1439 2189,1390 2075,1362 1965,1398 1823,1339 1530,1419 1146,1416 783,1352"/>
                <Baseline points="791,1462 861,1464 931,1462 1001,1461 1072,1459 1142,1459 1212,1459 1282,1457 1353,1456 1423,1456 1493,1452 1563,1447 1634,1443 1704,1438 1774,1436 1844,1438 1915,1441 1985,1438 2055,1435 2125,1434 2196,1429"/>
                <TextEquiv>
                    <Unicode>dir selber grauen- inderiren</Unicode>
                </TextEquiv>
            </TextLine>
            <TextLine id="tr_1_tl_9" custom="readingOrder {index:8;}">
                <Coords points="780,1651 1166,1643 1300,1594 2513,1594 2567,1584 2570,1475 2341,1496 2140,1452 1687,1501 1517,1463 1450,1509 1120,1522 783,1491"/>
                <Baseline points="794,1590 882,1589 971,1589 1060,1589 1149,1588 1238,1586 1326,1587 1415,1585 1504,1582 1593,1581 1682,1578 1770,1576 1859,1578 1948,1573 2037,1570 2126,1570 2214,1567 2303,1567 2392,1564 2481,1561 2570,1564"/>
                <TextEquiv>
                    <Unicode>Vethiide: eAdatan (Glaubst du</Unicode>
                </TextEquiv>
            </TextLine>
            <TextLine id="tr_1_tl_10" custom="readingOrder {index:9;}">
                <Coords points="788,1725 2616,1715 2616,1591 2583,1589 1890,1663 1594,1609 1481,1640 1424,1607 1342,1671 1089,1625 791,1645"/>
                <Baseline points="802,1722 892,1722 983,1722 1074,1721 1165,1719 1256,1716 1347,1714 1438,1713 1529,1711 1620,1710 1711,1708 1801,1707 1892,1707 1983,1704 2074,1702 2165,1698 2256,1698 2347,1695 2438,1695 2529,1695 2620,1698"/>
                <TextEquiv>
                    <Unicode>wirklich, das ich es mir so gedacht habe - ich</Unicode>
                </TextEquiv>
            </TextLine>
            <TextLine id="tr_1_tl_11" custom="readingOrder {index:10;}">
                <Coords points="780,1854 1357,1885 1512,1846 2281,1875 2675,1841 2675,1751 2449,1697 2011,1759 1635,1723 1393,1777 986,1730 780,1769"/>
                <Baseline points="794,1853 888,1853 982,1853 1077,1853 1171,1849 1266,1847 1360,1844 1455,1841 1549,1839 1644,1838 1738,1838 1832,1835 1927,1832 2021,1831 2116,1829 2210,1829 2305,1827 2399,1826 2494,1824 2588,1826 2683,1817"/>
                <TextEquiv>
                    <Unicode>denke nur, dase du doch nicht dein Leben lang ale</Unicode>
                </TextEquiv>
            </TextLine>
            <TextLine id="tr_1_tl_12" custom="readingOrder {index:11;}">
                <Coords points="778,1985 1079,2032 1151,1988 1339,2019 1432,1980 1893,2001 2055,1967 2379,2011 2382,1857 1784,1867 1681,1913 1550,1867 1125,1900 930,1862 780,1900"/>
                <Baseline points="791,1976 870,1980 950,1985 1030,1982 1110,1981 1190,1978 1269,1970 1349,1972 1429,1973 1509,1973 1589,1973 1668,1967 1748,1967 1828,1967 1908,1966 1988,1961 2067,1961 2147,1961 2227,1961 2307,1961 2387,1961"/>
                <TextEquiv>
                    <Unicode>Reuiger, als Verbrecher herumgehen wiret.)</Unicode>
                </TextEquiv>
            </TextLine>
            <TextLine id="tr_1_tl_13" custom="readingOrder {index:12;}">
                <Coords points="791,2130 989,2166 1105,2117 1195,2153 1370,2109 1957,2135 2114,2088 2565,2124 2650,2104 2652,1988 2333,1988 2114,2057 1882,1998 1535,2052 1275,1983 894,2068 793,2009"/>
                <Baseline points="805,2110 897,2113 990,2110 1083,2107 1175,2107 1268,2104 1361,2101 1453,2101 1546,2098 1639,2098 1732,2095 1824,2094 1917,2094 2010,2092 2102,2089 2195,2087 2288,2084 2380,2083 2473,2080 2566,2077 2659,2077"/>
                <TextEquiv>
                    <Unicode>Es gabe vielleicht noch etwae, wie er im Märchen</Unicode>
                </TextEquiv>
            </TextLine>
            <TextLine id="tr_1_tl_14" custom="readingOrder {index:13;}">
                <Coords points="785,2263 1738,2225 1887,2279 2588,2209 2748,2253 2748,2155 2601,2137 1754,2153 1671,2189 1491,2145 1354,2178 1267,2127 788,2145"/>
                <Baseline points="802,2241 899,2239 997,2238 1094,2238 1192,2235 1290,2235 1387,2234 1485,2230 1583,2229 1680,2223 1778,2225 1876,2225 1973,2221 2071,2220 2169,2217 2266,2214 2364,2214 2462,2211 2559,2209 2657,2209 2755,2199"/>
                <TextEquiv>
                    <Unicode>marchmal zu lesen ist - dich Proben bestehen las-</Unicode>
                </TextEquiv>
            </TextLine>
            <TextLine id="tr_1_tl_15" custom="readingOrder {index:14;}">
                <Coords points="793,2405 1818,2364 2176,2400 2603,2351 2699,2390 2701,2276 2637,2243 2433,2305 2173,2269 2109,2315 1563,2318 1450,2269 796,2315"/>
                <Baseline points="808,2382 902,2382 997,2376 1092,2373 1187,2370 1282,2369 1376,2367 1471,2367 1566,2366 1661,2364 1756,2364 1850,2361 1945,2358 2040,2355 2135,2352 2230,2350 2324,2352 2419,2347 2514,2347 2609,2349 2704,2355"/>
                <TextEquiv>
                    <Unicode>gen, ob du auch schon eines neuen Glückes würdig</Unicode>
                </TextEquiv>
            </TextLine>
            <TextLine id="tr_1_tl_16" custom="readingOrder {index:15;}">
                <Coords points="785,2542 888,2534 986,2590 1015,2588 1051,2554 1082,2565 1082,2405 1033,2402 986,2418 948,2395 868,2413 827,2441 785,2426"/>
                <Baseline points="799,2516 825,2514 851,2513 878,2513 904,2511 930,2508 957,2507 983,2508 1009,2511 1036,2513 1062,2513 1089,2516"/>
                <TextEquiv>
                    <Unicode>atet f.</Unicode>
                </TextEquiv>
            </TextLine>
            <TextLine id="tr_1_tl_17" custom="readingOrder {index:16;}">
                <Coords points="1107,2572 1148,2565 1190,2588 1460,2552 1494,2575 1571,2562 1612,2588 1617,2475 1486,2482 1429,2454 1285,2503 1218,2493 1184,2518 1115,2467"/>
                <Baseline points="1122,2558 1147,2557 1172,2555 1197,2552 1222,2549 1247,2549 1272,2549 1297,2547 1322,2545 1347,2544 1372,2542 1397,2540 1422,2540 1447,2540 1472,2538 1497,2536 1522,2535 1547,2532 1572,2529 1597,2528 1623,2528"/>
                <TextEquiv>
                    <Unicode>des ulllars</Unicode>
                </TextEquiv>
            </TextLine>
            <TextLine id="tr_1_tl_18" custom="readingOrder {index:17;}">
                <Coords points="796,2660 2178,2616 2426,2655 2763,2624 2766,2567 2500,2529 2088,2570 1849,2529 1705,2575 1169,2588 1082,2529 994,2590 798,2544"/>
                <Baseline points="811,2632 914,2636 1017,2635 1120,2632 1223,2632 1326,2629 1429,2623 1532,2622 1635,2620 1738,2620 1842,2619 1945,2617 2048,2617 2151,2613 2254,2611 2357,2612 2460,2608 2563,2608 2666,2605 2770,2605"/>
                <TextEquiv>
                    <Unicode>Oder nur warten, dass du ein anderer Mensch wiret..</Unicode>
                </TextEquiv>
            </TextLine>
            <TextLine id="tr_1_tl_19" custom="readingOrder {index:18;}">
                <Coords points="796,2773 1313,2807 1445,2758 1952,2781 2518,2727 2663,2771 2753,2740 2755,2675 2572,2639 2477,2683 2271,2626 2063,2717 1962,2652 1625,2701 1499,2668 1421,2719 1226,2668 1130,2709 1035,2657 979,2691 798,2660"/>
                <Baseline points="811,2761 908,2767 1005,2764 1103,2761 1200,2759 1297,2761 1395,2758 1492,2758 1589,2753 1687,2755 1784,2751 1881,2749 1979,2747 2076,2744 2173,2740 2271,2736 2368,2728 2465,2725 2563,2723 2660,2724 2758,2722"/>
                <TextEquiv>
                    <Unicode>Was doch völlig vergeblich wäre.. V.elle K ich</Unicode>
                </TextEquiv>
            </TextLine>
            <TextLine id="tr_1_tl_20" custom="readingOrder {index:19;}">
                <Coords points="1800,2869 1949,2848 2070,2899 2142,2853 2243,2848 2359,2915 2457,2876 2457,2750 2235,2778 2155,2817 1980,2760 1800,2763"/>
                <Baseline points="1814,2844 1846,2842 1878,2844 1911,2842 1943,2842 1976,2844 2008,2841 2040,2843 2073,2844 2105,2844 2138,2844 2170,2844 2202,2845 2235,2847 2267,2849 2300,2849 2332,2847 2364,2845 2397,2842 2429,2841 2462,2841"/>
                <TextEquiv>
                    <Unicode>it des telb</Unicode>
                </TextEquiv>
            </TextLine>
            <TextLine id="tr_1_tl_21" custom="readingOrder {index:20;}">
                <Coords points="803,2933 891,2943 1030,2907 1074,2933 1166,2899 1192,2925 1277,2938 1336,2915 1409,2948 1411,2812 1257,2807 1089,2843 989,2817 803,2835"/>
                <Baseline points="817,2886 846,2890 876,2892 906,2892 936,2892 966,2891 996,2889 1025,2889 1055,2889 1085,2889 1115,2889 1145,2889 1175,2889 1205,2887 1234,2887 1264,2889 1294,2887 1324,2886 1354,2886 1384,2888 1414,2892"/>
                <TextEquiv>
                    <Unicode>Eine Frobezeit.</Unicode>
                </TextEquiv>
            </TextLine>
            <TextLine id="tr_1_tl_22" custom="readingOrder {index:21;}">
                <Coords points="803,3064 1630,3015 1859,3057 2464,3033 2464,2943 2392,2928 1828,2961 1630,2892 1303,2974 1051,2925 806,2969"/>
                <Baseline points="820,3017 902,3020 985,3020 1067,3023 1150,3020 1232,3017 1315,3014 1397,3017 1480,3011 1562,3009 1645,3011 1728,3007 1810,3004 1893,3005 1975,2999 2058,2996 2140,2999 2223,3001 2305,2997 2388,2999 2471,2999"/>
                <TextEquiv>
                    <Unicode>Wer weisr, ob du sie bestündest - oder ich.</Unicode>
                </TextEquiv>
            </TextLine>
            <TextLine id="tr_1_tl_23" custom="readingOrder {index:22;}">
                <Coords points="806,3170 1553,3208 1669,3175 1743,3216 1808,3162 1898,3198 1998,3157 2256,3190 2518,3144 2678,3206 2827,3139 2804,3067 2663,3049 2557,3090 2160,3023 2045,3075 1908,3031 1707,3093 809,3072"/>
                <Baseline points="820,3155 920,3157 1021,3155 1121,3153 1222,3152 1323,3149 1423,3146 1524,3145 1624,3143 1725,3143 1826,3138 1926,3139 2027,3137 2127,3139 2228,3134 2329,3134 2429,3137 2530,3131 2630,3131 2731,3134 2832,3131"/>
                <TextEquiv>
                    <Unicode>le konzte dir in Laufe der nächeten Jahrer wieder</Unicode>
                </TextEquiv>
            </TextLine>
            <TextEquiv>
                <Unicode></Unicode>
            </TextEquiv>
        </TextRegion>
    </Page>
</PcGts>
