3080 3528
2392 345 2551 489 141
805 477 2529 668 In zehn Jahren vielleicht. Wenn ich einmal
832 596 2607 801 Witwe bin oder geschledene Frau.Aber der ist
837 747 2679 952 nichte für relativ anständige Mädchén wie wir.
832 861 2628 1087 Parden, relativ bezieht siehnatürlich nur auf
854 1097 1083 1191 mich.
858 1116 2657 1362 Mathilde: Mach dich doch nicht schlechter als
875 1341 1198 1473 zu bist.
866 1386 2749 1623 Helens: Oder besser,Uebrigens ist Richard nicht
885 1611 1220 1714 zuhause.
880 1654 2573 1833 Mathilde: Ich habe nicht nach ihm gefragt.
897 1823 2018 1958 Helene: Mit den Augen eclon-
1314 1924 1459 2009 die
895 1910 2650 2117 Mathilde: Du weiest noch imner nichtder es
914 2122 1095 2233 15t8
904 2170 2643 2394 Helenei Nicht die leiseste Ahnung. Aber das
916 2271 2855 2488 KatktIxexxKhsrxxETxdekxxLxxxxxEKELxx
928 2435 2556 2614 Eine ist sicher,se währt nicht mehr lang.
926 2556 2496 2730 Kathilde: Woher weiset du dae so genauf
938 2676 2701 2903 deiene: Ich kenn ihn doch. Ich hab es inner
928 2812 2833 3014 vor ihm gewusst, wenn etwas zu Ende ging. Denke
948 2947 2840 3130 doch, dass ich imner auch ein wenig seine Mutter
