3096 3496
2545 292 2676 411 54
1875 338 2303 441 eini siie
774 393 2709 532 Er fürchtet, dass du am Ende deinen Schwur halten
1129 499 1676 575 bemi letina
1701 499 1993 585 tehretx
2092 519 2301 590 Ich woll
703 524 2611 698 konntest. Er bat mich sogar zu telegraphieren, ob
708 685 1991 764 du dich noch im Leben befindest.
703 786 2699 958 Franzi: Und das erzählst du mir mit der ernstosten
690 917 2331 1058 Miene von der Melt. Bist du toll oder er?
1142 1011 2155 1086 Warinder Stuntirellentant
685 1061 2691 1220 Richard: Weder er noch ich. Hast du ihm etwe nicht
703 1189 1154 1308 geschworen?
696 1318 1184 1424 Franzi: Was?
683 1436 2565 1550 Ficherd: Dass du dich umbringen wirst an seinem
688 1580 2553 1711 Hochzeitstog oderin seiner Hochzeitenucht,-ich
688 1711 2712 1857 weis- es nicht gensu. In letzterem Falle wäre übri-
685 1797 2608 1961 gens noch zeit.. Millit d 1. unf iells hle
680 1956 2311 2132 Frenzi: Du bist wieder einmal wehnsinnig.
1031 2046 1313 2129 obrliret
665 2099 2190 2225 Richard: Du hest ihm doch geschworen..
673 2230 2112 2349 Frenzi: Was. schwört men nacht alles.
1625 2318 1877 2402 stinde
2228 2296 2775 2444 de titerani
660 2318 2175 2475 Eichard: In gewiscen Aygenhlicken. J.
1368 2434 1746 2520 Jenst
1877 2429 2775 2563 rlibeut ob demen hen
665 2485 2447 2638 Franzi: (ruhig) Und was hast du ihm erwigert?
1870 2573 2137 2651 reb |
2276 2580 2502 2669 natarli
658 2616 2621 2792 Richard: (zuckt die Acheeln) Ich habe es sabgelehnt.
1638 2704 2291 2838 I. Am ittelle in
670 2734 1590 2901 ihm zu telegraphieren.
1583 2812 1784 2921 wohl
655 2853 2659 3032 Franzi: Du hättest ihm uk etwas anderes erwidern
663 2976 2417 3200 konnen, Edae Richtige, sehr einfaelfgeride du.
