3128 3576
2497 297 2695 437 sa
1449 460 1978 659 Tertes Pild.
1986 503 2309 694 Reciten
709 636 1828 735 Eine Bühne im Probenaustand.
1932 653 2695 834 Rehrenthesters (wie
702 692 1902 829 Der herabgelassene Vorhang der
712 801 2667 941 es auch weiterhin genannt wird. um Verwechslungen
702 933 2700 1121 vorzubengen) bildet vorläufig den Hintergrund.Der
702 1022 2687 1203 Zuschauerraun des Sühkentheaters, der später sicht-
712 1185 1965 1312 Der wird, ist rückwarts gedacht.
1968 1246 2321 1363 si sohe
704 1304 2629 1454 Rechte steht die Dekoratioh: eine Seitenwand mit
727 1442 2715 1584 Eingangstür, an der Wand ein. Schrank.Zinke ist die
720 1592 2629 1716 Dekoration unvollständig. xk Einige Coulissen,
829 1686 1401 1767 misite eecie
727 1703 2726 1846 hier siett men auch Bühnenarbeiter, von Vell efell
727 1798 2464 2021 den Inspizienten, Schauspieler stw. biwrge
2502 1841 2680 1988 ven
1948 1920 2461 2019 na Necoreler
730 1963 2672 2136 In der Witie der Bühne steht sein Schreibtiach mit
732 2090 2776 2227 Sesselsdavor und ein zweiter dessel. Auf dem Schreib
745 2199 2787 2362 tisch einsse Paptere und Bücher- Kindruck des Nicht-
735 2390 1228 2499 definitiven.
1383 2436 2248 2545 der Kinlenem, ato sam
727 2466 2700 2616 nehe n Vorhang des Bühnenthesters der Registisch
730 2634 2634 2759 mit Lampe Der Regieceur Löblein oftet deren In
747 2766 2733 2883 Souffleurkasten des Bühnentheatere die Souffleuse,
730 2855 2662 3048 die fhr besicht also den Pablitum augenandt hat.
750 3010 2596 3201 creger gehtent der Bühne hin und her,stohtlich
