3080 3544
534 251 851 437 2.7.1828.
867 483 2689 638 Zuguig: (rasch nach ruckwarts, Richard sieht ihm
863 621 1696 754 stnas befrandet nacht
870 756 2764 880 Antoinette: (die beide beobachtet hat,tritt rasch
858 853 2798 1015 zu Richard) Was habt: denn Ihr Zwei? Geheimnisse?
855 957 2786 1169 Richard: Nicht im geringsten. (Er will mieh noch e-
1380 1082 1829 1165 in s ert. et
870 1121 2706 1281 einen Mament sprecken. (Ich vertrete ihn ja wäh-
846 1240 2392 1372 rend seiner Abwegenheit.(kleine Peusel.)
1300 1327 2704 1430 deritel er naltheate feit sel urlend
848 1382 2721 1554 Antoinette: Wollen Sie mir etwas verspreclen, Ri-
851 1496 1104 1616 chard?
843 1585 1288 1764 Hscherd: -7
838 1757 2460 1914 Antoinette: Daes Sie sein Freund bleiben.
1363 1851 1520 1921 micht
829 1858 2612 2049 Riohard: Des setl ich Ihnererzt versprechen?
841 2010 2556 2179 Wir sind Freunde seit unserer Gymnasialzeit.
826 2131 2687 2293 Antoinette: Es kommt vor, dass Freundschaften in
822 2298 2755 2411 die Brüche gehen, wenn einer der Freunde helratet.
817 2385 2520 2554 weist ist allerdings die Frau daren Schuld.
1416 2496 1742 2583 ulimet
802 2515 2670 2704 Richerd: (konvereettonefl) Dann birge es sa nur
814 2675 1861 2808 von Ihnen ab, gnädige Frau.
817 2779 2525 2957 antoinetre: Sie sollen mir doch Antoinette
800 2928 1073 3073 gegen.
802 3035 1921 3252 Froberd: (etobto Vernotgangl
