3080 3528
2467 357 2730 487 34 a
769 473 2515 689 nicht, wie sich jetzt die beiden Frauen - die
763 592 2515 822 Mutrer mit ihrer winzigen Pension, und Franzi
769 763 2645 913 mit ihrer lücherlichen. Gage -freilich, das Mä-
775 882 2534 1065 del ist eine Kunstlerin in dieser Beziehung-
777 979 2680 1234 vielleicht noch mehr in dieser Beziehung wie aie
780 1178 1402 1328 Schauspielerin.
1679 1201 1815 1317 dsr
777 1209 2728 1466 Richard: Nicht nett von Er so über sie zu reden.
780 1364 2697 1582 Indnig: Es war ein Scherzfastärlich ich bin genz
797 1505 2656 1732 überzeugt von ihrem Talent. Schade, dass sich
797 1690 1746 1856 Hanburg zerschlagen hat.
783 1765 2653 1975 Eschardt Wird retleicht für die nächste Setson
479 1876 2703 2119 Urtot nes gederes und vernores konnen Methasterl saben
404 2019 827 2160 Ats. csient
860 1989 2788 2216 gefersten iuher wendget- Ir begralte überhaupt
407 2130 835 2246 ansusbreitist.
805 2174 1928 2360 eort eea seteltet it
420 2210 725 2324 (Aatin.).
387 2310 730 2484 Ahthen
799 2285 2263 2498 ladnige Bente ver mein Rachrettstagf
2025 2398 2741 2567 echen ihr rotikon-
805 2420 1870 2633 Ricterd. Hor a Ust Adt
2144 2528 2614 2703 Tchertich
813 2550 1928 2750 ner tr anten geschleden seld
2091 2647 2581 2858 Dorter
882 2678 1934 2885 eretoet Mont ote
811 2819 2600 3024 Quentgi De Frandz sind genchnalssehr Ofzerr.
1959 2907 2669 2993 leut des neh Kotgeree
1533 2938 2692 3120 Aert z Lihbsrastertet
846 2976 1427 3126 dalter nicht e
830 3037 2567 3289 ader wöglige die konnte treuget eidstelbes
