3112 3576
776 570 2772 805 Intendant: Nun, hat sich Fräulein Roreda zum Tele-
784 718 1236 865 fon bemüht?
781 826 1941 1006 Diener: Jewohl, Herr Direktor.
786 961 2249 1173 Intenandt: (Hun Ma- hat sie geäussert?
779 1113 2756 1322 Diener: (zögert, dann sagt er dem Direktor etwas ins
745 1238 946 1377 Ohrl.
763 1385 2861 1568 Intendent: (ruckt unmillkürlich zusannen) Unverschantt
758 1497 2858 1654 Dregulein: (der das Ganze beobachtet hat )Werr Inten-
763 1654 2686 1831 dant müssen ja auf den Vorschlag nicht eingehen.-
750 1748 2725 1965 Intendanti (vernichtender Blickt, zum Dienerl Dänke.
745 1905 2696 2103 lspricht mit Loblein, zu den Schauspielern) Meiter
739 2027 1267 2153 meine Herren!
737 2129 2754 2370 Agetumdt (Gregor und Dögelmann hatten in-
734 2304 2727 2508 dess meiter probiert, unterbrochen und fahren jetzt
729 2419 935 2568 Fortl
721 2526 2631 2738 dogezmann: (1.d. R.1 Ein bischen angenagt sind sie
716 2678 925 2840 alle.
2174 2788 2545 2879 rausen
708 2769 2657 2965 Gregor: 11.d. R.) Men urteilt vielleicht(allzu sehr
705 2931 2153 3127 (nach der Schabtone (ingvielen rIIEr.
687 3036 2652 3271 Kerl Vernilhat sich erhoben, imm Tatendentent Nerr
692 3190 2644 3362 Intendent, darf ich um freundliches Gehört bitten?
