3128 3560
794 432 2704 618 Dögelmann: (in der Kolle) Aber mein lieber Fedor.
1965 569 2228 654 Gregor
796 589 2800 776 mei unserer alten Freundschaft. (nimmt einer seine-
807 719 2875 915 Eigarettentasche, bietet Wgelmann eine Zigarette en:
788 863 1541 1018 alles nur markiert!
791 967 2696 1171 Ebgelmann :lebenso die Zigerötte nehmend) Danke.
794 1106 1603 1238 Gute Marke. Kyriezi-
773 1228 2854 1432 Löblein: Bitte, dichten Sie doch nicht, Herr Lögelmand
1458 1331 1685 1437 Muli Ia
778 1373 1352 1523 weiter, weiter!
778 1492 2639 1683 Stimne: (ganz rückwärt-, also hinter dem Vorhangl
778 1636 1285 1768 Vorhang auf!
768 1750 1944 1923 Löblein: Weiter, meine Herren!
830 1895 2037 2029 timnex(wie vorhin) Vorhang aufl
2352 1957 2665 2089 de Rennn
770 2006 2730 2210 (Vorhang rollt langean auf, der Zuschauerraun wird
763 2184 2776 2288 sichtbar, ganz im Dunkeln. Der Intendent steht vor,
750 2285 2828 2461 natie der Bühnenräupe, man sicht also nur seinen Kopf.
752 2425 2647 2577 vornehm aussehender Altedet Herr mit Monoclel-
747 2541 2779 2714 Intendant: Nicht stören lasten, meine Herren. (Man
744 2650 2787 2844 begrüget ihnl (en Lebleinl wie konnt es, dass Sie bei
744 2828 2787 3017 geschlostenen Vorhang probierent (zu den Schauspie-
729 2937 2009 3102 derpl Bitte weiter, meine Ferren!
739 3050 2807 3244 osgelmennelin der Kollel meiset du, dass ich ein hel-
