3048 3528
792 527 1591 698 Richerd: Fermutlich.
794 659 2623 843 Kari Bern: Ich würde mich freuen wieder einmal-
794 784 2803 978 eine Partie Billard mit Ihnen zu spielen oder lie-
794 932 2768 1080 ber noch Schach - eine Hitternachtspartie.- Früher
800 1041 2658 1217 ist doch kaum auf Sie zu rechnen,Herr Poktorl
1456 1166 1933 1243 T. Mects auf Si¬
797 1184 2261 1367 Richard: Es ist ja auch Ihre Stunde.-
797 1260 2661 1479 Karl Bern: Ja, das fügt sich(so, nicht wehr! Aiso
800 1454 2174 1602 auf Wiedersehen hoffentlich! (gehtl
792 1530 2676 1701 Richard: (tritt jetzt wieder zu Gradel und Ruttel
797 1719 2768 1838 Asidon(zu Frau Eiderhof) Also, auch Sie lassen micht
797 1821 2661 1994 allein, gnädige Frau? Adieu. (küert ihr die Hand
794 1978 1625 2124 und seufzt ein wenigt
792 2093 1877 2243 Fr. Elderhof: Melancholiech?
830 2231 2075 2386 Eidon: Die werden das begreifen.
797 2350 2506 2498 Fr.Elderhof: Sie muesten doch gefasst sein.
802 2447 2704 2663 sidon: Uen wirdssein leben eben ein wenig anders
792 2612 1518 2763 eirrichten müssen.
797 2691 2844 2893 Pr. Eiderhof: Das ist nicht so schlimn. Ich riehte nif
792 2837 2811 3033 mein leben fast alle soht Tage andere ein und fühle
787 2943 1594 3056 mich sehr wohl dabei
