3144 3528
2440 500 2688 607 267 a
826 597 1655 717 Richard: Mein Brief?
826 691 2874 895 karl dern: Merken Sie nicht, wiesif gelösf ist? Man
834 870 2864 1030 konnte geredezu sagen befreit. Ja, wie eine Befreite
836 987 1293 1119 spielt sie.
834 1099 2277 1229 Richard: Befreit von mir, denken Siet
816 1242 2808 1390 Karl Bern: Sie sollen das nicht persönlich nehmen.
819 1377 2818 1510 Das Wesentliche scheint mir, dass ein Druck von ihr
826 1517 2774 1652 genommen ist. Sie ist ja eine ganz Andere. Es ist
2030 1612 2405 1688 be gkankeln
824 1660 2813 1759 interessant so etwas einmal zu erleben. Jetzt eret
821 1757 2741 1907 wird sie werden,was sie ist. Würed es rraktisch
808 1884 2698 2040 mögl ich, so würde ich ihr noch jetzt ein anderes
808 2025 2713 2175 Schlussvart geben - ein eierhaftes, gröeseres ...
806 2132 2374 2303 Auf Wiedersehenl Ee hat schon begonnen.
