<?xml version="1.0" encoding="UTF-8" standalone="yes"?>
<PcGts xmlns="http://schema.primaresearch.org/PAGE/gts/pagecontent/2013-07-15" xmlns:xsi="http://www.w3.org/2001/XMLSchema-instance" xsi:schemaLocation="http://schema.primaresearch.org/PAGE/gts/pagecontent/2013-07-15 http://schema.primaresearch.org/PAGE/gts/pagecontent/2013-07-15/pagecontent.xsd">
    <Metadata>
        <Creator>prov=READ-COOP:name=PyLaia@TranskribusPlatform:version=2.7.0:model_id=50870:lm=none:date=22_01_2024_15:39</Creator>
        <Created>2023-09-27T14:32:13.731+02:00</Created>
        <LastChange>2024-01-22T15:39:27.102+01:00</LastChange>
        <TranskribusMetadata docId="1589027" pageId="60121718" pageNr="15" tsid="145620629" status="IN_PROGRESS" userId="40391" imgUrl="https://files.transkribus.eu/Get?id=OSMTRESWDAQXYBUKUAOIMHTE&amp;fileType=view" xmlUrl="https://files.transkribus.eu/Get?id=FWILIHGBMSBALDTKBNYVOMQC" imageId="48546797"/>
    </Metadata>
    <Page imageFilename="1589027_0015.jpg" imageWidth="3080" imageHeight="3480">
        <ReadingOrder>
            <OrderedGroup id="ro_1711795838693" caption="Regions reading order">
                <RegionRefIndexed index="0" regionRef="tr_1"/>
            </OrderedGroup>
        </ReadingOrder>
        <TextRegion orientation="0.0" id="tr_1" custom="readingOrder {index:0;}">
            <Coords points="743,410 743,3149 2871,3149 2871,410"/>
            <TextLine id="tr_1_tl_1" custom="readingOrder {index:0;}">
                <Coords points="2392,466 2411,466 2424,476 2445,463 2474,476 2522,474 2522,331 2485,320 2453,288 2440,288 2416,307 2392,304"/>
                <Baseline points="2408,453 2437,450 2467,452 2497,452 2527,450"/>
                <TextEquiv>
                    <Unicode>22</Unicode>
                </TextEquiv>
            </TextLine>
            <TextLine id="tr_1_tl_2" custom="readingOrder {index:1;}">
                <Coords points="1339,550 1426,545 1495,490 1641,479 1829,545 2133,548 2130,408 1733,405 1657,455 1569,455 1485,405 1336,421"/>
                <Baseline points="1354,495 1393,498 1432,494 1471,490 1511,488 1550,485 1589,484 1628,487 1668,492 1707,495 1746,488 1785,488 1825,491 1864,493 1903,495 1942,495 1982,495 2021,495 2060,497 2099,500 2139,495"/>
                <TextEquiv>
                    <Unicode>srt en . Ich kin se</Unicode>
                </TextEquiv>
            </TextLine>
            <TextLine id="tr_1_tl_3" custom="readingOrder {index:2;}">
                <Coords points="765,638 1096,651 1371,598 1617,638 2697,617 2697,540 2517,524 1429,548 1207,484 1053,545 871,550 765,511"/>
                <Baseline points="778,596 874,593 970,596 1066,595 1163,593 1259,592 1355,593 1452,590 1548,596 1644,593 1741,592 1837,590 1933,590 2029,590 2126,590 2222,590 2318,589 2415,587 2511,587 2607,587 2704,587"/>
                <TextEquiv>
                    <Unicode>Richard: Ich konnte gleich mit dir gehen, Helene.</Unicode>
                </TextEquiv>
            </TextLine>
            <TextLine id="tr_1_tl_4" custom="readingOrder {index:3;}">
                <Coords points="752,778 1720,773 1815,738 2048,773 2326,725 2403,762 2707,757 2710,643 2546,638 2495,595 2329,648 1934,606 1381,643 1268,603 1029,654 754,643"/>
                <Baseline points="770,725 867,725 964,728 1061,725 1159,722 1256,722 1353,723 1450,722 1548,725 1645,728 1742,724 1839,722 1937,720 2034,719 2131,719 2228,719 2326,716 2423,716 2520,718 2617,716 2715,719"/>
                <TextEquiv>
                    <Unicode>Helene: Wir wäre es Aegeneiten lieber du bllebest</Unicode>
                </TextEquiv>
            </TextLine>
            <TextLine id="tr_1_tl_5" custom="readingOrder {index:4;}">
                <Coords points="749,876 1297,865 1492,934 1704,852 2366,889 2366,730 2051,773 1064,762 958,820 749,786"/>
                <Baseline points="764,853 844,853 924,853 1005,853 1085,853 1166,853 1246,853 1326,854 1407,851 1487,855 1568,850 1648,850 1728,849 1809,850 1889,850 1970,850 2050,850 2130,850 2211,849 2291,851 2372,850"/>
                <TextEquiv>
                    <Unicode>noch ein wenig. fschon wegen Mathilde.)</Unicode>
                </TextEquiv>
            </TextLine>
            <TextLine id="tr_1_tl_6" custom="readingOrder {index:5;}">
                <Coords points="752,1043 2514,992 2514,913 2289,942 2188,886 2104,918 1850,863 1567,886 1500,934 1297,868 1223,913 1069,873 754,921"/>
                <Baseline points="770,969 856,980 944,981 1031,981 1119,979 1207,981 1294,980 1382,980 1469,980 1557,981 1645,977 1732,976 1820,977 1907,975 1995,978 2083,977 2170,975 2258,972 2345,966 2433,969 2521,966"/>
                <TextEquiv>
                    <Unicode>Richard: (etwas abgernd) Menn du meinst ---</Unicode>
                </TextEquiv>
            </TextLine>
            <TextLine id="tr_1_tl_7" custom="readingOrder {index:6;}">
                <Coords points="767,1125 1794,1119 1897,1162 2035,1122 2257,1164 2474,1135 2474,1003 1786,1032 1715,995 1360,1066 1133,1016 767,1040"/>
                <Baseline points="781,1077 843,1113 929,1110 1015,1110 1101,1107 1187,1107 1273,1110 1360,1107 1446,1106 1532,1107 1618,1107 1704,1108 1790,1109 1876,1105 1963,1104 2049,1107 2135,1104 2221,1107 2307,1104 2393,1104 2480,1101"/>
                <TextEquiv>
                    <Unicode>Helens: Freilich meine ich.) Es ist wirklich</Unicode>
                </TextEquiv>
            </TextLine>
            <TextLine id="tr_1_tl_8" custom="readingOrder {index:7;}">
                <Coords points="855,1193 1019,1178 1127,1199 1178,1178 1212,1196 1294,1178 1416,1193 1416,1133 1400,1130 1286,1119 1223,1146 1180,1114 1130,1138 1066,1103 1016,1125 857,1119"/>
                <Baseline points="871,1184 898,1183 926,1181 953,1181 981,1180 1009,1176 1036,1176 1064,1178 1091,1178 1119,1177 1147,1173 1174,1172 1202,1172 1229,1174 1257,1174 1285,1172 1312,1172 1340,1171 1367,1168 1395,1166 1423,1166"/>
                <TextEquiv>
                    <Unicode>mitt wit der</Unicode>
                </TextEquiv>
            </TextLine>
            <TextLine id="tr_1_tl_9" custom="readingOrder {index:8;}">
                <Coords points="1633,1193 1696,1191 1712,1180 1736,1188 1760,1175 1773,1186 1794,1172 1805,1186 1821,1186 1826,1122 1794,1114 1765,1133 1747,1133 1725,1151 1702,1133 1664,1141 1635,1127"/>
                <Baseline points="1647,1184 1673,1182 1699,1181 1725,1179 1751,1177 1777,1175 1803,1174 1829,1172"/>
                <TextEquiv>
                    <Unicode>malle</Unicode>
                </TextEquiv>
            </TextLine>
            <TextLine id="tr_1_tl_10" custom="readingOrder {index:9;}">
                <Coords points="754,1252 847,1291 1437,1238 2421,1254 2421,1151 2273,1167 2186,1122 2056,1180 1844,1138 1781,1183 1638,1196 1559,1148 1447,1199 892,1201 754,1143"/>
                <Baseline points="770,1244 857,1241 944,1236 1031,1235 1119,1234 1206,1238 1293,1238 1381,1238 1468,1234 1555,1232 1643,1235 1730,1232 1817,1232 1905,1232 1992,1232 2079,1232 2167,1232 2254,1232 2341,1232 2429,1232"/>
                <TextEquiv>
                    <Unicode>etne ehende, wie au das Müddi behandelst.</Unicode>
                </TextEquiv>
            </TextLine>
            <TextLine id="tr_1_tl_11" custom="readingOrder {index:10;}">
                <Coords points="1440,1307 1683,1302 1760,1326 1855,1307 1953,1315 1953,1238 1874,1241 1826,1270 1770,1244 1702,1260 1567,1241 1522,1265 1440,1244"/>
                <Baseline points="1453,1298 1478,1298 1503,1298 1529,1298 1554,1298 1579,1298 1605,1298 1630,1298 1655,1298 1681,1298 1706,1299 1731,1301 1757,1302 1782,1304 1807,1302 1833,1301 1858,1301 1883,1300 1909,1298 1934,1296 1960,1292"/>
                <TextEquiv>
                    <Unicode>Wiin nicht relot</Unicode>
                </TextEquiv>
            </TextLine>
            <TextLine id="tr_1_tl_12" custom="readingOrder {index:11;}">
                <Coords points="754,1408 2662,1392 2662,1297 2580,1286 1739,1323 754,1254"/>
                <Baseline points="770,1363 864,1366 959,1369 1054,1369 1149,1367 1244,1369 1339,1369 1434,1366 1529,1366 1624,1366 1719,1366 1813,1366 1908,1366 2003,1363 2098,1363 2193,1362 2288,1363 2383,1363 2478,1360 2573,1363 2668,1363"/>
                <TextEquiv>
                    <Unicode>Richard:/ Ich versteh dich MrtIchnicht, Helene.</Unicode>
                </TextEquiv>
            </TextLine>
            <TextLine id="tr_1_tl_13" custom="readingOrder {index:12;}">
                <Coords points="759,1537 1424,1537 1593,1577 1855,1524 2363,1532 2622,1503 2625,1405 1934,1392 1731,1440 1559,1381 1191,1447 762,1410"/>
                <Baseline points="775,1495 867,1498 960,1501 1053,1500 1145,1495 1238,1498 1331,1495 1423,1495 1516,1498 1609,1496 1702,1494 1794,1494 1887,1493 1980,1495 2072,1495 2165,1493 2258,1494 2350,1495 2443,1492 2536,1489 2629,1483"/>
                <TextEquiv>
                    <Unicode>Helene: (nicht zu scharf) Du verstehet mich sehr</Unicode>
                </TextEquiv>
            </TextLine>
            <TextLine id="tr_1_tl_14" custom="readingOrder {index:13;}">
                <Coords points="2456,1582 2517,1551 2562,1561 2580,1580 2599,1567 2625,1582 2686,1572 2683,1503 2659,1506 2644,1495 2622,1508 2588,1508 2580,1500 2546,1516 2490,1503 2453,1516"/>
                <Baseline points="2468,1546 2496,1546 2524,1547 2552,1550 2580,1551 2608,1551 2636,1551 2664,1552 2692,1554"/>
                <TextEquiv>
                    <Unicode>gertiht</Unicode>
                </TextEquiv>
            </TextLine>
            <TextLine id="tr_1_tl_15" custom="readingOrder {index:14;}">
                <Coords points="759,1659 955,1651 1048,1702 1191,1654 1384,1696 1874,1667 2016,1712 2170,1667 2702,1680 2702,1561 2458,1593 2326,1545 1950,1582 759,1537"/>
                <Baseline points="773,1641 869,1635 966,1632 1062,1628 1159,1626 1256,1627 1352,1626 1449,1626 1546,1626 1642,1624 1739,1625 1836,1625 1932,1624 2029,1626 2126,1623 2222,1623 2319,1624 2416,1623 2512,1623 2609,1625 2706,1626"/>
                <TextEquiv>
                    <Unicode>gut..((Ich möchte überhaupt mit dir ein Mal. (reden.</Unicode>
                </TextEquiv>
            </TextLine>
            <TextLine id="tr_1_tl_16" custom="readingOrder {index:15;}">
                <Coords points="759,1807 1784,1760 1784,1725 1683,1678 1588,1672 759,1699"/>
                <Baseline points="773,1757 823,1757 874,1757 925,1757 976,1757 1027,1757 1078,1755 1128,1754 1179,1757 1230,1756 1281,1755 1332,1756 1383,1756 1434,1755 1484,1754 1535,1757 1586,1756 1637,1754 1688,1755 1739,1757 1790,1757"/>
                <TextEquiv>
                    <Unicode>Richard:(lächelnd) Bitte.</Unicode>
                </TextEquiv>
            </TextLine>
            <TextLine id="tr_1_tl_17" custom="readingOrder {index:16;}">
                <Coords points="1426,1836 1447,1831 1461,1836 1469,1829 1482,1839 1487,1834 1516,1839 1548,1826 1601,1836 1606,1770 1588,1773 1556,1762 1548,1768 1535,1762 1524,1770 1503,1757 1492,1768 1490,1762 1447,1776 1429,1773"/>
                <Baseline points="1441,1826 1469,1824 1497,1823 1526,1822 1554,1819 1582,1817 1611,1817"/>
                <TextEquiv>
                    <Unicode>ade</Unicode>
                </TextEquiv>
            </TextLine>
            <TextLine id="tr_1_tl_18" custom="readingOrder {index:17;}">
                <Coords points="754,1921 1146,1924 1252,1884 1315,1929 2855,1905 2855,1836 2805,1810 2593,1784 1863,1784 1384,1860 1212,1799 754,1813"/>
                <Baseline points="770,1880 874,1887 978,1886 1083,1886 1187,1886 1292,1883 1396,1883 1501,1886 1605,1886 1710,1883 1814,1885 1918,1883 2023,1883 2127,1882 2232,1880 2336,1880 2441,1882 2545,1880 2650,1883 2754,1883 2859,1880"/>
                <TextEquiv>
                    <Unicode>Helene: Aber an hast ja nie Zeit. Kommst du vielleich</Unicode>
                </TextEquiv>
            </TextLine>
            <TextLine id="tr_1_tl_19" custom="readingOrder {index:18;}">
                <Coords points="754,2030 900,2064 1125,2030 1223,2088 1373,2011 1485,2048 2376,2011 2585,2067 2702,2035 2675,1903 1315,1929 1254,1884 1133,1926 754,1921"/>
                <Baseline points="770,2014 872,2017 974,2014 1076,2014 1178,2017 1280,2014 1382,2011 1484,2012 1586,2011 1688,2011 1790,2011 1892,2013 1994,2011 2096,2011 2198,2009 2300,2008 2402,2011 2504,2009 2606,2011 2709,2008"/>
                <TextEquiv>
                    <Unicode>heute Abend zum Nachtmanl) nach Hause? Ee ist auch</Unicode>
                </TextEquiv>
            </TextLine>
            <TextLine id="tr_1_tl_20" custom="readingOrder {index:19;}">
                <Coords points="1320,2091 1461,2072 1498,2098 1773,2069 1881,2098 1881,2027 1842,2016 1807,2032 1744,2019 1715,2048 1680,2022 1635,2040 1601,2019 1485,2048 1387,2011 1320,2038"/>
                <Baseline points="1334,2068 1361,2066 1389,2066 1417,2068 1445,2067 1472,2065 1500,2067 1528,2069 1556,2071 1583,2071 1611,2071 1639,2071 1667,2070 1694,2068 1722,2068 1750,2067 1778,2065 1805,2067 1833,2068 1861,2068 1889,2068"/>
                <TextEquiv>
                    <Unicode>War jtle n wol sah</Unicode>
                </TextEquiv>
            </TextLine>
            <TextLine id="tr_1_tl_21" custom="readingOrder {index:20;}">
                <Coords points="765,2175 1355,2146 1604,2225 1932,2186 2278,2220 2562,2138 2789,2188 2789,2038 2731,2016 2588,2064 2006,2027 1897,2098 1442,2069 1159,2101 765,2051"/>
                <Baseline points="778,2148 878,2145 979,2147 1080,2144 1181,2142 1282,2142 1383,2142 1484,2142 1585,2139 1686,2141 1787,2140 1887,2142 1988,2139 2089,2142 2190,2141 2291,2143 2392,2142 2493,2141 2594,2137 2695,2141 2796,2139"/>
                <TextEquiv>
                    <Unicode>wegen Papu. Er kränkt gich-gerederu. (freilich menn</Unicode>
                </TextEquiv>
            </TextLine>
            <TextLine id="tr_1_tl_22" custom="readingOrder {index:21;}">
                <Coords points="754,2305 1003,2326 1246,2284 1495,2355 1601,2292 2715,2313 2715,2220 2572,2170 2347,2218 2051,2188 1659,2223 754,2178"/>
                <Baseline points="770,2271 867,2272 965,2276 1062,2276 1160,2274 1257,2271 1355,2274 1452,2277 1550,2271 1647,2273 1745,2274 1843,2271 1940,2271 2038,2269 2135,2274 2233,2272 2330,2271 2428,2271 2525,2271 2623,2269 2721,2271"/>
                <TextEquiv>
                    <Unicode>au wieder mit einem (besicht bei Fische sitzet, (wie</Unicode>
                </TextEquiv>
            </TextLine>
            <TextLine id="tr_1_tl_23" custom="readingOrder {index:22;}">
                <Coords points="765,2440 961,2450 1008,2429 1106,2487 1111,2297 1016,2323 955,2313 926,2326 897,2302 844,2321 804,2300 770,2310"/>
                <Baseline points="778,2411 803,2411 829,2409 855,2407 881,2406 906,2405 932,2405 958,2405 984,2405 1009,2403 1035,2402 1061,2402 1087,2401 1113,2399"/>
                <TextEquiv>
                    <Unicode>gestem.</Unicode>
                </TextEquiv>
            </TextLine>
            <TextLine id="tr_1_tl_24" custom="readingOrder {index:23;}">
                <Coords points="746,2575 1077,2604 1167,2554 1474,2538 1617,2583 1929,2535 2043,2580 2210,2538 2294,2575 2419,2543 2808,2567 2808,2419 2429,2464 2278,2424 1966,2482 1654,2442 1262,2493 1135,2424 842,2466 746,2427"/>
                <Baseline points="761,2533 863,2531 966,2533 1068,2533 1171,2533 1273,2530 1376,2530 1478,2530 1581,2528 1683,2530 1786,2530 1888,2527 1991,2529 2093,2525 2196,2527 2298,2528 2401,2527 2503,2527 2606,2527 2708,2528 2811,2533"/>
                <TextEquiv>
                    <Unicode>Richard: (Sag einmal, meine liebe Schwester, denket du)</Unicode>
                </TextEquiv>
            </TextLine>
            <TextLine id="tr_1_tl_25" custom="readingOrder {index:24;}">
                <Coords points="1138,2614 1236,2601 1294,2620 1363,2604 1379,2614 1403,2599 1437,2620 1466,2601 1524,2609 1524,2556 1482,2540 1418,2559 1350,2540 1297,2546 1262,2572 1188,2556 1138,2562"/>
                <Baseline points="1152,2593 1177,2596 1202,2599 1227,2597 1253,2595 1278,2594 1303,2593 1328,2593 1354,2593 1379,2593 1404,2591 1429,2591 1455,2592 1480,2593 1505,2593 1531,2593"/>
                <TextEquiv>
                    <Unicode>ih ergen</Unicode>
                </TextEquiv>
            </TextLine>
            <TextLine id="tr_1_tl_26" custom="readingOrder {index:25;}">
                <Coords points="810,2718 1011,2681 1090,2742 1585,2665 1752,2694 2109,2659 2196,2707 2252,2667 2315,2710 2458,2662 2662,2675 2662,2551 2570,2543 2445,2591 1929,2535 1442,2620 810,2593"/>
                <Baseline points="823,2662 915,2662 1007,2662 1099,2662 1192,2662 1284,2662 1376,2662 1468,2662 1561,2660 1653,2659 1745,2661 1837,2661 1930,2659 2022,2659 2114,2657 2206,2657 2299,2656 2391,2656 2483,2656 2575,2656 2668,2656"/>
                <TextEquiv>
                    <Unicode>e ist sehr angenehm in einen fort beobachtet zu</Unicode>
                </TextEquiv>
            </TextLine>
            <TextLine id="tr_1_tl_27" custom="readingOrder {index:26;}">
                <Coords points="1249,2805 2652,2797 2652,2704 2585,2723 2480,2667 2350,2718 2257,2667 2072,2720 1572,2667 1252,2720"/>
                <Baseline points="1265,2787 1334,2787 1404,2784 1473,2787 1543,2787 1612,2784 1682,2783 1751,2781 1821,2781 1890,2781 1960,2778 2030,2778 2099,2775 2169,2769 2238,2764 2308,2760 2377,2762 2447,2766 2516,2771 2586,2772 2656,2772"/>
                <TextEquiv>
                    <Unicode>Adentu ie det ust terbarte mih</Unicode>
                </TextEquiv>
            </TextLine>
            <TextLine id="tr_1_tl_28" custom="readingOrder {index:27;}">
                <Coords points="794,2800 823,2810 868,2800 886,2816 913,2808 974,2813 1003,2802 1003,2704 976,2702 950,2728 926,2715 897,2723 884,2715 842,2731 794,2707"/>
                <Baseline points="808,2790 833,2792 858,2793 883,2793 908,2792 933,2791 958,2790 983,2790 1008,2790"/>
                <TextEquiv>
                    <Unicode>werden</Unicode>
                </TextEquiv>
            </TextLine>
            <TextLine id="tr_1_tl_29" custom="readingOrder {index:28;}">
                <Coords points="744,2919 820,2887 1344,2929 1895,2890 1995,2927 2419,2863 2863,2916 2863,2779 2612,2818 2506,2771 2278,2779 2241,2816 2091,2776 744,2794"/>
                <Baseline points="758,2853 863,2856 969,2856 1074,2853 1180,2854 1286,2854 1391,2853 1497,2854 1603,2850 1708,2853 1814,2853 1920,2856 2025,2855 2131,2855 2237,2853 2342,2853 2448,2852 2554,2850 2659,2853 2765,2853 2871,2856"/>
                <TextEquiv>
                    <Unicode>Leleneillan unse dich nehrhaftig nicht erst beobachten</Unicode>
                </TextEquiv>
            </TextLine>
            <TextLine id="tr_1_tl_30" custom="readingOrder {index:29;}">
                <Coords points="728,3046 1027,3062 1101,3019 1429,3062 1651,3027 1966,3072 2495,3017 2855,3056 2855,2919 2466,2861 2263,2921 1884,2935 1646,2892 1051,2932 844,2895 728,2956"/>
                <Baseline points="743,2984 848,2984 954,2985 1060,2984 1166,2984 1272,2986 1377,2987 1483,2987 1589,2987 1695,2986 1801,2987 1906,2984 2012,2986 2118,2984 2224,2981 2330,2984 2435,2985 2541,2987 2647,2987 2753,2987 2859,2987"/>
                <TextEquiv>
                    <Unicode>Da naest doch begreifen, dess deine Stimmng, die Jetzt</Unicode>
                </TextEquiv>
            </TextLine>
            <TextLine id="tr_1_tl_31" custom="readingOrder {index:30;}">
                <Coords points="741,3183 1625,3168 1625,3059 1561,3043 1482,3078 1405,3043 1310,3072 1201,3027 1040,3059 902,3033 741,3075"/>
                <Baseline points="755,3118 798,3118 842,3121 886,3121 930,3118 974,3121 1018,3121 1061,3124 1105,3122 1149,3123 1193,3124 1237,3124 1281,3129 1325,3128 1368,3125 1412,3124 1456,3124 1500,3124 1544,3120 1588,3120 1632,3124"/>
                <TextEquiv>
                    <Unicode>schen koneto andenert</Unicode>
                </TextEquiv>
            </TextLine>
            <TextEquiv>
                <Unicode></Unicode>
            </TextEquiv>
        </TextRegion>
    </Page>
</PcGts>
