3064 3608
2457 502 2630 595 184
748 622 2246 738 Löblein:(sieht ihn fast erschreckt an)
766 766 2528 901 ohn: Sie erkennen mich nicht? Moritzky, alias
753 891 961 1004 Sohn.
1195 934 2113 1049 Iis fullt ten der en
740 1014 2583 1162 Löblein: Sie sind ja verrückt. Die Hscke war je
743 1145 2761 1268 genau festgestellt. War ist Ihnen den engefallen?
735 1285 2528 1433 Sie schen nicht aus wie ein Theateragent. Sie
723 1398 2573 1571 sehen aus wie einNbuk,wie ein Äuschik, wollt
738 1546 1152 1679 ich sagen.
1177 1611 1468 1714 hel mn
2008 1559 2397 1744 M.1
733 1677 1988 1780 John: Ich kenne keinen Muschik.
733 1807 2681 1930 Erblein: Fort mit diesem idiotischen Schnurrbart.
735 1933 2528 2061 Andere Ferücke. Wir epieden hier keine Foese.
733 2081 2716 2254 Iogelmann:(trit: hinzu, schon in Zivil, Ueberzicher,
748 2204 2643 2349 hachnez) Mer ist denn das? John? Ausgezeichnet.
725 2342 2593 2480 Löblein: Rasch in die Garderobe. Ist denn über-
730 2465 1380 2583 haupt noch Zeit?
1895 2528 2051 2641 bet
738 2598 2721 2741 Insnizient: In drei Minuten iet Ihr Auftreten,Herr
718 2726 946 2841 John.
730 2774 2598 2997 John: Bis dahin kann ich mich hundertmal in vin-
718 2964 2610 3132 einem Muschik in einen Elbuk verwandeln oder was
710 3105 1880 3278 ie sonst wollen. (rasch abl.
