3096 3512
954 473 2242 673 Franzt: Ein biel viel redet sie.
943 637 2280 804 Richard: Das kann man woll. sagen.
949 752 2750 943 Franzi: Ect üb mich im Franzssisclen mit Ihr.
976 902 2657 1099 Fichard: Sehr vernünftig .- Du wartest hof-
943 1044 1949 1186 fentlich nock richt lehg
932 1140 2731 1337 Franzi: Kaum fünf Minuten. Bei solclem Wetter
927 1288 2720 1482 fangen wir imer später an wegen der Auffahrt
924 1427 2594 1629 zum Theater. Und dann dauerts auch längers
924 1536 1490 1670 (näher zu ihm)
916 1673 2797 1892 Richardifnimst sie etwes zeretreut in die Aruel
910 1815 1340 1957 Natürlich.
905 1925 2862 2116 Franzi:Aber später als dreiviertelneun wirds doch
2201 2061 2690 2151 wirglen so mich.
905 2045 2753 2272 nie. Und im neuen Stück hab ich leider bie zum
899 2184 2870 2422 Schluss zu tun.Eine Schmarnrolle, wie gewöhnlichs
1498 2313 1736 2400 wesih
902 2307 2255 2477 aber vor zehn komm ich nicht fort.
899 2425 2857 2567 Richard: Ja richtig.Samstag ist schon die Premiè-
2015 2512 2179 2586 tebt
943 2537 2657 2674 elentfernt sich von ihr, setzt sich auf den
886 2633 2149 2720 Stuhl beim Oten,warmt die Sande
921 2682 2644 2802 Franzl: Oa hoffentlich fallts durch und wir
894 2753 2731 2865 spielen das jetzige weiter, wo ich um halb neun
481 2761 779 2922 Bette
886 2818 1353 2952 fertig bin.
484 2884 741 2996 ihr .
385 2903 2578 3114 dedel Aehrbeft - We hast di la d Hhr.k - - der decber
1126 3021 2493 3212 Artrluskteiten u. Faar kart Ber
467 3078 656 3253 fet
1126 3103 1908 3272 Ich tat noch temert
1126 3193 1473 3319 Retug
1493 3198 2315 3335 igendens di cllter
