3080 3528
611 1527 819 1713 lanj¬
866 515 1153 683 ex21.
856 614 2077 765 Richard: (höchet ersteunt) Wiel
1332 750 1710 834 wollte das s
859 747 2572 911 Ludwig: Du haet nichts von ihr gehört in der
861 918 1408 1057 letzten Zeitz
824 1015 1995 1223 Richerd: Woher der sollte
869 1121 2599 1339 Lndnigi Sie hat dir(auch(nicht geschrieben?
876 1272 2695 1470 Richard: Wie komnst du nur auf die Ideef Seche
881 1403 2869 1564 Monate lang habe ich nichte von ihr gehört - jena u
1799 1507 2133 1591 arnedi¬
879 1539 2391 1718 seit Ihr Belde- Du mohl mek rieht?
879 1698 1495 1871 Lndnig: Richts.
881 1737 2698 1995 Richard: Aeo nee soll  tragst eine Vier-
889 1896 2735 2081 telstunde vor deiner Abreiserstast du- Irgennel-
921 2044 1629 2213 che Besorgnierel.
886 2156 2604 2398 Tndnig: Eigentlich nicht. Und doch, -kurz ge-
898 2297 2710 2507 segt, dendetartshate sse hat mir einmal -ses
908 2413 2779 2628 ist freilich latg her - es par in unserer gluck-
2574 2529 2784 2614 damal
2124 2534 2381 2619 doret
903 2539 2784 2735 lichsten Zeit, vor einen Jahr etwafte hatzuirlge-
896 2680 2844 2898 schworen lmit einen eher lachenden Gesichtl, dese
898 2817 2760 2982 sie sich an meinen Nochzeltstag unbringen wird.
903 2938 2802 3158 Richerdi So. Du hart wohl danals auch mencherlet
911 3057 2574 3289 geschnoren - in Euerer glücklietsten Zeit.
