3080 3528
859 509 1180 655 (Er über
2234 506 2621 672 dann tritt
1197 528 2234 667 legt noch einen Zggenblick,
849 691 2091 776 er entschlossen in die Loge IV
852 806 2022 961 Richard: (will in die Loge IIII
2397 913 2531 1100 1880
840 944 2183 1054 (In diesem Augenblick rasch über d
827 1066 2692 1256 Ludwig Gerold, dunkler Ueverzieher, hinaufgeschla-
832 1219 1346 1343 gener Kragenl
815 1339 1976 1455 Fichard: (höchst erstaunt) Du?
823 1472 1679 1584 Ludwig: Wie du siehst.
813 1601 1494 1738 Pichard: Heute?-
803 1716 2709 1906 Ludwig: Die beiden Efeignisse haben nichts mit-
803 1872 2592 2013 einander zu tuh. Iel habe übrigens einen ganz
2278 1964 2760 2093 nieuam tat
798 2022 2624 2173 versteckten Platz auf der Galerie. Es-Hat mich
786 2112 2580 2300 niemand gesehen. Und wenn auch-- Was sagst du
784 2244 2602 2426 übrigens zu Franzi? Wundervoll,nicht wahr2 Was
781 2361 2541 2555 für eine Künstlerin! Ich hab es nicht geahnt.
774 2534 2609 2689 Warum hast du mir übrigens nicht telegraphiert?
774 2628 2548 2830 Richard: Sie hat sich nicht umgebracht, wie Du-
759 2760 1044 2879 siehst.
754 2865 1738 3059 Luöwig: Glückli cherweise.
742 3025 2701 3230 Richard: Und vielleicht, hat sie gerade. der Schmerz
