3128 3544
920 514 2773 693 Wir werden ja sehen. Schliesslich haben wir es
948 661 2768 819 ja nicht in der Hand. Aber es wäre ja denkbar,
940 794 2171 961 dass die Thancen gleich stghen.
1445 877 1651 958 u l
945 918 2796 1102 tregulein: Sprechen Sie mit der Roveda. Sie be-
930 1054 2645 1180 nehmen sich ein bischen arrogant gegen sie.
913 1152 1747 1291 Karl Sern: Wirklich?.
920 1286 2627 1470 Tregulein: Sie ist das nicht gewöhnt. Sagen
898 1397 2766 1596 Sie ihr, wie viel Ihnen daran liegt, dass sie die
898 1535 1482 1669 Fanni spielt.
890 1646 2695 1841 Karl Bern: Sehen Sie, gerade das will ich(eben
885 1813 2713 1977 nicht tun. Ich wili die Dinge ihren Lauf gehen
880 1919 2748 2115 lassen. Ich will weder nach der einen noch nach
865 2065 2824 2251 der anderen Seite Einflues üben. Nur wenn es sich
860 2199 2768 2352 so fügt - lein,icl. vil1 es vollkommen dem Moment-
1417 2294 1929 2380 Ich tikt um
860 2337 2698 2494 überlassent Ich bitte Sie nur Ihrerseits nicht
860 2448 2393 2594 geradezu gegen die Friesel aufzutreten.
852 2587 2766 2776 Bregulein: Aber - wer kümmert sich um mich-vier-
840 2718 1500 2841 ten Totengräber.
1634 2743 2758 2904 pars jen Sa Buntcont dn belfer
1954 2852 2257 2925 vin i jide
829 2844 2857 3023 Karl Bern: Sie wissen, dass das ein Irrtum ist. Man
829 2965 2746 3162 weiss sehr gut, daes xxt Sie in jeder Uin-
