3128 3560
556 1674 702 1874 A.
813 497 2730 702 InspiatentiEhinter der Srene, ruft) Kraulein Rore-
809 682 1664 804 dal Fraulein Rovedal.
801 791 1938 957 ablein: Nun, woran liegt es?
811 900 2732 1063 Inspizient: (kommt von links zu Löblein) Fraulein?
809 1085 2223 1216 Roveda ist noch (imier)nicht daf.-.
823 1135 2811 1348 cregor: lrsepch seperte dortes ertelt ertzens
2203 1226 2564 1338 der Srat
826 1303 2693 1476 Lsblein: (zum Inspizlenten) Telefonieren sie irt
821 1449 1496 1580 doch noch einmall
831 1560 1437 1736 Inspizient! (abl.
804 1684 2608 1847 cregori Auxgenchaktat Des Telsson wird ausge-
828 1798 2794 1976 schaltet sein. (ich kenne das.(Das Bequemste in je-
1318 1933 2633 2112 Si Iftu coit etl Sitt de Hevre rubont
831 1963 1268 2149 dem Fall)
1924 2040 2144 2126 vort
826 2065 2539 2208 Löblein: Wir probieren also die Szene tref.
831 2193 2715 2388 Gregeri Frel. lmit den Bucht Uie Srenen sind 36
828 2364 2673 2532 nicht zuverlert. Das sind sich ja die modernen
828 2477 1523 2646 antoren schälffe.
828 2562 2636 2784 Lebleini Die Srene Fedor und Witte-Gregor und
838 2757 1864 2893 Oogelmann. Herr Dögelmennt
1775 2836 1983 2920 Szens
875 2853 1078 2937 euend
962 2851 2631 3041 rtantzlhinter der Rühmel Herr Dogelmann!
838 3002 2030 3165 Eine 2.Stinner Herr Aögelnannt
