4264 5400
2416 349 2617 526 P.S.
1249 583 3722 796 Das...was man dir gewöhnlich - Ueberzeugun-
1246 702 3557 857 gen zu nennen pflegt - was aber in den me is ten
774 652 1051 806 Graf:
1253 763 3632 947 Fällen auf die se Bezeichnung gar nicht Anspruch er-
1256 889 3593 1037 heben darf. Ueberzeugung?! Mein Gott. Man hat Sym-
1278 961 3704 1130 pathien, Antipathien, Eitelkeiten, Ehrgeiz, Beziehungen,
1278 1066 3679 1217 die der Zufall schuf,-man ist da oder dort geboren.
1278 1156 3589 1296 strebt irgendwohin - - Daraus und aus allerlei an-
1278 1228 3521 1386 dern Elementen - sie fallen mir nicht alle ein -
1282 1264 3654 1480 entwickelt sich eine mehr oder minder reinliche Mi-
1267 1397 3614 1580 schung, die Sie meine thalben Parteige ist oder etwas
1271 1505 3632 1660 pathetischer und selbstgefälliger, Gesinnung nennen
1278 1577 3776 1739 mögen - die aber mit Ueberzeugung noch verdammt wenig
1282 1681 3679 1825 zu tun hat. Dass nur wenige von diesen Gesinnungs -
1278 1760 3740 1926 mensch en bewusste Lügner, viele sogar besten Glaubens
1300 1832 3614 2009 sind und manch e nach ihrem ganzen politischen und
1296 1922 3751 2099 sonstigen Wandel berechtigt wären sich tief verletzt
1282 2016 3798 2174 zu fühlen, wenn man sich erlaubte in das Vorhandensein
1292 2113 3640 2279 ihrer Ueberzeugung Zweifel zu setzen - das geb ich
1314 2200 3740 2358 Ihnen ohneweiters zu; - aber ich frage: wie beweisen
1300 2300 3643 2448 Sie mir im einzelfall, dass wirklich eine Ueberzeu-
1300 2351 3686 2556 gung da ist- und nicht eines ihrer zahllosen Surro-
1300 2513 1696 2657 gate...?
835 2567 3722 2822 Fliederbusch: Vielleicht gibt es doch einen Bewands,Herr Graf.
1296 2732 3485 2905 Bereit sein für diese Ueberzeugung zu sterben.
1336 2880 3661 3064 (lächelt) Ach so - (ernster) Das ist rauch mal auch
1318 2966 3823 3143 eine Art - Sie verzeihen schon, Herr Fink,- den Andern
835 2930 1091 3100 Graf:
1318 3074 3668 3244 oder gar sich selber weiss zu machen, dass man eins
1332 3211 2329 3326 Ueberzeugung besitzt.
850 3280 3744 3524 Fliederbisch: Und somit,Herr Graf,wollen Sie die Existenz von
1346 3416 3406 3564 Ueberzeugungen einfach aus der Welt leugnen?
1332 3539 3816 3755 Keineswegs. Aber dort, wo ich eine entdecke - oder zu
1350 3672 3607 3845 entdecken glaube, dort fängt für mich das problem
857 3668 1127 3812 Graf :
1350 3744 3863 3946 erst recht an. Ist es Ihnen denn noch nie aufgefallen,
1346 3866 3686 4021 dass es auf jeder Seite Kluge und Dumme, anständige
1361 3931 3841 4118 Menschen und Schurken gibt- und dass,je überzeugungs-
1357 4043 3830 4219 fester ein Parteimann ist, er umsomehr geneigt, ja ver-
1350 4140 3737 4291 dammt sein muss, seinen politischen Widersacher ent-
1357 4212 3773 4378 weder für einen Heuchler oder füreinen Querkopf zu
1354 4313 3751 4482 halten? Davor ist eigentlich nur der gefeit, der er-
1364 4385 3812 4536 kannt hat, dass - a 11 — Ueberzeugungen fal sch sind
1372 4518 2423 4673 und falsch sein müssen.
