3448 4120
2901 355 2991 496 3
515 470 3077 701 Regung war den Stoff ein für alle Mal ruhen zu lassen.
525 697 2908 905 Aber als ich daheim das bereits Vorliegende wieder
528 848 2997 1113 durchsah, durchdachte, und zwei Tage darauf mit meiner
537 1052 2962 1264 Frau und Frau B.Z. durchsprach, stand mir meine noch
550 1219 3004 1459 ungeschriebene Komödie so eindringlich und trotz der
544 1398 2991 1615 Verwandtschaft mit dem Bernard'schen Sujet so eigen-
550 1619 2920 1785 artig vor Augen, dass ich den Entschluss fasste sie
550 1817 3119 1951 in jedem Falle auszuführen. Immerhin aber hielt ich es
547 1980 2882 2156 für angezeigt, von dem, was ich bis zum 12.Dezember
557 2159 2850 2377 1913, dem Tag, an dem ich durch Frau B.Z. flüchtig
563 2351 3084 2530 von dem Inhalt des Tristan Bernard'schen Stücks Kennt-
563 2533 3061 2706 nis erhalten, meiner Sekretärin, Frl.Frieda Pollak, dik-
569 2677 3084 2863 tiert hatte, durch diese selbst drei Abschriften anfer-
573 2866 3007 3064 tigen zu lassen und sie bei drei Vertrauenspersonen
563 3029 3093 3253 zu hinterlegen, als die ich Frau Hofrätin Berta Zucker-
563 3247 3020 3413 kandl, den artistischen Sekretär des k.k.Hofburgthea-
576 3413 3007 3560 ters Herrn Dr.Richard Rosenbaum und Fräulein Frieda
569 3567 1673 3762 Pollak ausersehen habe.
