2408 2728
1081 129 2027 218 die Nationalliberaten
343 190 2038 309 in ihrem ursprünglichen Programm ebenfalls eingetreten sind.
844 336 1555 485 Machtanbetung.
639 419 1659 578 Konsirvative Regierungskunst.
417 476 497 580 C
438 540 2027 671 Im „Reichsboten" stellt ein Konservativer unter dem Deck
347 622 2038 728 namens Wolfgang Eisenhart des langen und brei¬
347 677 2038 785 ten Betrachtungen über die künftigen Regierungsmethoden in
347 734 2046 849 neu zu erwerbenden Ländern an. Es dürfte genügen, daraus
347 802 2042 908 einige kurze Proben zu geben, um den Geist und die Tendenz
349 855 1826 984 dieser Ausführungen zu kennzeichnen. Wir lesen hier:
504 925 2049 1031 „Die Kunst zu regieren will gelernt sein, und das
406 986 2053 1073 moderne parlamentarische Deutschland hat sie
406 1037 2049 1139 bisher nicht erfaßt. Es experimentiert, treibt Versöhnungs¬
406 1086 2051 1183 und Illustonspolitik, und vermag den Wald vor Bäumen
404 1153 2051 1240 nicht zu sehen. Der liberalismus insbesondere vermag nicht ein¬
408 1185 2055 1297 zusehen, daß der Weg zur Freiheit zuvor eines Zuchtmeisters
423 1253 2055 1344 zur Freiheit bedarf, der den Willen widerstrebender
408 1308 2061 1386 Völker zunächst bricht. Für neuerworbene Länder kann
411 1350 2053 1445 der Weg zur Freiheit nur hindurchgehen durch eine Aera rück¬
436 1401 2059 1490 sichtsloser Staatsautorität, die ihnen jede Hoff¬
411 1458 2055 1541 nung nimmt, von der Herrschaft des erobernden Landes je
411 1515 2061 1596 wieder frei zu kommen. Eine solche Politik mag hart erscheinen,
421 1566 2061 1653 aber in dieser unvollkommenen Welt geht es nun einmal ohne
423 1636 834 1727 Härte nicht ab.
447 1674 2059 1784 Weiter wird der „Machtgedanke“ in folgender Weise
362 1767 675 1869 empfohlen:
497 1797 2061 1903 „Was uns Deutschen heute beim Frieden und nach dem Frieden
417 1858 2057 1958 vor allem nottut, das ist, daß unsere Staatskunst den Macht¬
423 1909 2065 2006 gedanken an die Spitze zu stellen weiß, daß sie zu imponieren
423 1968 2065 2065 versteht und rücksichtslos durchgreift. Schreiten wir
425 2027 2065 2116 zu Eroberungen, dann bedürfen wir aber auch, um diese zum Segen,
425 2080 2059 2161 aber nicht zum Unheil für uns werden zu lassen, eines Beamten
419 2120 2061 2216 tums, das, wenn ich so sagen soll, völkisch geschult ist und
423 2173 2065 2264 dem deutschen Staatsgedanken in den eroberten Ländern mit
417 2231 2070 2336 besserem Erfolge als in Elsatz=Lothringen zum Stege zu verhelfen
423 2313 645 2404 versteht.
916 2451 1543 2582 Eine Erinnerung.
1153 2516 2076 2626 Jahren, um die Weihnachtszeit wie
2089 876 2199 971 bloß
2114 967 2220 1052 on
2169 1285 2262 1382 Vu
2104 1365 2247 1452 aussi
2104 1431 2256 1509 im R
2104 1494 2245 1562 kann
2101 1551 2226 1623 tritt
2101 1613 2262 1689 kangle
2099 1670 2269 1746 können
2101 1733 2273 1807 Janua
2110 1795 2277 1867 eintret.
2114 1854 2283 1949 versam
2114 2015 2305 2101 Richard
2110 2089 2298 2163 vember
2114 2150 2307 2226 teuren
2114 2205 2307 2279 daktion
2120 2264 2307 2349 Antrag
2184 2427 2305 2514 Der
2123 2487 2338 2582 rung, die
