3352 4200
2676 464 2822 647 84
610 624 796 810 11.
616 779 1681 956 Funk - die Baronin.
616 928 2814 1124 Sie ist gegen Vierzig,noch sehr hübsch, ein
621 1080 2794 1237 bischen geschminkt, von wirklicher Eleganz.
618 1217 2693 1422 Funk: Sie sind es selbst? Welches Glück!
616 1378 2766 1580 Baronin: Ich wollte eigentlich Ihren Chef
630 1586 2887 1729 sprechen. Zum Teil auch Ihretwegen. Sie wis-
627 1743 2822 1847 sen ja,was sich vorbereitet; habe Telegramm
633 1872 2825 2027 von meinem Mann aus Teneriffa,dass er sich
630 2007 2139 2190 an dem Unternehmen beteiligt.
627 2204 2778 2342 Funk: Wie, er kommt nach Wien zu Ihrem Gar
630 2356 1077 2494 tenfe st?
630 2437 2772 2626 Baronin: Aber, für den sind die Feste lang
641 2603 2758 2803 vorbei, leider. Seit 12 Jahren ist er auf-
638 2786 2839 2929 gegeben und lebt immer im Süden.Sie müssen
633 2957 2882 3135 kein solches Beileidsgesicht machan.Es geht
638 3129 1318 3278 ihm glänzend.
635 3205 2480 3385 Funk: Also woran beteiligt er sich?
641 3410 2884 3576 Baronin: Nun,an dem Blatt,das aus der „Ele-
649 3537 2890 3756 ganten Welt" entstehen soll.Sie wissen noch
