3400 4104
648 516 2989 789 Die Baronin gibt ihm ein Rendez-vous. Sie ist
657 684 2899 939 etwas abgetakelt und nennt ihn „mein junger
645 904 989 1097 Held“.
645 997 2981 1229 2. In der Redaktion des sozialdemokratischen
648 1223 1088 1408 Blattes
651 1347 2987 1526 Eventuell Beratung über eine Tte atergründung.
663 1561 1094 1696 Figuren.
663 1611 3022 1822 Ueber den Artikel, der so viel Aufsehen gemacht
675 1790 2822 1966 hat. Er schreibt glänzend, Bald erscheint
672 1913 2928 2127 Fink. Weniger elegant als im ersten Bild, im
681 2127 1253 2294 Calabreser.
669 2183 2940 2444 Er muss weg,um einer Arbeiterversammlung in
681 2414 1945 2635 der Provinz beizuwohnen.
675 2541 2922 2743 Er soll als sozialdemokratischer Abgeordne-
686 2720 2464 2934 ter kandidieren. Man redet ihm zu,
681 2875 2520 3042 Er will Wien jetzt nicht verlassen.
684 3016 2957 3259 Ich höre,die Leute von der „Eleganz“ wollen
689 3154 2901 3374 sich meinen Artikel nicht gefallen lassen.
684 3344 2816 3547 Es trifft sich doch gut, dass er jetzt ab
