3352 4056
2646 306 2838 464 146
1008 447 2938 671 Nie derhof: (zündet sich eine Zigarett
1006 683 1232 826 an).
1018 734 2897 982 Egon: (zu Fink) Mir bleibt nichts an¬
1023 919 2977 1125 deres übrig als Ihnen meine Verachtung
1021 1106 1723 1283 auszudrücken.
1025 1239 2539 1443 Silberstein: Das tu auch ich.
1033 1378 2960 1560 Obendorfer: Also, meine Herren, da hät-
1042 1504 2955 1716 ten wir ja den Inhalt des Protokolls.
1040 1706 2765 1869 Baronin: (fängt an zu verstehen, zu
1045 1815 2931 2029 Fink) Sie sind also auch der Andere?
1045 2014 2935 2204 Graf:.Ja,Baronin. Das haben Sie noch
1059 2185 1759 2350 nicht erlebt?
1059 2279 2991 2474 Baronin: Da haben Sie ja gewusst,dass
503 2311 936 2459 La vale tie
1079 2432 3008 2651 Ihnen nichts passieren kann. Da haben
467 2462 919 2605 also... zwey
1067 2593 2593 2802 Sie mich ja einfach betro en.
433 2632 960 2785 no - dahir
1072 2748 2731 2918 Fink: Hoffentlich nicht zu sehr.
1076 2906 2965 3096 Nie derhof: (hat sich schon früher der
1076 3045 2479 3256 Frau von Fink vorgestellt).
