3544 4328
846 525 2866 714 Ja, vor seinem erscheinen ist ein Brief
849 747 3020 863 von ihm an Satan gelangt,,der diesen Ent-
843 852 3030 1044 schluss vorbereitet. Kausik, der bei Satan
843 1022 2970 1190 gegen Fliederbusch intrigiert, kann daher
843 1209 2124 1344 anfangs beruhigt werden.
852 1308 2879 1495 Graf Niederhof kommt. Die Elegante Welt
849 1486 2778 1635 soll zu einem Adelsblatt politischen
852 1659 3063 1802 Charakters umgestaltet werden,insbesondere
857 1830 3003 1951 wünscht er Fink kennen zu lernen. Mit Be¬
854 1942 2874 2132 dauern hört er von Satan, dass Fink das
852 2121 1981 2283 Blatt verlassen will.
857 2269 3033 2437 Fink tritt auf. Warum kommt er eigentlich?
857 2437 3025 2588 Er hat Papiere im Schreibtisch vergessen,
860 2583 3050 2709 die ihn verraten könnten? Niederhofs Anwe¬
857 2734 3055 2904 senheit macht ihn schwankend. Die Atmosphä-
857 2893 2918 3047 re berauscht ihn. Seine Jugenderinnerung
849 3030 2992 3190 an Niederhof wird lebendiglEr lässt sich
846 3195 3036 3349 umstimmen. Nach Niederhofs Weggehen ist er
849 3341 2926 3517 begeistert.Er telephoniert seiner Frau,
871 3492 3069 3712 dass er Mittags nicht nach Hause kommt, (?)
849 3682 3055 3846 dass sie allein heute Abend aufs Land fah
