3336 4216
2567 479 2698 630 91
607 647 792 818 13.
615 809 1712 991 Funk -Egon - Schromm.
612 892 2809 1120 Egon: Also Sie haben die Wohnung in Erfah-
612 1145 1367 1293 rung gebracht?
615 1242 2686 1422 Funk: Ja, und habe mir erlaubt Ihren Be
621 1373 2886 1592 such, meine Herren, für sechs Uhr Abend dort.
621 1547 2732 1735 selbst anzukündigen. Ich überlasse Ihnen
630 1749 1308 1920 alles übrige.
630 1874 2715 2017 Egon: Haben sie irgendwelche Wünsche?was
630 2051 1789 2216 Zeit und Ort anbelant?
627 2162 1063 2251 Schramm:
1399 2111 2835 2356 Ich schlage vor beim Au¬
635 2205 1367 2359 Fühxx xxxxtekäxx
632 2310 2835 2518 hof - Sie kennen den Weg in den Wald - ein
638 2458 2823 2635 reizender Platz,wie dafür geschaffen. Habe
632 2618 2780 2809 mich selbst dort vor 17 Jahren einmal ge-
647 2778 2897 2934 schlagen. Dort ist auch der Graf Rattenberg
652 2971 2313 3125 gefallen.Kann bestens empfehlen.
644 3114 1906 3279 Funk: Ich danke bestens.
652 3259 2786 3450 Egon: Da wollen wir vorläufig festsetzeh,
669 3401 2872 3587 wenn von der anderen Seite keine Schwierig.
658 3524 2948 3735 keiten gemacht werden,Punkt 12 Uhr.Wir holm
672 3720 2644 3920 Sie Punkt 11 ab.. aus der Schwindgasse.
