<?xml version="1.0" encoding="UTF-8" standalone="yes"?>
<PcGts xmlns="http://schema.primaresearch.org/PAGE/gts/pagecontent/2013-07-15" xmlns:xsi="http://www.w3.org/2001/XMLSchema-instance" xsi:schemaLocation="http://schema.primaresearch.org/PAGE/gts/pagecontent/2013-07-15 http://schema.primaresearch.org/PAGE/gts/pagecontent/2013-07-15/pagecontent.xsd">
    <Metadata>
        <Creator>prov=READ-COOP:name=TrHtr:version=2.1.0:model_id=51170:date=30_07_2023_05:01</Creator>
        <Created>2023-05-10T13:29:29.694+02:00</Created>
        <LastChange>2023-07-30T05:01:50.642+02:00</LastChange>
        <TranskribusMetadata docId="1428576" pageId="55413208" pageNr="220" tsid="131483550" status="IN_PROGRESS" userId="64420" imgUrl="https://files.transkribus.eu/Get?id=XLLTIAIAKFMEAFDQFHWGOPDP&amp;fileType=view" xmlUrl="https://files.transkribus.eu/Get?id=GMLNYQDSEGOUDUUWMFJBETJR" imageId="44687349"/>
    </Metadata>
    <Page imageFilename="1428576_0220.jpg" imageWidth="3208" imageHeight="3928">
        <ReadingOrder>
            <OrderedGroup id="ro_1711792036104" caption="Regions reading order">
                <RegionRefIndexed index="0" regionRef="tr_1"/>
                <RegionRefIndexed index="1" regionRef="tr_2"/>
            </OrderedGroup>
        </ReadingOrder>
        <TextRegion id="tr_1" custom="readingOrder {index:0;}">
            <Coords points="892,308 2823,308 2823,1908 892,1908"/>
            <TextLine id="tr_1_tl_1" custom="readingOrder {index:0;}">
                <Coords points="2636,383 2672,380 2696,402 2733,388 2759,400 2814,395 2805,205 2742,209 2733,219 2713,214 2684,236 2629,246"/>
                <Baseline points="2647,358 2692,358 2737,361 2781,361 2820,370"/>
                <TextEquiv>
                    <Unicode>151</Unicode>
                </TextEquiv>
            </TextLine>
            <TextLine id="tr_1_tl_2" custom="readingOrder {index:1;}">
                <Coords points="903,554 1225,534 1490,590 1603,544 2535,544 2566,426 2008,443 1815,380 1204,460 905,416"/>
                <Baseline points="916,531 961,528 1005,528 1050,528 1095,525 1140,528 1184,528 1229,525 1274,522 1319,522 1364,525 1408,525 1453,525 1498,525 1543,525 1587,525 1632,522 1677,522 1722,522 1767,522 1811,522 1856,522 1901,522 1946,522 1990,522 2035,519 2080,522 2125,519 2169,519 2214,519 2259,519 2304,519 2349,519 2393,519 2438,519 2483,516 2528,513 2572,516"/>
                <TextEquiv>
                    <Unicode>vorbereiten lassen. Sie sind alle</Unicode>
                </TextEquiv>
            </TextLine>
            <TextLine id="tr_1_tl_3" custom="readingOrder {index:2;}">
                <Coords points="893,739 1100,689 1197,722 1281,689 1392,734 1541,701 1673,742 1798,681 1991,708 1991,609 1936,583 1560,628 1394,599 1343,631 1194,585 1074,636 893,575"/>
                <Baseline points="907,680 952,680 996,680 1041,680 1086,680 1131,680 1176,677 1220,680 1265,680 1310,677 1355,677 1399,677 1444,677 1489,680 1534,677 1578,680 1623,680 1668,677 1713,677 1758,677 1802,674 1847,674 1892,674 1937,674 1981,680 1996,683"/>
                <TextEquiv>
                    <Unicode>freundlichst geladen.</Unicode>
                </TextEquiv>
            </TextLine>
            <TextLine id="tr_1_tl_4" custom="readingOrder {index:3;}">
                <Coords points="886,886 1134,905 1230,862 1298,891 1379,840 1851,876 2017,838 2020,768 1912,729 1721,761 1623,725 1541,758 1353,737 1199,773 1033,720 888,739"/>
                <Baseline points="898,832 904,832 949,829 993,832 1038,832 1083,832 1128,835 1173,835 1217,835 1262,832 1307,832 1352,829 1396,829 1441,832 1486,829 1531,829 1575,829 1620,829 1665,829 1710,826 1755,826 1799,826 1844,823 1889,823 1934,823 1978,823 2023,814"/>
                <TextEquiv>
                    <Unicode>Fink: Ein Frühstück?</Unicode>
                </TextEquiv>
            </TextLine>
            <TextLine id="tr_1_tl_5" custom="readingOrder {index:4;}">
                <Coords points="886,1026 1507,1059 2595,977 2778,1040 2798,908 2530,862 2176,924 1801,852 1659,927 886,939"/>
                <Baseline points="898,987 922,984 967,984 1011,982 1056,984 1101,984 1146,987 1190,990 1235,990 1280,990 1325,987 1370,987 1414,987 1459,984 1504,984 1549,984 1593,984 1638,987 1683,984 1728,984 1772,984 1817,982 1862,982 1907,982 1952,982 1996,979 2041,979 2086,979 2131,979 2175,979 2220,979 2265,979 2310,976 2355,976 2399,976 2444,976 2489,976 2534,976 2578,976 2623,976 2668,976 2713,976 2757,973 2802,973"/>
                <TextEquiv>
                    <Unicode>Graf: Der Champagner ist schon einge-</Unicode>
                </TextEquiv>
            </TextLine>
            <TextLine id="tr_1_tl_6" custom="readingOrder {index:5;}">
                <Coords points="879,1189 910,1187 951,1204 975,1184 1018,1184 1079,1156 1132,1151 1158,1163 1184,1148 1213,1151 1211,1045 1156,1054 1067,1035 1026,1047 989,1016 961,1011 917,1030 876,1023"/>
                <Baseline points="892,1140 937,1137 982,1137 1026,1140 1071,1140 1116,1140 1161,1140 1205,1146 1220,1143"/>
                <TextEquiv>
                    <Unicode>kühlt.</Unicode>
                </TextEquiv>
            </TextLine>
            <TextLine id="tr_1_tl_7" custom="readingOrder {index:6;}">
                <Coords points="891,1324 2814,1310 2814,1211 2752,1187 1148,1235 891,1189"/>
                <Baseline points="904,1292 940,1289 984,1289 1029,1289 1074,1289 1119,1289 1164,1292 1208,1289 1253,1286 1298,1286 1343,1289 1387,1289 1432,1286 1477,1286 1522,1289 1567,1286 1611,1286 1656,1286 1701,1286 1746,1286 1790,1283 1835,1283 1880,1283 1925,1283 1969,1283 2014,1283 2059,1283 2104,1283 2149,1283 2193,1280 2238,1280 2283,1277 2328,1280 2372,1280 2417,1280 2462,1277 2507,1277 2552,1280 2596,1280 2641,1277 2686,1277 2731,1277 2775,1274 2820,1277"/>
                <TextEquiv>
                    <Unicode>Fink: Welche Frivolität! Und wenn ich</Unicode>
                </TextEquiv>
            </TextLine>
            <TextLine id="tr_1_tl_8" custom="readingOrder {index:7;}">
                <Coords points="891,1488 980,1452 1233,1495 1476,1452 1570,1483 1640,1447 1743,1466 1743,1411 1594,1389 1522,1346 1485,1365 1442,1341 1300,1387 1168,1348 891,1339"/>
                <Baseline points="904,1453 940,1453 984,1444 1029,1444 1074,1441 1119,1441 1164,1441 1208,1441 1253,1441 1298,1441 1343,1441 1387,1441 1432,1438 1477,1441 1522,1441 1567,1441 1611,1441 1656,1444 1701,1444 1746,1447"/>
                <TextEquiv>
                    <Unicode>gefallen wäre...</Unicode>
                </TextEquiv>
            </TextLine>
            <TextLine id="tr_1_tl_9" custom="readingOrder {index:8;}">
                <Coords points="893,1608 2605,1632 2817,1613 2819,1483 896,1531"/>
                <Baseline points="907,1593 943,1593 987,1590 1032,1593 1077,1593 1122,1596 1167,1596 1211,1596 1256,1596 1301,1596 1346,1596 1390,1596 1435,1590 1480,1590 1525,1590 1570,1590 1614,1590 1659,1590 1704,1593 1749,1590 1793,1587 1838,1584 1883,1584 1928,1584 1972,1581 2017,1584 2062,1584 2107,1584 2152,1581 2196,1581 2241,1581 2286,1581 2331,1581 2375,1584 2420,1581 2465,1578 2510,1581 2554,1578 2599,1578 2644,1581 2689,1581 2734,1578 2778,1578 2823,1584"/>
                <TextEquiv>
                    <Unicode>Graf: Ich hoffe, die feindlichen Lager</Unicode>
                </TextEquiv>
            </TextLine>
            <TextLine id="tr_1_tl_10" custom="readingOrder {index:9;}">
                <Coords points="888,1803 1124,1755 1351,1808 1529,1753 2557,1745 2542,1632 1765,1637 1647,1683 1377,1625 1204,1683 891,1644"/>
                <Baseline points="904,1749 907,1746 952,1746 996,1746 1041,1746 1086,1746 1131,1746 1176,1746 1220,1746 1265,1746 1310,1746 1355,1746 1399,1746 1444,1746 1489,1743 1534,1743 1578,1740 1623,1743 1668,1743 1713,1743 1758,1740 1802,1737 1847,1737 1892,1737 1937,1737 1981,1734 2026,1737 2071,1737 2116,1734 2160,1734 2205,1737 2250,1734 2295,1731 2340,1731 2384,1731 2429,1731 2474,1728 2519,1725 2563,1722"/>
                <TextEquiv>
                    <Unicode>werden sich für die kurze Stunde</Unicode>
                </TextEquiv>
            </TextLine>
            <TextLine id="tr_1_tl_11" custom="readingOrder {index:10;}">
                <Coords points="891,1921 2564,1926 2663,1904 2665,1733 2501,1813 1493,1789 1329,1849 893,1803"/>
                <Baseline points="904,1898 922,1895 967,1898 1011,1895 1056,1895 1101,1895 1146,1895 1190,1895 1235,1895 1280,1895 1325,1895 1370,1895 1414,1892 1459,1895 1504,1895 1549,1895 1593,1895 1638,1895 1683,1895 1728,1895 1772,1895 1817,1892 1862,1892 1907,1889 1952,1889 1996,1889 2041,1886 2086,1886 2131,1886 2175,1886 2220,1889 2265,1886 2310,1883 2355,1883 2399,1883 2444,1883 2489,1883 2534,1883 2578,1880 2623,1880 2668,1883"/>
                <TextEquiv>
                    <Unicode>leidlich vertragen können. Wenn Sie</Unicode>
                </TextEquiv>
            </TextLine>
        </TextRegion>
        <TextRegion id="tr_2" custom="readingOrder {index:1;}">
            <Coords points="892,1982 2817,1982 2817,3284 892,3284"/>
            <TextLine id="tr_2_tl_1" custom="readingOrder {index:0;}">
                <Coords points="888,2061 1329,2054 1485,2123 1630,2061 2680,2095 2646,1965 1406,2001 1134,1950 888,1998"/>
                <Baseline points="901,2053 937,2050 982,2050 1026,2047 1071,2050 1116,2050 1161,2050 1205,2047 1250,2050 1295,2047 1340,2047 1384,2050 1429,2047 1474,2047 1519,2044 1564,2044 1608,2047 1653,2047 1698,2044 1743,2044 1787,2044 1832,2044 1877,2044 1922,2041 1966,2041 2011,2041 2056,2038 2101,2038 2146,2038 2190,2035 2235,2038 2280,2041 2325,2038 2369,2035 2414,2035 2459,2035 2504,2032 2549,2032 2593,2032 2638,2032 2683,2038"/>
                <TextEquiv>
                    <Unicode>sich dann vom Tisch wieder erheben</Unicode>
                </TextEquiv>
            </TextLine>
            <TextLine id="tr_2_tl_2" custom="readingOrder {index:1;}">
                <Coords points="879,2227 2740,2229 2814,2200 2817,2116 2523,2133 2429,2075 1801,2143 1432,2082 1264,2150 881,2140"/>
                <Baseline points="892,2205 937,2202 982,2202 1026,2199 1071,2199 1116,2199 1161,2202 1205,2202 1250,2199 1295,2199 1340,2199 1384,2199 1429,2196 1474,2196 1519,2199 1564,2199 1608,2199 1653,2199 1698,2196 1743,2196 1787,2196 1832,2193 1877,2190 1922,2190 1966,2193 2011,2193 2056,2193 2101,2190 2146,2190 2190,2190 2235,2187 2280,2190 2325,2187 2369,2187 2414,2187 2459,2187 2504,2184 2549,2187 2593,2187 2638,2187 2683,2184 2728,2184 2772,2181 2817,2184"/>
                <TextEquiv>
                    <Unicode>kann ja der wilde Kampf der Ueberzeu-</Unicode>
                </TextEquiv>
            </TextLine>
            <TextLine id="tr_2_tl_3" custom="readingOrder {index:2;}">
                <Coords points="891,2386 1379,2412 1606,2350 1849,2400 2369,2340 2559,2388 2723,2342 2725,2261 2285,2222 1705,2292 893,2273"/>
                <Baseline points="904,2363 937,2363 982,2360 1026,2357 1071,2357 1116,2357 1161,2360 1205,2355 1250,2355 1295,2352 1340,2349 1384,2352 1429,2349 1474,2349 1519,2349 1564,2349 1608,2352 1653,2349 1698,2349 1743,2349 1787,2349 1832,2352 1877,2349 1922,2349 1966,2346 2011,2343 2056,2343 2101,2343 2146,2343 2190,2340 2235,2340 2280,2340 2325,2340 2369,2340 2414,2340 2459,2337 2504,2337 2549,2337 2593,2334 2638,2334 2683,2334 2728,2337"/>
                <TextEquiv>
                    <Unicode>gungen wieder losgehen: Fink kontra</Unicode>
                </TextEquiv>
            </TextLine>
            <TextLine id="tr_2_tl_4" custom="readingOrder {index:3;}">
                <Coords points="891,2513 1105,2578 1423,2509 2706,2533 2706,2400 2590,2388 2017,2381 1883,2439 1555,2388 1168,2456 891,2415"/>
                <Baseline points="904,2507 922,2507 967,2507 1011,2507 1056,2504 1101,2504 1146,2507 1190,2504 1235,2504 1280,2504 1325,2504 1370,2504 1414,2501 1459,2501 1504,2501 1549,2501 1593,2501 1638,2501 1683,2501 1728,2498 1772,2498 1817,2498 1862,2498 1907,2498 1952,2498 1996,2498 2041,2498 2086,2495 2131,2495 2175,2495 2220,2495 2265,2495 2310,2495 2355,2492 2399,2492 2444,2489 2489,2492 2534,2489 2578,2489 2623,2489 2668,2486 2713,2486"/>
                <TextEquiv>
                    <Unicode>Funk und Funk kontra Fink, Darf ich</Unicode>
                </TextEquiv>
            </TextLine>
            <TextLine id="tr_2_tl_5" custom="readingOrder {index:4;}">
                <Coords points="876,2708 2489,2651 2711,2720 2713,2535 2480,2504 2321,2574 2253,2530 1367,2545 1252,2610 879,2566"/>
                <Baseline points="892,2650 928,2656 973,2656 1017,2656 1062,2656 1107,2656 1152,2659 1196,2659 1241,2659 1286,2662 1331,2662 1375,2659 1420,2656 1465,2656 1510,2656 1555,2656 1599,2656 1644,2656 1689,2656 1734,2653 1778,2653 1823,2653 1868,2653 1913,2656 1958,2653 2002,2653 2047,2650 2092,2650 2137,2650 2181,2650 2226,2647 2271,2647 2316,2644 2360,2647 2405,2644 2450,2641 2495,2641 2540,2641 2584,2641 2629,2638 2674,2635 2719,2641"/>
                <TextEquiv>
                    <Unicode>bitten,gnädige Frau. (er gibt Sabine</Unicode>
                </TextEquiv>
            </TextLine>
            <TextLine id="tr_2_tl_6" custom="readingOrder {index:5;}">
                <Coords points="886,2841 2699,2838 2682,2718 1314,2708 1095,2761 888,2708"/>
                <Baseline points="901,2808 913,2808 958,2811 1002,2808 1047,2808 1092,2811 1137,2811 1181,2811 1226,2811 1271,2811 1316,2811 1361,2811 1405,2811 1450,2808 1495,2808 1540,2808 1584,2808 1629,2805 1674,2808 1719,2808 1764,2811 1808,2811 1853,2808 1898,2808 1943,2802 1987,2802 2032,2802 2077,2799 2122,2799 2166,2799 2211,2799 2256,2796 2301,2799 2346,2796 2390,2796 2435,2796 2480,2796 2525,2796 2569,2793 2614,2793 2659,2796 2704,2802"/>
                <TextEquiv>
                    <Unicode>den Arm.Fink folgt mit der Baronin,</Unicode>
                </TextEquiv>
            </TextLine>
            <TextLine id="tr_2_tl_7" custom="readingOrder {index:6;}">
                <Coords points="888,2973 1141,3029 1442,2964 2610,2973 2612,2879 2528,2848 2256,2906 1912,2843 1760,2906 1396,2848 891,2882"/>
                <Baseline points="901,2969 916,2966 961,2963 1005,2963 1050,2963 1095,2963 1140,2966 1184,2963 1229,2966 1274,2963 1319,2960 1364,2960 1408,2960 1453,2960 1498,2960 1543,2957 1587,2960 1632,2963 1677,2963 1722,2963 1767,2963 1811,2963 1856,2960 1901,2957 1946,2954 1990,2954 2035,2954 2080,2951 2125,2951 2169,2951 2214,2951 2259,2951 2304,2948 2349,2948 2393,2948 2438,2948 2483,2948 2528,2946 2572,2946 2617,2946"/>
                <TextEquiv>
                    <Unicode>Markus mit Engler, Silberst ein mit</Unicode>
                </TextEquiv>
            </TextLine>
            <TextLine id="tr_2_tl_8" custom="readingOrder {index:7;}">
                <Coords points="903,3149 1009,3202 1425,3120 2682,3147 2769,3110 2771,3024 2355,3062 1367,2995 903,3055"/>
                <Baseline points="916,3131 940,3131 984,3131 1029,3128 1074,3125 1119,3122 1164,3122 1208,3122 1253,3119 1298,3119 1343,3116 1387,3116 1432,3113 1477,3113 1522,3113 1567,3113 1611,3113 1656,3110 1701,3110 1746,3110 1790,3107 1835,3110 1880,3107 1925,3107 1969,3107 2014,3110 2059,3107 2104,3107 2149,3107 2193,3107 2238,3107 2283,3107 2328,3107 2372,3107 2417,3107 2462,3107 2507,3110 2552,3110 2596,3104 2641,3104 2686,3104 2731,3101 2775,3104"/>
                <TextEquiv>
                    <Unicode>Egnn, Obendorfer mit Schromm.Cajetan</Unicode>
                </TextEquiv>
            </TextLine>
            <TextLine id="tr_2_tl_9" custom="readingOrder {index:8;}">
                <Coords points="891,3286 1134,3296 1264,3349 1589,3267 1883,3308 2005,3277 2078,3313 2128,3293 2131,3197 1526,3180 1339,3216 1249,3168 1163,3219 893,3204"/>
                <Baseline points="904,3274 925,3271 970,3271 1014,3271 1059,3271 1104,3271 1149,3271 1193,3268 1238,3268 1283,3268 1328,3268 1373,3268 1417,3268 1462,3268 1507,3265 1552,3265 1596,3268 1641,3268 1686,3265 1731,3265 1775,3265 1820,3265 1865,3265 1910,3265 1955,3265 1999,3265 2044,3268 2089,3265 2134,3268"/>
                <TextEquiv>
                    <Unicode>mit seiner Aktentasche).</Unicode>
                </TextEquiv>
            </TextLine>
        </TextRegion>
    </Page>
</PcGts>
