3480 4120
2727 299 2823 487 2
270 368 385 530 6
398 513 3050 724 sehr kustig werde in jenem Feuilleton die Szene gerühmt,
411 724 2898 934 wo jedes Sekundantenpaar den Klienten, der beiden Par-
418 888 2783 1069 teien zugehört, für sich in Anspruch nehme; und die
418 1079 2954 1244 besonders gelungene Figur eines Politoders gebe Anlass
415 1221 2833 1431 zu Vergleichen zwischen der Charakterisierungskunst
415 1418 1480 1602 Bernards und Molieres.
424 1566 2849 1803 Diese Erzählung frappierte mich in hohem Grade, denn
431 1793 2803 1941 dæ Sujet, das Frau B.Z. nach jenem Feuilleton, ohne
438 1941 2902 2194 selbst die Komödie Tristan Bernards zu kennen, ihren
434 2135 2892 2290 Gästen mitteilte, war in seinen Grundzügen so gut wie
441 2264 2918 2481 identisch mit einem meiner eigenen Stoffe, dessen Ent-
447 2527 2869 2662 stehung etwa neun Jahre zurück lag, mit dem ich mich
441 2698 2875 2829 vor vier Jahren flüchtig wieder beschäftigt, und den
447 2846 2898 3027 ich vor wenigen Wochen mit erneutem Interesse aufge-
438 2997 2918 3218 nommen hatte, so dass ein ausführliches Szenarium des
451 3214 2991 3369 1.und 2.Aktes und ein etwas flüchtigeres der 3 folgen-
457 3389 2931 3560 den bereits diktiert war. Mein Erstaunen entging den
461 3550 2879 3731 Anwesenden nicht und ich klärte es auf. Meine erste
