3368 4152
2747 342 2888 512 68
724 523 2990 738 Artikel über Sie,Herr Graf, zeigt er sich in
719 693 1827 894 seiner ganzen Stärke.
713 851 2880 1018 Graf: Er ist ein grosses journalis tisches
730 1013 2823 1160 Talent. Ich wüsste Themen für ihn. Jetzt
730 1174 2823 1335 ist ja wieder so eine Agitation für die
727 1259 2998 1516 Ehescheidung Da müsste man wieder für die ka-
354 1287 665 1471 Allerlei
325 1434 532 1525 wurs
741 1474 2571 1595 tholische Weltanschauung eintreten.
266 1508 580 1629 staalie
297 1587 639 1714 hattend
724 1610 2987 1808 Ueber das Parlament. Der Graf wird nächstens
735 1776 1994 1960 wieder eine Rede halten.
727 1918 2908 2130 Er bekommt Briefe aus dem sozialdemokrati
735 2057 2936 2223 schen Lager, dass man ihn erschiessen wird.
803 2192 2690 2356 gott, die Leute habe ja recht von ihm
840 2308 1403 2478 Freundzeitet.
795 2348 2662 2577 Ich hab uns überis für die Resolutin
