3400 4136
1083 218 2667 460 Clegent. - (Herrensime)
402 374 1319 606 Eville. Salor :-
451 555 2158 825 in den Spiegel. - - Briefe. -
486 805 2572 957 Reurig. tran habe he sui weisr a the
583 914 2627 1147 Ich konnte etc bei Frl. Losma. wegen ihn
385 1040 808 1221 nives.
437 1170 2253 1339 Cliet Rensch. wie nollen die Rubrik.
652 1302 2825 1477 I. konnte or a himk de Conlisse.”.“ aifgebe.).
563 1434 2661 1647 Die Abneulensehl hat sich in den letzte Gocher
514 1575 1072 1719 verdepill k,
546 1635 2664 1879 die man thue unschlagen – mein Schult & erhötte;
437 1779 1724 1974 Wie kommt der zi demi-
514 1992 2273 2204 De : -  Il a a bei Trai leurs Lorn
514 2141 2377 2382 Sie ist verwerdch wes ist Til Lern -
526 2276 2012 2463 neieuse a très théâtes.
480 2408 701 2543 in:
569 2509 2454 2690 Wie wollen it Bildbringen. Sie zahlt
497 2644 2555 2862 100 gd to - he in in Jefen. R. avril
425 2785 1983 2951 - Hat er Verhöltnig wit stoin.
491 2908 2506 3107 Ist bale eine ganz feine kle holen der bei.
460 3035 2552 3244 es depas ci unau merkt als de jaf.
431 3135 1851 3316 Aber ci c'est il doit à nouvevel.
460 3270 2770 3454 siers - beniliet kensit - hi nn en temeust.
514 3377 2497 3555 his haber solite huse will much voling -
497 3520 2408 3716 Invectio - bei cit il Bild - fa de Repart
