3400 4216
1147 307 1645 452 Amatin
280 353 748 560 Missr
353 524 1882 659 Til Fahrheit - Neune hérie -
382 646 2973 831 Verhalten mit den fefen.. 3400 frl nicht einfor¬
376 778 3026 1002 Cancellist... he betriest it will.. eine versichert
2426 880 3042 1124 praemie
369 913 1638 1124 to the in a g of korte...
353 1094 2063 1361 2a føllt Ihre ein  - Verbei
429 1361 1012 1595 20 Juhé:-
412 1496 2637 1737 Ich bin wohl wie sehr: - Das werden Sie! -
399 1658 2251 1885 Mit ist es um's gesch die kunst!
422 1810 2581 2044 Titl. Iit giend ein neue pchaali Blatt
514 2054 2324 2232 Zir könnte bei Gelegenheit des Testes.
560 2222 2047 2433 Frite - welche gelegenheiten
587 2337 2742 2555 wie sind ein ernstes u for der Blatt gehorden.
550 2482 2139 2644 Aas verdante sie Ihren Sobst:.
574 2607 2475 2792 En Ehrenman. - Wori? She ist a
705 2713 1635 2907 when kunnen!
672 2864 2548 3105 Bilden he nd will en, det een fic
692 3089 2518 3237 Niederhof kommt - haute tuhls
722 3168 1520 3356 denies Tobias!
827 3280 2911 3464 Ist Gründe ein Privat de lechir und tut.-
949 3435 2621 3632 Wee Heer trad ist wenre it bel wieder
