3480 4120
559 540 2981 789 Am 12. Dezember 1913 befand ich mich in kleiner Ge-
569 697 2994 933 sellschaft bei Frau Berta Zuckerkandl. Im Laufe des
569 965 3102 1137 Abends sprach die Gastgeberin von einem in einem fraa-
572 1089 3141 1329 zösischen Blatt erschienenen Feuilleton über eine neue
581 1281 3045 1460 Komödie von Tristan Bernard, deren Erstaufführung vor
588 1482 3086 1652 wenigen Tagen in Paris stattgefunden hatte und, da ihr
588 1661 3022 1831 meine Verehrung für den glänzenden französischen Hu-
2058 1792 2176 1898 e
591 1837 3058 2038 moristen bekannt war, erzählte/ den Inhalt des Stückes
604 2003 3118 2185 mit wenigen Worten, ungefähr wie folgt. Ein Journalist
610 2131 3115 2358 ist Mitarbeiter eines radikalen Blattes,zugleich aber
617 2345 2943 2553 unter anderm Namen einer Zeitung aristokratischer
610 2498 3106 2716 Richtung. Er steht in Beziehungen zu der Frau des ra-
623 2674 2997 2904 dikalen Zeitungschefs und ist zugleich verlobt mit
620 2869 3067 3077 der Tochter des andern Herausgebers. Die Feindselig-
626 3019 3166 3253 keit zwischen den beiden Journalisten, die in Wirklich-
636 3237 3013 3431 keit nur eine Person vorstellen, entwickelt sich so
636 3399 3070 3610 weit, dass es schlieeslich zu einem Duell kommt. Als
