3352 4184
2578 323 2758 491 107
674 534 2018 699 10. Silborstein-Obendorfer.
677 699 2812 834 Obendorfer: Der Bursch hat einfach Angst.
671 828 2918 1042 Man sollt ihn nicht aus den Augen verlieren,
685 1016 2607 1176 sohst sind wir morgen die Blamierten.
685 1145 2775 1316 Silborstein: Wenn er nicht kommt,könnten
708 1276 2884 1473 ja Sie für ihn eintreten. Uebrigens bin ich
697 1425 2995 1687 seiner ganz sicher; es ist eine Liebesgeschich
697 1624 868 1767 te.
691 1764 2824 1979 Es wird noch über Markus und Voll gespro-
699 1956 982 2147 chen.
