3368 4136
2642 285 2799 526 67
695 532 1360 761 Graf- Engler.
692 744 3022 933 Graf:Ich komme mit einem bestimmten Vorschlag
680 857 2787 1032 Sie haben glänzende Kräfte. Insbesondere
677 1055 2831 1209 Funk. Nicht nur, weil er für mich eingetre-
686 1165 2671 1348 ten ist. Slatt dass wir ein neues Blatt
680 1331 2944 1546 gründen,wollen wir aus Ihrem allmählich ein
680 1471 2930 1683 Tagesblatt machen. Statt die „Elegante Welt"
686 1607 2700 1822 wird es heissen die „Christliche Welt“.
680 1796 2932 1953 Es gibt viel zu tun.Dieser Funk schreibt so
683 1941 2880 2116 gut, dass man beinah selber an das glauben
677 2092 2828 2261 könnte, was man gesagt hat. Wer ist disser
994 2249 1636 2409 (sart i huiselles
674 2296 962 2447 Funk?
677 2401 2828 2569 Engler: Er scheint aus verarmter Adelsfa-
677 2616 2903 2738 milie.Mir schickte ihn ein gewisser Woodra,
689 2717 2979 2909 der Wien verlassen musste, ziemlich plötzlich
671 2927 2953 3054 In einem Spielerprozess,wo er als Zeuge ver-
671 3052 2883 3208 nommen wurde,wurde ihm der Boden heiss und
683 3223 2668 3348 dieser Funk schrieb für ihn einen sehr
686 3360 2950 3525 gelungenen Artikel über das erste Frühjahrs-
671 3499 2892 3665 rennen. Aber erst seit diesem merkwürdigen
