3400 4120
740 445 2759 704 Kohnberger.Silberstein beneidet ihn,wär
752 583 2809 850 fast bereit für ihn einzuspringen; „sowas
746 791 2142 985 kommt unser einem nicht zu.
763 921 2838 1177 Der andere Sekundant (soll es Kohnberger
777 1050 2818 1284 sein?) hat düstere Ahnungen.Müllers Vor
788 1149 3023 1484 sätze für die nächsten Stunden.Er will wirkt
791 1340 3066 1621 lich die Rede im sozialdemokratischen Verein
797 1526 3032 1757 halten und will von dort aus zur Baronesse.
811 1681 2942 1920 Vielleicht ist es sogar seine Absicht die
816 1804 2916 2100 Baronesse zu einer gemeinsamen Flucht zu
828 2055 1258 2215 bewegen.
839 2137 3029 2393 Vielleicht ist er auch nur gesja nut,wie das
839 2334 2300 2517 Ganze sich weiterentwickelt.
859 2446 3077 2649 Vielleicht ist Adele Loser und die Barones-
867 2663 1666 2854 se eine Person.
867 2719 3082 3015 Dann käme sie schon im ersten Akt im „Tage.
884 2885 2978 3119 werk „hätte dort zu erzählen,wie sie von
901 3051 2978 3288 ihren Standesgenossen verfolgt wird etc.
892 3198 2992 3462 Sie will vor allem nur Notizen über sich
918 3389 2103 3617 in die Blätter bringen.
912 3505 3150 3820 Müller geht. Silberstein und Kohnberger blei
