3368 4232
2813 446 2920 570 37
688 584 2785 798 lich gibt es Frauen, die an andere Männer
694 773 2260 968 geraten, die bedauere ich sehr.
683 886 2909 1109 Adele: O Gott,du denkst doch nicht etwa an
691 1047 2858 1267 mich. Dazu bin ich mir viel zu lieb. Daju
702 1219 2810 1402 war ich immer zu gut erzogen. Ich versteh
708 1385 2971 1549 nur alles. Ich bin theoretisch für die fräie
717 1535 2762 1704 Liebe. Ich würde die Ehe überhaupt erst
719 1712 2985 1862 nach der Geburt des ersten Kindes gestatten.
725 1842 2720 2028 Sie will Sabine auf dem Land besuchen.
728 2012 2779 2189 Das erste Mal, dass sie sich eine kleine
734 2153 1839 2353 Sommerwohnung gönnen.
734 2311 2796 2477 Sie erzählt von der Baronin. Morgen hat
734 2452 2734 2632 sie eine Besprechung mit ihr. Das Fest
748 2607 2957 2776 im Augarten. Sie soll mit Kajetan zusammen
762 2739 2023 2945 das Festspiel schreiben.
756 2900 2565 3101 Sie entfernt sich mit Silberstein.
762 3089 2770 3267 Der alte Fink kommt noch während ihres
759 3233 1284 3419 Hierseins.
911 3309 2412 3546 (dit Adele in diesem Art notwecuts?)
