3512 4328
888 523 3089 694 einfach ein kleiner Reporter des Tagewerks
893 697 3066 868 für ihn.Auch von dem bevorstehenden Duell
888 838 3025 1023 weiss er gar nichts. Er stellt das Ansin¬
899 1023 2878 1164 nen an Fliederbusch, dass er ihm seine
899 1181 3113 1349 Stelle beim Tagewerk überlasse, da ihn Egam
904 1333 2978 1496 Satan endgültig hinausgeworfen hat. Sie
904 1479 2873 1648 können doch auch nicht in einem Blatt
910 1620 3003 1794 bleiben“, sagt er, wwo man Sie beschimpft
910 1814 3028 1969 wo man Sie einen albernen Snob nennt, was
910 1947 2928 2110 Sie im übrigen sind. Nun erklärt er,
929 2110 3019 2281 dass er,Kausik,gewesener Offizier,herab
924 2267 2884 2422 gekommen. das Gesindel kenne. Er werde
932 2389 2887 2558 dem Verfasser des prächtigen Artikels
929 2558 2461 2729 noch weiteres Material geben.
1396 2721 2978 2845 Vor Kausik ist Abendstern er
926 2878 3149 3039 schienen, der sich anerbietet Fanny auf die
932 3055 3108 3213 Bahn zu begleiten (das Kind soll doch da-
935 3160 3055 3348 bei sein), wodurch das Alleinbleiben Kau-
940 3351 2790 3492 sik und Fliederbusch motiviert ist.
1416 3481 3174 3669 Kausik versteht die Weigerung des
948 3653 2928 3838 Fliederbusch nicht.Endlich verspricht
