3368 4232
2729 413 2860 604 81
713 539 3008 813 Egon:Wir erwarten Ihre Aufträge. (zu Schromm
730 787 1882 927 Haben Sie die Adresse?
721 892 2811 1064 Schromm: Man sagte mir, das Subjekt würde
733 1049 3005 1275 um 12 in der Redaktion des „Tagewerk" erschei-
730 1272 961 1420 nen.
753 1409 1223 1548 Funk: Hm.
744 1503 2988 1682 Egon: Wir warten. Und wenn Sie uns noch ein
770 1659 3019 1848 paar Minuten warten lassen,so werde ich leb-
750 1788 2991 2002 haft bedauern, dass mein Vater, ohne sich nä¬
741 2016 1805 2176 her zu informieren -
761 2127 2985 2352 Funk: Oho! Um 12 Uhr sagten sie? Es ist
761 2292 2811 2461 Bitte begeben Sie sich in die Redaktion
1545 2401 2061 2506 überbringen
773 2438 2808 2615 des „Tagewerk“ und übrigen Sie Herrn Fink
773 2563 3045 2754 meine Forderung. Pistolen selbstverständlich.
778 2743 1910 2974 Egon: So ist es recht.
778 2843 3068 3116 Schromm: Geben Sie dem Kerl einen Denkzettel,
787 3074 2144 3230 Funk: Ich werde ihn töten.
810 3182 2771 3422 Egon: Ich hielte Säbel für richtiger...
2424 3305 2558 3376 der
784 3345 3028 3516 Schromm: Glauben Sie denn, dass ein Mitarbei-
795 3501 2369 3727 ter des Tagewerk fechten kann?
798 3678 2843 3892 Egon: Auch nicht schiessen. Und wir sind
