3384 4088
2677 298 2867 507 130
838 491 1638 702 gefunden haben.
825 643 2407 846 Fink: Und die ich infam finde.
836 833 1640 993 Graf: Wie bitte?
841 928 2834 1139 Fink: Ich finde sie herrlich und finde
851 1131 1381 1311 sie infam.
856 1234 2762 1468 Graf: Entschuldigen Sie, tut es Ihnen
905 1404 2805 1597 jetzt vielleicht leid, ich mache Ihnen
887 1527 2924 1743 einen vorschlag, treten Sie von dem Duell
874 1718 2942 1887 zurück. Ich werde das, was ich eben privat
892 1828 2728 2036 gesagt.auf dem Duellplatz sagen. Ich
903 1988 2903 2170 werde erklären, dass ich es nicht dulde,
897 2121 2839 2348 dass Sie für mich - Ich werde meinet-
900 2301 2888 2510 halben an Ihrerstatt - Sie können ganz
903 2430 2906 2648 ruhig sein, es wird kein Makel an Ihnen
910 2594 2759 2831 haftenbleiben. Die Frage ist nur,ob
923 2756 2764 2957 Ihr Gegner damit einverstanden sein
1154 2921 1401 3029 Fink:
926 2911 2738 3121 wird. Das ist allerdings die Frage
987 3078 2666 3263 er rennt plötzlich auf und ab )
936 3235 2003 3427 Graf: Was ist Ihnen?
954 3366 3008 3587 Fink: Mein Gegner findet das,was Sie im
