3368 4136
2739 400 2879 569 74
685 578 919 783 gen?
707 733 2696 921 (Wondra müsste ein Jugendbekannter von
702 882 2725 1068 Funk sein, noch aus dem Gymnasium.Er hat
690 1048 2868 1200 ihn bei jener Gerichtsverhandlung erkannt,
690 1206 2896 1375 sonst hätte er sich natürlich gar nicht an
704 1366 2947 1519 ihn gewandt. Sie haben vielleicht als Buben
687 1502 2947 1685 miteinander irgendwelche Gassenbubensträche
707 1651 2854 1814 verübt. Natürlich sprechensie per du. Nun
713 1834 2764 2020 kann sich auch Funk ihm gegenüber gläich
713 2012 1361 2147 aussprechen.
713 2085 2913 2308 Funk: Ich brauche die Stelle beim Tagewerk
718 2285 2313 2443 zu meinem innern Gleichgewicht.
721 2423 2879 2584 Wondra: Es muss dir doch peinlich sein in
721 2567 2922 2753 einem Blatt mitzuarbeiten,wenn auch in be-
724 2694 2925 2925 scheidener Stellung,in dem du ein alberner
1978 2868 2364 3032 1 ilun
724 2894 1862 3071 Suob genannt wirst.
738 3009 2989 3226 Funk: Das bin ja ich selber. Das schreib ich
730 3223 1110 3378 selbst.
733 3339 3001 3516 Nun Erklärung. Seine Sehnsucht war es immer
738 3482 2944 3688 in elegante Kreise zu kommen. Seine Schwär-
