4280 5320
1357 692 1655 902 habe.
1368 814 3643 1005 Warum dann gerade meine,Herr Fink? Ich finde, der
910 906 1166 1063 Graf:
1368 959 3738 1097 Graf Niederhof geht Sie in diesen Zusammenhang gar
1388 1001 3811 1200 nichts an. Für Sie kommt nur die politische Idee in
1384 1131 3838 1307 Betracht, als deren Repräsentanten Sie tausend Andere
1384 1204 3887 1368 geradeso zu betrachten hätten als mich. Aber wer sagt
1399 1323 3849 1468 Ihnen denn überhaupt, dass ich... dass die Person des
1388 1418 3681 1563 Grafen Niederhof mit dem Synbol etwas zu tun hat,
1384 1472 3735 1659 das er zufällig für Siebbedeutet - oder für den Po
1388 1613 2706 1789 panz, den Sie aus ihm machen?
933 1743 3746 1915 Fliederbusch: Sie selbst, Herr Graf, haben sich durch Ihr Auf-
1399 1835 3723 2007 treten im Parlament zun Symbol erhöht. Und selbst
1407 1938 3750 2072 wenn Sie heute, aus Gründen, die ich nicht zu durch-
1411 2011 3715 2164 schauen vermag, an der Berechtigung Ihrer vor drei
1399 2095 3792 2263 Tagen vorge tragenen Anschauungen zu zweifeln begin-
1407 2194 3750 2343 nen; - als sie sie mit so enthusi asmirender - oder
1411 2282 3899 2435 wie Anders meinen - empörender Gewalt in die Versamm-
1411 2362 3914 2527 lung zu schleudern vermochten - mussten Sie von ihrer
1407 2469 3058 2634 Richtigkeit tief durchdrungen sein.
3261 2515 3631 2653 ro gaux
1411 2557 3826 2764 Und wenn ich... (etwas zögernd) nicht) durchdrun-
940 2630 1200 2832 Graf:
1430 2710 3918 2878 gen gewesen wäre- glauben Sie,wäre die Wirkung meiner
1403 2821 2802 2962 Rede eine schwächere gewesen?
944 2997 3375 3123 Fliedertus ch: Das wege ich allerdings zu behaupten.
1418 3104 3960 3333 Warum Herr Fink Liegt es nicht viel näher anzunehmen,
952 3192 1219 3345 Graf:
1426 3241 3887 3417 dass ein Redner, der seine Seele hingibt an Begeiste-
1418 3299 4063 3513 rung für die eigenen politischen Ideele - an Kummer über
1422 3433 3704 3570 dix die Irrtimer seiner Gegner - an Enttäuschung
1430 3509 3750 3631 über den Verrat von preunden - an Kränkungen über
1449 3605 4029 3742 Angriffe,die er erfahren muss - - meinen Sie wohl,
1433 3700 3708 3826 Herr Fink, dass ein seelisch so stark engagierter
1426 3784 3708 3960 Politiker eher in erheblichem Nachteil gegenüber
1449 3803 3899 4006 einem andern sein mits ste, der es vermochte sich seine
1441 3941 3887 4098 inneren Kräfte völlig frei zu erhalten - für das Me-
1453 4048 3796 4193 tier sozusagen - für das Technische seines Berufs,
1460 4136 3849 4285 ohne den grossen Teil dieser inneren Kräfte an sen-
1460 4216 3574 4430 timentale Nebenzwecks verschwenden zu mis sen?
971 4384 4040 4560 Fliederbusch: Was verstehen Sie unter sentimentalen Nebenzwecken,
1449 4514 1953 4683 Herr Graf?
