3768 8552
1021 308 2003 412 Sonnabend, 12. November 1910.
1255 569 1932 686 Plegsummen.
1040 692 2175 791 Der Moabiter Aufruhr vor Gericht
963 769 2166 846 Einer Zuschrift des Berliner Vertreters de
963 821 2166 901 Rheinisch=Westfälischen Zeitung an
975 880 2178 954 sein Blatt entnehmen wir folgende Stelle: „Ber¬
957 932 2190 1006 lin selbst ist in zwei Lager geteilt. Während das
963 997 2178 1061 gesamte Bürgertum ausnahmslos wünscht, daß
957 1049 2190 1117 eine gerechte, aber strenge Bestrafung der Auf¬
957 1101 2178 1175 rührer die Residenz für die nächste Zukunft von
957 1169 2181 1227 ähnlichen Auftritten schützen werde, ist der
957 1212 2190 1286 kleinere Teil, nämlich die Sozialdemokratie,
963 1270 2178 1344 immer noch der Hoffnung, daß durch Drohung
963 1320 2190 1397 der Staat sich so weit einschüchtern lassen werde,
960 1381 2135 1452 nicht mit der ganzen Strenge des Gesetzes geg
975 1430 2160 1504 die Angeklagten vorzugehen. Man fängt nämli¬
969 1495 2184 1554 an, ein schlechtes Gewissen zu bekommen. Nicht
954 1541 2172 1612 etwa aus Mitleid mit den Verführten, und weiß
957 1609 2178 1658 man sein Unrecht einsicht, sondern, weil man
954 1643 2169 1723 aus der Verurteilung und den damit verknüp
957 1713 2175 1775 ten Folgen eine ungünstige Wendung für de
963 1763 2166 1824 weiteren Agitationsfeldzug der roten Interna
957 1821 2178 1883 tionale befürchtet. So ist man bei den „Ge
957 1877 2184 1935 nossen" jetzt etwas zaghaft geworden, denn der
969 1929 2104 1993 rote Faden, der sich von dem so selbstbewuß
963 1978 2101 2043 den Saal eintretenden Landtagsabgeordn
963 2033 2160 2092 Ströbel hin zu den Schächern auf dem Armen
975 2086 2178 2147 sünderbänkchen zieht, kann selbst dem politisch
969 2135 2181 2206 Blinden kaum noch verborgen bleiben. Leute
2280 0 2439 31 i 'f - 'f.
2233 437 3455 541 heilig=ernster Stunde, indem er seine Hand auf
2221 541 3458 591 die Fahne legt, dem obersten Kriegsherrn den
2246 588 3445 661 Fahneneid, das heißt den Eid unverbrüchlicher
2246 640 3445 704 Treue. Im Felde eine Fahne verlieren oder
2233 689 3448 769 sich nehmen lassen von Feindeshand, galt und
2252 748 3458 828 gilt als größte Schande. Andererseits gelten die
2252 800 3448 868 im Feldzuge eroberten Fahnen als die schönste
2233 852 3448 914 Siegestrophäe; selbst bei einem Friedensschluf
2246 917 3458 978 werden sie nicht ausgeliefert. Die Fahne ist dem
2240 963 3442 1031 Soldaten die stete Mahnerin zu ernstester Pflicht
2233 1021 3452 1092 erfüllung. Soll nun mit einem Male dies heilig
2230 1064 3448 1147 Zeichen keine Bedeutung mehr haben, weil Nörg
2233 1138 3461 1197 ler, die keinen Sinn fürs Vaterland haben,
2246 1184 3452 1255 Fahnen und Feldzeichen abschaffen möchten
2240 1237 3467 1304 Welch eine Geschichte des glänzendsten Ruhmes
2246 1295 3448 1360 künden die Hunderte der alten, ehrwürdiger
2240 1354 3452 1415 Feldzeichen, die in manchem Schlachtendonner
2258 1400 3448 1470 ihren Truppen voranflatterten! Wie reich ist
2233 1455 3448 1517 der Kranz der Erinnerungen, die sich an die
2233 1510 3455 1575 Fahnen knüpfen! Und wieviel Heldenmut
2233 1550 3448 1633 Todesverachtung, Tapferkeit künden die eroberten
2252 1624 3455 1689 Fahnen! Die Hunderte von Fahnen in unserer
2252 1683 3458 1741 Kirchen, Zeughäusern, Museen sind ehrwürdige
2335 1735 3439 1806 gen großer Zeiten. Soll das alles nun nicht
2335 1778 3455 1849 or wahr sein? Man würde ein herrliches
2252 1840 3442 1904 Stück Geschichte begraben, wenn den Nörgler
2252 1898 3442 1960 zuliebe in Zukunft die Fahnen abgeschafft wür
2240 1956 3396 2021 den. Wohl haben die jüngsten Fahnen jetzt n
2252 2003 3405 2076 keine „Tradition“, aber sie bekommen eine. Ar
2252 2052 3448 2120 die ältesten Fahnen haben, als sie verlieher
2233 2104 3338 2178 wurden, noch keine tradition gehabt. Ge¬
2252 2156 3341 2230 man weiß, aus welchem Grunde die Abscha
957 2190 2190 2255 vom Schlage der Ströbel, Hoffmann, Ledebour
2252 2215 3341 2289 der Fahnen gefordert wird. Es ist nichts w
957 2255 2190 2326 und Stadthagen gehören zu jenen großen Uebel¬
2246 2286 3442 2344 als der Haß gegen das Heer, das den Staat ha
957 2304 2178 2372 tätern, die man leider laufen lassen muß, wäh
2246 2338 3448 2421 groß machen helfen und sein festestes Vollwer
957 2356 2178 2424 rend die Kleinen dafür büßen müssen. Wer Win
2230 2387 3230 2467 gegen äußere und innere Feinde ist.“
975 2409 2187 2479 säet, wird Sturm ernten. Und als Sämänner
963 2467 2196 2526 haben die Genannten es an der aufhetzenden
2313 2449 3464 2550 Unter der Ueberschrift „Die Fleischnot
957 2526 2178 2581 Tätigkeit in Berlin nicht fehlen lassen. Da
2246 2550 3412 2615 wächst und die Reichsregierung schweig
963 2569 2178 2636 eigenartige Bild, das sich heute in Moabit ent
2258 2606 3335 2704 behandelt die Frankfurter Zeitun
969 2624 2190 2698 rollte, ist nach jeder Richtung hin charakteristisch
2258 2655 3276 2716 Standpunkt der Reichsregierung und des
957 2679 2178 2744 Schon die ganze Zusammensetzung der aufgebote
2258 2716 3279 2778 schen Landwirtschaftsministers zu der T
975 2744 2187 2796 nen Zeugen und der Angeklagen zeigt uns
2246 2769 3282 2827 und kommt dann auf die der badisch
960 2787 2196 2861 daß diesmal Bürgertum und Rechtsstaat ziemlich
2246 2815 3350 2886 gierung erteilte Genehmigung zur kontin
972 2849 2190 2916 geschlossen der roten Internationale und dem sich
2258 2882 3264 2947 tierten Einfuhr von französischem Sch
975 2901 2187 2962 an ihre Schöße hängenden Janhagel gegenüber¬
2252 2935 3089 3021 zu sprechen: „Man wird die Wirkt
969 2956 2190 3021 stehen. Aus der Art der Verhandlungen, die sich
2264 2999 3085 3055 nahme gewiß nicht überschätzen.
957 3015 2172 3095 voraussichtlich über Wochen erstrecken dürften
2264 3042 3292 3110 sie an den Kern der Fleischnotfrage über
975 3058 2172 3125 und dem Endresultat werden wir ersehen, o
2252 3095 3310 3172 nicht rührt, also nichts mit dem Problem
957 3110 2184 3175 der Staat von heute die nötige Energie besitzt
2252 3150 3249 3215 hat, ob und wie die deutsche Landwirt
975 3172 2187 3239 um so einzugreifen, daß seine Maßnahmen nicht
2246 3199 3061 3267 einer ausreichenden Viehversorg
3052 3209 3227 3279 gung
969 3230 2184 3295 nur der Stunde gerecht werden, sondern aus
2258 3261 3061 3325 schen Bedarfs instandgesetzt we-
3052 3249 3218 3325 erden k
969 3270 1996 3359 längere Zeit hinaus vorbeugend wirken.
2252 3316 3205 3387 einer Abkehr von der großagrarische
2258 3368 3209 3442 treidebauenden Großgrundbesitz auf
1027 3365 2196 3470 Die Hamburger Nachrichten begrüßen
2258 3408 3273 3482 vienzüchtenden Bauern stützenden Wir
975 3445 2190 3522 es mit ganz besonderer Freude, daß der Kron¬
2243 3473 3129 3538 politik, die die erste Vorbedingung
975 3513 2190 3581 prinz seine Reise nach Ostasien von Ceylon
2264 3528 2926 3590 sind wir noch lange nicht;
975 3572 2187 3636 aus auf einem wirklich modernen starken Kriegs¬
2264 3581 2926 3658 diert wird, ist lediglich eine
2252 3642 3101 3716 zur Milderung der augenblicklich
969 3618 2184 3695 schiff antritt: „Vor allem begrüßen wir die Reis¬
963 3679 2209 3753 des deutschen Kronprinzen mit dem Kreuzer
2252 3685 3018 3771 auch, ob die Zulassung
969 3741 2190 3805 „Gneisenau". Voraussetzung ist allerdings, daß
2264 3750 3030 3824 Schlachtvieh nach Baden und
975 3781 2196 3855 die Reise auch nach dieser Seite hin verständig
2264 3793 3076 3870 diese augenblickliche Not schnell u
2264 3861 3255 3928 dern wird, muß man ohne übertreiben
969 3845 2196 3904 ausgenutzt wird, und das ist leicht genug. Wer
975 3901 2187 3971 die Verhältnisse im Ausland kennt, weiß, wi-
2264 3916 3215 3981 nungen abwarten. Man weiß, daß a
975 3953 2212 4015 lange man dort von einem einzigen Besuche eines
2264 3965 3024 4048 reich zurzeit hohe Viehpreise h
2264 4015 3245 4088 steht der neueröffneten Zufuhrmöglich
975 4015 2190 4076 deutschen Kriegsschiffes zehrt, und wie nach
3276 4011 3436 4091 eit ein
969 4067 2190 4122 haltend günstig der Einfluß auf die Hebung des
2264 4076 3245 4159 weilen wohl noch ohne Verbindungen
2356 4116 2566 4202 unerfal
2701 4119 3005 4199 gegenüber.
969 4122 2203 4178 nationalen Sinnes und auch auf die Einigkeit
2356 4168 2563 4242 den, dan
2698 4174 3005 4242 scht, falls etw
975 4165 2203 4236 der Auslandsdeutschen ist. Freilich, Komman¬
3224 4168 3415 4356 ge
2510 4221 2719 4328 sollte.
981 4233 1849 4294 danten und Offiziere, Deckoffizier
2255 4227 2427 4294 täusch-
2858 4224 3104 4334 par die asse
2507 4279 3224 4387 „Sachen" ganz und gar ni¬
1440 4282 1852 4353 du der wichtigen
1120 4285 1449 4359 sere müssen
1126 4334 1449 4408 be, die solche
1440 4276 2206 4411 Auslandsreisen an sie stellen,
2372 4353 3476 4436 ein gewiß nicht allzu reichlich bemessenen
1941 4381 2203 4448 ankommt.
1873 4393 2203 4507 an Aufmer###
2270 4421 3461 4491 Quantum französischen Schlachtviehs in einzelne
2264 4482 3430 4544 badischen und elsässischen Schlachthäusern zu
987 4485 2064 4556 samkeit haben manchmal Mißstimmunge
1289 4488 2212 4621 dem Deutschtum schweren Schaden
2258 4531 3430 4608 lassen wird, so ist das nur eine höchst unyt
987 4547 1298 4621 stiftet, die
2276 4587 3488 4651 kommene Abschlagszahlung auf das, was zur
978 4577 2203 4664 brachten. Die Kronprinzenreise liefert eine
2270 4633 3473 4707 Linderung der Not in Wirklichkeit hätte geschehen
987 4654 2203 4731 seltene Gelegenheit, den Deutschen in Indien —
2270 4691 3473 4753 müssen. Und die Bedeutung dieser Maßnahm
984 4691 2209 4793 und diese haben wegen des englischen Druckes
2267 4750 3485 4814 liegt vor allem auf dem prinzipiellen Gebiet
987 4765 2206 4839 es nötiger als z. B. in Ostasien — nationales
2276 4808 3461 4860 denn sie erbringt wieder einmal den Beweis: e
987 4817 2203 4888 Selbstbewußtsein einzuflößen. Dazu kommt, daß
2270 4854 3482 4919 ist einfach nicht wahr, daß die hermetische Ab¬
987 4873 2215 4944 die „Gneisenau“ ein moderner, starker Panzer¬
2276 4913 3442 4977 sperrung, wie sie bisher gehandhabt wurde, nö
991 4931 2212 4996 kreuzer ist, der sich neben den Schiffen anderer
2258 4968 3439 5036 wendig ist, um den heimischen Viehbestand v
981 4980 2218 5064 Nationalen, soweit sie auf den Ozeanen umher¬
2283 5008 3442 5088 Seuchen zu schützen. In demselben Augenbli
991 5042 2209 5110 schwimmen, ohne Scheu sehen lassen kann. Auch
2283 5079 3473 5140 indem die Regierung der Pfalz die Zufuhr au
997 5085 2218 5165 das ist ein wichtiges Moment. Gerade die in
2276 5128 3473 5193 den preußischen Provinzen nur noch mit Ge
1003 5162 2215 5230 den englischen Kolonien ansässigen Deutschen
2283 5177 3473 5248 sundheitsscheinen zulassen kann, um die Ueber
997 5217 2209 5279 wissen davon zu erzählen, wie die Engländer es
1003 5260 2212 5331 ihnen zu fühlen geben, wenn ein veralteter deut¬
991 5319 2212 5387 scher Kreuzer oder ein uraltes Panzerschiff wie
2276 5334 3479 5414 demselben Augenblick kann man unter ent¬
997 5383 2224 5448 früher die „Deutschland“, die nach dreißigjähriger
2289 5393 3473 5463 sprechenden Vorsichtsmaßnahmen französische
991 5433 2212 5510 Dienstzeit „zum Kreuzer befördert wurde“, in
2283 5448 3464 5525 Schlachtvieh zulassen, ohne eine Gefährdung zu
997 5485 2212 5556 den Hafen kommt. Dann lieber gar nichts! so
2276 5513 3430 5583 befürchten. Mit welchem Recht verweigert m
991 5543 2209 5611 lautet einstimmig das Urteil der Deutschen
2276 5568 3430 5633 die Zulassung von holländischem Schlachtvie
991 5599 2224 5670 Solch alte Kasten und minderwertigen Typen
2289 5623 3430 5688 Mit welchem Recht verweigert man die Erri
991 5663 2224 5731 zum Zeigen der deutschen Flagge auszuschicken
2289 5676 3470 5746 tung von Schlachthäusern an der Grenze, i
997 5716 2218 5783 erhöht weder das Ansehen des Reichs noch das
2283 5731 3479 5790 denen das fremde Vieh geschlachtet werden
1009 5768 2230 5854 der Deutschen im Auslande. Selbstverständlich
2283 5790 3473 5845 könnte, ohne mit dem heimischen überhaupt i
1003 5826 2218 5894 gibt es auch Ausnahme und Fälle, wo auch
2283 5839 3473 5909 Berührung zu kommen. Mit welchem Recht ver
981 5879 2224 5949 Kanonenboote und alte Schiffe besser sind als
2289 5897 3485 5971 weigert man die Zulassung von gefrorenen
991 5943 2233 6014 nichts, aber für solche Gegenden, wie sie hier in
2283 5953 3464 6020 argentinischen Fleisch, das in England in ung
1009 5993 2236 6076 Rede stehen, sollte man tatsächlich immer gute
2283 6002 3464 6069 heuren Mangen importiert wird, und das jetzt
991 6036 2224 6125 Schiffe schicken oder, gar keine. Manche An
2295 6063 3461 6128 auch in Oesterreich mit Erfolg eingeführt we
1009 6106 2224 6186 zeichen lassen neuerdings darauf schließen, das
2289 6119 3485 6186 den darf? Und vor allem — wie will die Reichs
1003 6168 2236 6232 nach langer Pause die außerheimische Tätigkeit
2289 6180 3473 6236 regierung es rechtfertigen, daß sie monatelan
1015 6223 2236 6291 unserer Flotte wieder im Wachsen ist. Möge
2295 6229 3476 6294 überhaupt nichts getan hat, um die Not zu lin
1003 6263 2224 6352 die Kronprinzenreise auch nach dieser Seite hin
2283 6269 3473 6343 dern, und daß auch jetzt wahrscheinlich gar nicht
1009 6328 1630 6420 ein gutes Omen sein!“
2289 6334 3488 6405 geschehen wäre, wenn nicht einige Landesregie
2283 6389 3467 6469 rungen ohne Furcht vor preußischen Einschücht
1080 6359 2224 6469 Dasselbe Blatt greift die sozialdemo
2301 6442 3424 6506 rungen, denen Bayern bisher gewichen ist,
1009 6457 2224 6525 kratischen Blätter an, die unsere ruhmreich=
2301 6485 3424 6583 Initiative ergriffen hätten? Was jetzt geschi¬
1021 6509 2224 6577 Armee unaufhörlich zum Gegenstand von An
2295 6552 3461 6626 hätte in viel größerem Umfange schon vor M
1015 6568 2236 6645 griffen machen: „Neuerdings wird gegen die
2301 6608 3498 6672 naten geschehen können, ohne die berechtigten
1027 6626 2240 6694 Fahnen und Feldzeichen Sturm gelaufen. Sie
2301 6663 3495 6725 Ansprüche der Landwirtschaft auf den Seuchen
1034 6666 2190 6743 hätten nur in früheren Jahrhunderten
2301 6703 3485 6789 schutz zu gefährden. Und also hätte es geschehet
1015 6731 2190 6811 „Richtungszeichen“ Bedeutung und Wert geha
2301 6768 3473 6848 müssen! Es ist die schwerste Anklage gegen d
1021 6789 2243 6854 heute sei das ganz „veraltet“; sie seien im Frie¬
2319 6817 3485 6900 Reichsregierung, daß sie monatelang Hunger
1015 6845 2227 6915 den wie im Kriege zwecklos. Daher seien die
2298 6869 3467 6955 preise geduldet hat, ohne auch nur die bescheid
1015 6897 2236 6971 „alten Fahnen“ und Feldzeichen in die Rumpel¬
2301 6931 3467 7011 nen Mittel anzuwenden, die sie doch jetzt selb
1034 6952 2236 7008 kammer zu bringen. Neue Fahnen seien aber
2295 6995 3110 7091 als möglich anerkennen mußte.
1034 6992 2236 7063 unter keinen Umständen mehr anzuschaffen, denn
1027 7054 2224 7128 sie hätten keine Credition. Sogar „Sparsam
2341 7069 3492 7168 Die Rede des englischen Ministerpräsi
1040 7106 2230 7174 keitsrücksichten“ müssen herhalten, um diese For
2301 7137 3513 7229 denten Asquith bei der Feier der Amtsein¬
1034 7171 2249 7229 derung zu begründen, ja, man schrickt selbst vor
2313 7202 3510 7278 setzung des neuen Lord=Mayors in der Guildhall
1052 7220 1917 7288 Spott und Beleidigungen nicht zu
1907 7220 2233 7318 „zurück und be
1027 7275 1917 7368 zeichnet die Fahnen als „Lappen“
2313 7263 3448 7334 über die wichtigsten politischen Fragen, ins
2307 7306 3448 7438 sondere über Persien und die Rüstungsfro
1111 7309 2236 7411 Gegen dieses Treiben wendet sich das Organ
2313 7371 3418 7441 bringt der Täglichen Rundschau
1027 7386 2240 7463 des Kyffhäuser=Bundes der deutschen Landes¬
2295 7417 3415 7494 Neues: „Die Worte sind bekanntlich für
1027 7438 2240 7512 kriegerverbände, die Kyffhäuser=Korre¬
2295 7472 3470 7561 Diplomaten oft nur dazu da, um die wahr
1058 7497 2243 7592 spondenz mit folgenden Ausführungen:
2307 7528 3473 7601 Gedanken mit ihnen zu verhüllen. Das zeigt s
1046 7543 2236 7641 „Jeden echt deutschen Mann, insbesondere di
2313 7580 3467 7666 hier besonders in der Behandlung der persisch
1040 7601 2252 7700 alten und jungen Soldaten, müssen solche Ver¬
2313 7638 3488 7721 Frage. Asquith betont zwar, daß es England
1046 7669 2258 7728 unglimpfungen aufs tiefste empören. Jeder
2313 7691 3347 7774 Absicht sei, jede Art von Feindseligkeit ge¬
1052 7724 2233 7792 Soldat weiß, daß die Fahne sein heiligstes, kost
2313 7746 3350 7841 persische Regierung zu vermeiden, hebt ab
1046 7771 2249 7844 barstes Gut ist, das mit Blut und Leben ver¬
2307 7808 3412 7891 andererseits das britische Recht hervor,
1052 7835 2267 7906 teidigt und geschützt werden muß. Die Fahne
2301 7857 3408 7946 Maßregeln zu ergreifen, wie sie für den
1046 7894 2267 7955 ist das Sinnbild militärischer Ehre und Treue.
1040 7912 3504 8014 An weibevoller Stätte schwört der Soldat in der britischen Interessen notwendig sind. Hier is
