3384 4088
2585 236 2774 394 133
842 409 2909 648 feind. Einer von uns Beiden muss aus der
834 629 1101 777 Welt.
837 733 2776 925 Graf: Wen hassen Sie in diesem Augen-
844 914 1210 1096 blick?,
865 1031 2849 1220 Fink: Wie können Sie fragen? Sehen Sie
862 1191 2849 1365 nicht, wo ich bin? Ahnen Sie nicht, dass
873 1331 2857 1507 ich die Baronin liebe? Ud wenn ich von
865 1497 2852 1689 hier wieder zurückkehre in mein Heim,
886 1642 2761 1808 wo meine liebe kleine Frau sitzt und
891 1764 2932 2002 englische Romane ins Deutsche übersetzt
886 1958 2810 2165 für drei Gulden die Fortsetzung - Oh,
896 2108 2916 2277 dieser Schuft, dieser schuft! Dieser al-
901 2287 1474 2448 borne Snob!
938 2378 2608 2616 (Ein Wagen nähert sich und hält).
912 2551 2862 2717 Fink: (fassungslos) Meine Sekundanten.
886 2688 2968 2906 Graf: So sagen Sie einfach die Wahrheit.
919 2867 2950 3061 Fink: Diesen Leuten - dass ich auch der
919 2984 2973 3225 Andere bin, dass ich mit diesem jämmerli-
922 3152 2927 3357 chen Kerl identisch bin, der mich einen
927 3310 2914 3551 albernen Snob nennt, nicht um die Welt.
