3400 4168
2792 375 2965 585 121
970 536 3030 745 Gegner angebandelt und wer von Ihnen am
975 740 2968 893 Leben bleibt, der führt die Braut heim.
981 859 3014 1053 Der Thronfolger kommt auch. Es ist näm-
983 1027 2238 1247 lich für die Luftflotte.
988 1348 3027 1514 Indessen ist auch Adele Loser gekommen.
1035 1459 3051 1695 Adele: Für die Luftflotte? Ich habe ge-
991 1638 2663 1837 meint für die unehelichen Kinder.
994 1754 2797 1966 Cajetan: Na ja,für die unehelichen
1397 1935 1540 2026 von
996 1925 2782 2150 Kinder für den Luftschiffern, haha.
1004 2119 2857 2282 Adsles (zu Fink) Sie sind auch wegen
1009 2256 1788 2448 des Festes daf
1009 2386 2994 2564 Cajetan(stellt Fink Adele Loser vor.)
1009 2567 2862 2727 Der Verfasser der berühmten Artikel
1019 2696 3017 2903 gegen Funk, der den Funk einen albernen
1012 2895 3092 3030 Suob genannt hat, der es heute mit seinem
1035 3040 2078 3193 Leben bezahlen wird.
1027 3146 3022 3372 Fink: Reden Sie doch lieber keine sol-
1035 3338 2448 3514 chen Sachen, lieber Cajetan.
1043 3485 3040 3648 Adele: Ich bin Demokratin mit Leib und
