4232 5320
3415 247 3620 452 200
1308 527 3207 796 so irgend etwas wie ein Verräter werden?
828 731 3709 953 Fliederbusch: So empfänden sie es also doch als einen Verrat,
1319 831 3638 1043 wenn Sie Ihr recht erkunststück auf der Gegensei te
1312 971 2208 1125 probiert hätten -?
1340 1079 3806 1294 In gesellschaftlichem Sinn sozusagen, nicht im morali-
1340 1175 3810 1365 schen. Heute wenigstens... Aber ich hoffe zuversicht-
871 1150 1129 1358 Graf:
1337 1276 3691 1455 lich, dass sich diese Empfindung - mit Absicht, mein
1344 1326 3870 1552 werter Herr Fink, bediene ich mich eines aus dem Sport-
1351 1451 3781 1681 jargon geholten Ausdrucks - dass sich solche Empfin-
1398 1523 3845 1731 dungen bei weiterem Training veri ieren und ich somit
1358 1627 3842 1881 in keiner Weise gehindert sein werde - gelegentlich -
1373 1792 1731 1957 (Geste)
896 1874 3738 2100 Fliederbusch: Nun erl aub ich mir zu bemerken, dass das Gebiet
1365 1953 3853 2157 der Politik doch eben nicht wohl mit einem Sportplatz
1369 2118 2473 2286 verglichen werden kann.
1373 2222 3720 2415 Das ist kein Vergleich, Herr Fink, für mich ist die
1390 2312 3731 2509 Politik nichts anderes - kann für mich na turgemäss
896 2308 1172 2476 Graf:
1373 2398 3734 2602 gar nichts anderes sein. Man hat ja in der Politik
1394 2509 3806 2706 wie in den meisten andern Dirgen xxx die Wahl: Mono-
1390 2580 3838 2767 mane - oder Sportemann. Das heisst: die Wahl hat man
1390 2670 3734 2867 nicht... man ist so oder so organisiert. Und mein
1380 2763 3698 2967 Beruf ist es nun einmal - wie soll ich nur sagen:
1390 2853 3810 3068 mir Höchstle istungen abzufordern...auf allen Gebie-
1398 2924 3874 3114 ten...je nach den Jahren. Nun kommt eben die Politik
1412 3053 3716 3229 dran...es wird hoffentlich auch ganz nett werden.
932 3143 3351 3440 Fliederbusch: Man kann nicht behaupten,Herr Graf -
960 3476 1244 3623 Graf:
953 3541 3372 3781 Fliederbusch: Dass sie die Dinge sehr ernst nehmen.
1441 3677 3946 3931 Parch n, Herr Fink, ich nehme die Dinge viel leicht nicht
1441 3824 3885 4021 so wichtig, aber gewiss ebenso ernst als Sie zum Bei-
960 3792 1222 3971 Graf:
1441 3874 3892 4078 spiel,- nur in anderer Weise. Hat das Dasein für mich
1444 3989 3802 4175 weniger Spannung, weniger Inhalt oder etwai waniger
1448 4042 3917 4272 Befahren als für andere Leute? Und wer weiss, ob mein
1459 4164 3870 4383 politische sportoarriere nicht damit endet, dass man
1451 4275 3250 4476 mich einmal an einer Laterne aufhärgt.
968 4451 2842 4695 Fliederbusch: Wir wollen nicht hoffen -
