<?xml version="1.0" encoding="UTF-8" standalone="yes"?>
<PcGts xmlns="http://schema.primaresearch.org/PAGE/gts/pagecontent/2013-07-15" xmlns:xsi="http://www.w3.org/2001/XMLSchema-instance" xsi:schemaLocation="http://schema.primaresearch.org/PAGE/gts/pagecontent/2013-07-15 http://schema.primaresearch.org/PAGE/gts/pagecontent/2013-07-15/pagecontent.xsd">
    <Metadata>
        <Creator>prov=READ-COOP:name=TrHtr:version=2.1.0:model_id=51170:date=30_07_2023_05:01</Creator>
        <Created>2023-05-10T13:29:25.716+02:00</Created>
        <LastChange>2023-07-30T05:01:41.915+02:00</LastChange>
        <TranskribusMetadata docId="1428576" pageId="55413008" pageNr="188" tsid="131483515" status="IN_PROGRESS" userId="64420" imgUrl="https://files.transkribus.eu/Get?id=BMDXVQLEPXTTOMBUDYNNGBIB&amp;fileType=view" xmlUrl="https://files.transkribus.eu/Get?id=TARRIVCIEPZJLOQHEXXBXIKN" imageId="44687149"/>
    </Metadata>
    <Page imageFilename="1428576_0188.jpg" imageWidth="3400" imageHeight="4184">
        <ReadingOrder>
            <OrderedGroup id="ro_1711792009543" caption="Regions reading order">
                <RegionRefIndexed index="0" regionRef="tr_1"/>
                <RegionRefIndexed index="1" regionRef="tr_2"/>
            </OrderedGroup>
        </ReadingOrder>
        <TextRegion id="tr_1" custom="readingOrder {index:0;}">
            <Coords points="928,430 2981,430 2981,2355 928,2355"/>
            <TextLine id="tr_1_tl_1" custom="readingOrder {index:0;}">
                <Coords points="2755,508 2778,506 2818,518 2843,511 2874,533 2879,528 2894,536 2944,533 2949,403 2926,395 2881,403 2863,388 2851,395 2813,367 2763,372"/>
                <Baseline points="2772,489 2775,489 2820,483 2864,483 2909,480 2954,480"/>
                <TextEquiv>
                    <Unicode>119</Unicode>
                </TextEquiv>
            </TextLine>
            <TextLine id="tr_1_tl_2" custom="readingOrder {index:1;}">
                <Coords points="913,715 1336,697 1419,732 1605,727 1799,684 1912,720 1968,700 1973,554 1759,584 1691,554 1583,596 1369,594 1288,556 1183,599 1100,569 996,604 916,564"/>
                <Baseline points="928,665 946,668 990,668 1035,665 1080,665 1125,665 1169,662 1214,662 1259,662 1304,662 1348,662 1393,659 1438,656 1483,656 1527,653 1572,653 1617,653 1662,650 1707,650 1751,647 1796,644 1841,644 1886,644 1930,644 1975,647"/>
                <TextEquiv>
                    <Unicode>Fink - Cajotan kommt.</Unicode>
                </TextEquiv>
            </TextLine>
            <TextLine id="tr_1_tl_3" custom="readingOrder {index:2;}">
                <Coords points="913,913 1968,888 2172,798 2889,838 2896,642 2720,710 918,732"/>
                <Baseline points="931,823 972,820 1017,817 1062,817 1107,814 1151,814 1196,817 1241,814 1286,817 1331,814 1375,814 1420,811 1465,808 1510,808 1554,805 1599,805 1644,805 1689,805 1733,805 1778,802 1823,796 1868,796 1912,796 1957,793 2002,793 2047,787 2092,787 2136,787 2181,787 2226,784 2271,784 2315,781 2360,778 2405,778 2450,778 2494,775 2539,772 2584,772 2629,769 2673,769 2718,769 2763,766 2808,763 2852,763 2897,763"/>
                <TextEquiv>
                    <Unicode>Er hat geklingelt und der Kammerdiener</Unicode>
                </TextEquiv>
            </TextLine>
            <TextLine id="tr_1_tl_4" custom="readingOrder {index:3;}">
                <Coords points="928,986 1024,999 1052,1022 1110,1027 1125,1042 1142,1029 1193,1037 1225,1004 1306,1006 1308,903 1261,913 1215,898 1145,918 1097,888 1069,906 1037,891 931,906"/>
                <Baseline points="943,966 987,969 1032,969 1077,966 1122,966 1166,966 1211,963 1256,966 1301,966 1313,966"/>
                <TextEquiv>
                    <Unicode>öffnet.</Unicode>
                </TextEquiv>
            </TextLine>
            <TextLine id="tr_1_tl_5" custom="readingOrder {index:4;}">
                <Coords points="928,1180 2818,1130 2853,956 2670,936 2441,1027 2048,989 931,1067"/>
                <Baseline points="943,1122 978,1125 1023,1125 1068,1125 1113,1119 1157,1122 1202,1119 1247,1119 1292,1119 1336,1116 1381,1113 1426,1113 1471,1110 1516,1110 1560,1110 1605,1107 1650,1104 1695,1104 1739,1104 1784,1101 1829,1104 1874,1101 1918,1101 1963,1098 2008,1098 2053,1095 2097,1095 2142,1092 2187,1092 2232,1089 2277,1086 2321,1086 2366,1086 2411,1083 2456,1080 2500,1080 2545,1077 2590,1074 2635,1074 2679,1074 2724,1074 2769,1071 2814,1068 2858,1065"/>
                <TextEquiv>
                    <Unicode>Cajotan(sehr eilig mit einer Aktenta-</Unicode>
                </TextEquiv>
            </TextLine>
            <TextLine id="tr_1_tl_6" custom="readingOrder {index:5;}">
                <Coords points="926,1311 1213,1361 1769,1288 2177,1316 2843,1253 2846,1183 2612,1137 928,1230"/>
                <Baseline points="940,1277 969,1277 1014,1280 1059,1280 1104,1277 1148,1274 1193,1271 1238,1271 1283,1274 1328,1271 1372,1268 1417,1265 1462,1262 1507,1262 1551,1262 1596,1262 1641,1262 1686,1259 1730,1259 1775,1259 1820,1259 1865,1256 1909,1253 1954,1253 1999,1253 2044,1250 2089,1247 2133,1247 2178,1247 2223,1241 2268,1241 2312,1238 2357,1238 2402,1235 2447,1235 2491,1232 2536,1232 2581,1232 2626,1229 2670,1229 2715,1226 2760,1226 2805,1229 2850,1235"/>
                <TextEquiv>
                    <Unicode>sche, laut) Was, Fink? Ja Donnerwetter,</Unicode>
                </TextEquiv>
            </TextLine>
            <TextLine id="tr_1_tl_7" custom="readingOrder {index:6;}">
                <Coords points="941,1500 1188,1469 1319,1502 1716,1444 1852,1495 2149,1472 2154,1316 946,1369"/>
                <Baseline points="957,1426 993,1429 1038,1432 1083,1429 1128,1429 1172,1426 1217,1426 1262,1426 1307,1423 1351,1423 1396,1420 1441,1417 1486,1417 1530,1414 1575,1414 1620,1414 1665,1414 1710,1411 1754,1411 1799,1408 1844,1405 1889,1405 1933,1402 1978,1402 2023,1402 2068,1399 2112,1399 2157,1396"/>
                <TextEquiv>
                    <Unicode>was machen denn Sie da?</Unicode>
                </TextEquiv>
            </TextLine>
            <TextLine id="tr_1_tl_8" custom="readingOrder {index:7;}">
                <Coords points="936,1628 2635,1570 2828,1620 2863,1452 939,1502"/>
                <Baseline points="951,1584 990,1584 1035,1581 1080,1584 1125,1581 1169,1578 1214,1578 1259,1578 1304,1575 1348,1572 1393,1572 1438,1572 1483,1569 1527,1569 1572,1569 1617,1569 1662,1566 1707,1563 1751,1560 1796,1560 1841,1560 1886,1557 1930,1557 1975,1557 2020,1554 2065,1554 2109,1551 2154,1551 2199,1545 2244,1545 2288,1542 2333,1542 2378,1542 2423,1539 2468,1536 2512,1536 2557,1536 2602,1536 2647,1533 2691,1533 2736,1530 2781,1527 2826,1527 2870,1527"/>
                <TextEquiv>
                    <Unicode>Baronin : (erscheint auf dem Balkon im</Unicode>
                </TextEquiv>
            </TextLine>
            <TextLine id="tr_1_tl_9" custom="readingOrder {index:8;}">
                <Coords points="939,1794 1145,1814 1271,1756 1510,1819 1930,1711 2740,1721 2773,1628 944,1676"/>
                <Baseline points="954,1736 987,1736 1032,1736 1077,1733 1122,1733 1166,1730 1211,1730 1256,1727 1301,1727 1345,1727 1390,1727 1435,1724 1480,1721 1524,1721 1569,1718 1614,1718 1659,1715 1704,1712 1748,1712 1793,1712 1838,1712 1883,1712 1927,1710 1972,1710 2017,1707 2062,1707 2106,1704 2151,1704 2196,1701 2241,1698 2285,1695 2330,1695 2375,1695 2420,1695 2465,1692 2509,1689 2554,1692 2599,1689 2644,1686 2688,1686 2733,1686 2778,1686"/>
                <TextEquiv>
                    <Unicode>Frisiermantel) Wer macht denn da so</Unicode>
                </TextEquiv>
            </TextLine>
            <TextLine id="tr_1_tl_10" custom="readingOrder {index:9;}">
                <Coords points="956,1948 2574,1902 2869,1867 2871,1751 959,1822"/>
                <Baseline points="969,1889 993,1886 1038,1889 1083,1889 1128,1886 1172,1886 1217,1886 1262,1883 1307,1883 1351,1883 1396,1880 1441,1877 1486,1877 1530,1874 1575,1874 1620,1871 1665,1871 1710,1868 1754,1868 1799,1868 1844,1865 1889,1865 1933,1862 1978,1862 2023,1859 2068,1859 2112,1859 2157,1853 2202,1853 2247,1850 2291,1850 2336,1853 2381,1850 2426,1847 2471,1844 2515,1847 2560,1844 2605,1844 2650,1841 2694,1838 2739,1835 2784,1835 2829,1838 2873,1841"/>
                <TextEquiv>
                    <Unicode>einen Mordskrawall? Sie Herr Cajetan?</Unicode>
                </TextEquiv>
            </TextLine>
            <TextLine id="tr_1_tl_11" custom="readingOrder {index:10;}">
                <Coords points="954,2091 2584,2071 2768,2033 2770,1938 2270,1907 959,1990"/>
                <Baseline points="969,2044 981,2044 1026,2044 1071,2041 1116,2038 1160,2038 1205,2038 1250,2035 1295,2035 1339,2035 1384,2035 1429,2029 1474,2023 1519,2023 1563,2023 1608,2023 1653,2020 1698,2017 1742,2017 1787,2014 1832,2014 1877,2011 1921,2014 1966,2014 2011,2011 2056,2011 2100,2008 2145,2005 2190,2002 2235,1999 2280,1999 2324,1996 2369,1993 2414,1990 2459,1990 2503,1993 2548,1987 2593,1987 2638,1987 2682,1987 2727,1987 2772,1990"/>
                <TextEquiv>
                    <Unicode>Cajetan: Guten Morgen, Fraff Baronin.</Unicode>
                </TextEquiv>
            </TextLine>
            <TextLine id="tr_1_tl_12" custom="readingOrder {index:11;}">
                <Coords points="951,2234 1220,2260 1505,2204 1862,2267 2609,2209 2632,2056 954,2126"/>
                <Baseline points="966,2196 978,2199 1023,2193 1068,2193 1113,2193 1157,2190 1202,2187 1247,2187 1292,2184 1336,2184 1381,2184 1426,2181 1471,2181 1516,2181 1560,2178 1605,2175 1650,2172 1695,2172 1739,2169 1784,2169 1829,2166 1874,2166 1918,2166 1963,2163 2008,2163 2053,2163 2097,2160 2142,2160 2187,2157 2232,2154 2277,2151 2321,2148 2366,2145 2411,2145 2456,2145 2500,2142 2545,2142 2590,2142 2635,2142"/>
                <TextEquiv>
                    <Unicode>Baronin: Ja,was wollen Sie denn?</Unicode>
                </TextEquiv>
            </TextLine>
            <TextLine id="tr_1_tl_13" custom="readingOrder {index:12;}">
                <Coords points="959,2388 2604,2370 2974,2317 2979,2177 1857,2272 964,2260"/>
                <Baseline points="975,2342 1011,2345 1056,2345 1101,2345 1145,2342 1190,2345 1235,2342 1280,2339 1325,2336 1369,2339 1414,2336 1459,2333 1504,2333 1548,2330 1593,2327 1638,2327 1683,2327 1727,2324 1772,2321 1817,2318 1862,2318 1906,2315 1951,2315 1996,2315 2041,2312 2086,2312 2130,2309 2175,2306 2220,2306 2265,2303 2309,2300 2354,2300 2399,2300 2444,2297 2488,2297 2533,2294 2578,2294 2623,2294 2667,2294 2712,2288 2757,2288 2802,2288 2847,2285 2891,2282 2936,2280 2981,2280"/>
                <TextEquiv>
                    <Unicode>Cajetan: Frau Baronin haben mich ja für</Unicode>
                </TextEquiv>
            </TextLine>
        </TextRegion>
        <TextRegion id="tr_2" custom="readingOrder {index:1;}">
            <Coords points="978,2388 2999,2388 2999,3722 978,3722"/>
            <TextLine id="tr_2_tl_1" custom="readingOrder {index:0;}">
                <Coords points="961,2557 2803,2506 2828,2390 2114,2350 1802,2426 966,2418"/>
                <Baseline points="978,2503 993,2500 1038,2500 1083,2497 1128,2497 1172,2497 1217,2494 1262,2491 1307,2488 1351,2488 1396,2488 1441,2485 1486,2485 1530,2482 1575,2479 1620,2476 1665,2479 1710,2476 1754,2473 1799,2473 1844,2471 1889,2471 1933,2471 1978,2468 2023,2468 2068,2468 2112,2465 2157,2465 2202,2462 2247,2459 2291,2456 2336,2456 2381,2453 2426,2453 2471,2450 2515,2450 2560,2447 2605,2447 2650,2444 2694,2444 2739,2444 2784,2441 2829,2438"/>
                <TextEquiv>
                    <Unicode>heut Früh herbestellt.Auch das Fräu-</Unicode>
                </TextEquiv>
            </TextLine>
            <TextLine id="tr_2_tl_2" custom="readingOrder {index:1;}">
                <Coords points="971,2715 2949,2670 2994,2511 976,2572"/>
                <Baseline points="987,2653 1029,2650 1074,2650 1119,2650 1163,2650 1208,2647 1253,2647 1298,2644 1342,2641 1387,2641 1432,2638 1477,2638 1521,2635 1566,2632 1611,2635 1656,2632 1701,2632 1745,2629 1790,2626 1835,2626 1880,2623 1924,2623 1969,2620 2014,2620 2059,2617 2103,2617 2148,2614 2193,2611 2238,2611 2282,2608 2327,2611 2372,2608 2417,2608 2462,2608 2506,2605 2551,2605 2596,2605 2641,2605 2685,2602 2730,2602 2775,2596 2820,2593 2864,2593 2909,2590 2954,2587 2999,2587"/>
                <TextEquiv>
                    <Unicode>lein Loser -)wegen des Festspiels. Ich</Unicode>
                </TextEquiv>
            </TextLine>
            <TextLine id="tr_2_tl_3" custom="readingOrder {index:2;}">
                <Coords points="969,2853 1188,2889 1389,2828 1754,2841 1950,2780 2136,2818 2315,2788 2317,2695 1993,2680 1824,2730 1666,2695 1482,2740 1341,2700 1266,2748 974,2718"/>
                <Baseline points="984,2799 1026,2802 1071,2802 1116,2799 1160,2802 1205,2799 1250,2796 1295,2796 1339,2796 1384,2793 1429,2790 1474,2790 1519,2790 1563,2787 1608,2784 1653,2781 1698,2781 1742,2778 1787,2778 1832,2775 1877,2775 1921,2775 1966,2772 2011,2772 2056,2772 2100,2769 2145,2766 2190,2763 2235,2763 2280,2763 2324,2766"/>
                <TextEquiv>
                    <Unicode>bringe das Manuscript mit.</Unicode>
                </TextEquiv>
            </TextLine>
            <TextLine id="tr_2_tl_4" custom="readingOrder {index:3;}">
                <Coords points="961,2999 2705,2994 2936,2964 2941,2798 2036,2803 1585,2894 966,2866"/>
                <Baseline points="978,2951 1020,2945 1065,2945 1110,2945 1154,2945 1199,2945 1244,2942 1289,2939 1333,2939 1378,2936 1423,2936 1468,2933 1513,2933 1557,2930 1602,2930 1647,2927 1692,2927 1736,2924 1781,2921 1826,2921 1871,2918 1915,2918 1960,2918 2005,2918 2050,2918 2094,2912 2139,2912 2184,2909 2229,2909 2274,2906 2318,2903 2363,2903 2408,2900 2453,2900 2497,2900 2542,2897 2587,2897 2632,2894 2676,2894 2721,2891 2766,2888 2811,2888 2855,2885 2900,2882 2945,2888"/>
                <TextEquiv>
                    <Unicode>Baronin: Ja richtig. Na unterhalten S</Unicode>
                </TextEquiv>
            </TextLine>
            <TextLine id="tr_2_tl_5" custom="readingOrder {index:4;}">
                <Coords points="984,3173 2738,3082 2740,2987 2451,2952 989,3037"/>
                <Baseline points="999,3106 1044,3100 1089,3100 1134,3097 1178,3097 1223,3094 1268,3091 1313,3088 1357,3088 1402,3088 1447,3088 1492,3085 1536,3082 1581,3082 1626,3079 1671,3076 1715,3076 1760,3073 1805,3073 1850,3073 1895,3070 1939,3067 1984,3067 2029,3064 2074,3064 2118,3064 2163,3061 2208,3058 2253,3058 2297,3055 2342,3052 2387,3052 2432,3052 2476,3052 2521,3049 2566,3046 2611,3043 2656,3043 2700,3038 2745,3038"/>
                <TextEquiv>
                    <Unicode>sich indessen mit dem Herrn Funk.</Unicode>
                </TextEquiv>
            </TextLine>
            <TextLine id="tr_2_tl_6" custom="readingOrder {index:5;}">
                <Coords points="984,3306 1424,3296 1487,3332 1648,3274 1741,3309 1812,3271 1897,3309 2096,3264 2270,3289 2280,3092 2018,3163 989,3176"/>
                <Baseline points="999,3249 1026,3249 1071,3249 1116,3249 1160,3246 1205,3243 1250,3240 1295,3240 1339,3237 1384,3237 1429,3237 1474,3234 1519,3232 1563,3232 1608,3229 1653,3229 1698,3226 1742,3220 1787,3217 1832,3217 1877,3214 1921,3217 1966,3214 2011,3211 2056,3211 2100,3208 2145,3205 2190,3205 2235,3202 2280,3202"/>
                <TextEquiv>
                    <Unicode>Cajetan: (lacht laut auf).</Unicode>
                </TextEquiv>
            </TextLine>
            <TextLine id="tr_2_tl_7" custom="readingOrder {index:6;}">
                <Coords points="994,3470 1092,3493 1248,3430 1510,3457 1646,3422 1819,3472 1895,3427 2144,3432 2197,3422 2204,3281 1948,3319 1585,3296 1427,3337 1283,3306 1235,3344 1001,3314"/>
                <Baseline points="1011,3405 1044,3408 1089,3402 1134,3399 1178,3396 1223,3396 1268,3393 1313,3393 1357,3390 1402,3387 1447,3387 1492,3387 1536,3384 1581,3384 1626,3381 1671,3378 1715,3375 1760,3375 1805,3372 1850,3369 1895,3366 1939,3366 1984,3363 2029,3360 2074,3360 2118,3357 2163,3357 2208,3354"/>
                <TextEquiv>
                    <Unicode>Fink: Warum lachen Sie?</Unicode>
                </TextEquiv>
            </TextLine>
            <TextLine id="tr_2_tl_8" custom="readingOrder {index:7;}">
                <Coords points="996,3623 2924,3571 2931,3392 1004,3482"/>
                <Baseline points="1014,3551 1050,3554 1095,3554 1140,3551 1184,3551 1229,3551 1274,3548 1319,3545 1363,3545 1408,3545 1453,3542 1498,3539 1542,3536 1587,3533 1632,3533 1677,3533 1721,3530 1766,3527 1811,3524 1856,3524 1901,3524 1945,3518 1990,3518 2035,3518 2080,3515 2124,3512 2169,3512 2214,3506 2259,3506 2303,3506 2348,3506 2393,3503 2438,3503 2482,3500 2527,3497 2572,3497 2617,3497 2662,3494 2706,3491 2751,3488 2796,3485 2841,3482 2885,3479 2930,3473"/>
                <TextEquiv>
                    <Unicode>Cajetan: Es ist doch komisch, dass Sie</Unicode>
                </TextEquiv>
            </TextLine>
            <TextLine id="tr_2_tl_9" custom="readingOrder {index:8;}">
                <Coords points="1009,3779 2068,3671 2302,3737 2743,3711 2992,3646 2994,3581 1014,3626"/>
                <Baseline points="1026,3709 1029,3712 1074,3709 1119,3706 1163,3706 1208,3703 1253,3703 1298,3703 1342,3697 1387,3697 1432,3697 1477,3697 1521,3694 1566,3691 1611,3691 1656,3691 1701,3688 1745,3685 1790,3685 1835,3679 1880,3679 1924,3676 1969,3673 2014,3673 2059,3670 2103,3667 2148,3667 2193,3667 2238,3667 2282,3661 2327,3661 2372,3661 2417,3658 2462,3658 2506,3658 2551,3655 2596,3652 2641,3652 2685,3649 2730,3649 2775,3646 2820,3640 2864,3640 2909,3637 2954,3634 2999,3637"/>
                <TextEquiv>
                    <Unicode>in der Zerstreutheit den Namen von dem</Unicode>
                </TextEquiv>
            </TextLine>
        </TextRegion>
    </Page>
</PcGts>
