3352 4216
2686 481 2821 651 93
677 642 841 806 14.
671 795 1511 1010 Egon — Schromm —
582 973 1474 1166 E gon: Sonderbar.
656 1088 2965 1347 Schromm: Ach, junger Mensch,wird eine Liebes
651 1290 1402 1434 aventure sein.
653 1454 2766 1618 Egon:/zieht einen Brief heraus) zeigt ihn
653 1615 2127 1770 Schromm) Ist ja französisch.
653 1719 2902 1935 Egon: Leicht zu verstehen. Er liest: Prenez
656 1883 2784 2047 garde,monsieur,Funk est un homme louche.
1057 2006 1615 2116 Eleganten
645 2047 2743 2222 Un ami de Welt“, Verstehen sie?
636 2173 2741 2346 Schromm: Anonymer Brief. Lächerlich. Was
636 2346 1975 2528 heisst eigentlich louche?
628 2484 2899 2703 Egon: Louche heisst - es ist unübersetzbar
633 2677 2640 2853 Schromm: Da ist ja schon gewiss nichts
639 2830 1442 2971 drauf zu geben.
625 2942 2813 3158 Egon: Louche heisst: Pranez garde,Monsieur.
662 3112 2559 3296 lieu Verle sollte sich der Leute besse anneh
682 3276 2807 3472 Er het is't selbst aus witt gew auplack
677 3423 2804 3665 Jetzt Rausik... Er gewidet ein Blatt... wie mit
734 3587 2709 3757 ein jaax demeines Blatt haben... Mai talens
659 3650 1203 3852 lugtbrach.
