3304 3976
701 218 2452 466 Einselverkauf... u. el tiefst Opern.
845 387 2240 540 1821. - in der ai 21.
712 452 2876 743 his werden in den Portapuiener 3000 du-
766 658 1314 822 lassen. -
949 709 2455 958 gester him Reumen-orlver.-
746 853 2526 1090 R. 1st Fäl zu verst. Ld solle besaue
593 1079 1023 1249 setzen
768 1181 1257 1342 Habe Li -
780 1229 2198 1393 St to be leide thein gel schabt.
661 1353 2280 1585 Herr. Trnh hat alsamm gesetzt...
664 1551 2486 1760 In a lorgen - uures Eenselverhaut.
636 1720 1582 1876 the Culikel F.u.h....
576 1831 2627 2011 Raumt. S. plecem ind abflinere
627 1924 2630 2158 his collle in Blatt. with out
647 2059 2593 2291 Basistelles...  11 hebe he jederfad
644 2240 1667 2401 rechtseel jenernt...
749 2325 1740 2509 Ist meinoben de?
650 2387 2692 2591 Eu volle très que leurs. Het sie d'hui
718 2523 2656 2752 Agriff in Tagecet gelever... It
633 2670 2602 2870 He troit ind albera hwob jeneent.
732 2771 3003 3031 & - es echt scharf bes........ &c hei schreifft,
689 2983 2678 3257 Oct to be indessen sesarviell... 1d to
715 3223 1808 3373 Stolmesie.
876 3223 2969 3466 sich bin in der Uhrung geblieben, indep
783 3430 2099 3591 It samle Holographie von
898 3554 2277 3721 J'ai ici vos mêmes coût
1153 3670 2670 3842 Exercice was filo & redier in
1189 3769 1568 3850 witt...
