3368 4056
2795 243 2969 396 143
944 399 2910 573 Cajetan kommt durch den Wald gelaufen.
941 555 2926 739 Cajetan: Halt,meine Herren! Noch nicht
946 734 2775 857 anfangen. Ist am End schon zu spät?
944 877 1913 1046 Ist schon wer tot?
949 1013 2806 1222 Obendorfer: Tot? Ja,da muss man ge-
944 1174 2836 1330 schwinder sein, mein Lieber. Begraben
946 1348 1547 1499 auch schon.
949 1491 1703 1650 Cajetan; Haha!
939 1621 2831 1854 Schromm: (zu Egon) Dort kommt ja Ihr
946 1800 1481 1964 Herr Bapa.
951 1944 2619 2064 Obendorfer: Und dort der Markus.
954 2079 3005 2233 Egon: Also,man hat aus einem Ehrenhandel
954 2233 2900 2381 eine Farce gemacht. Aber das soll Euch
951 2389 2946 2529 nicht gelingen. Ich erkläre, dass beide
951 2552 2900 2719 nicht existieren weder Herr Fink noch
954 2714 2995 2849 Herr Funk. Aber das, was in unserm Blatt
967 2829 3026 3003 stand, das besteht weiter, ein Mitarbeiter
967 3005 3005 3143 unseres Blattes wurde ein alberner Snob
972 3146 2956 3309 genannt, ich nehme die Beleidigung auf,
977 3307 2951 3471 Ihr Blatt, meinen H ein Mitarbäter Ihres
