3352 4072
2647 256 2852 418 134
903 449 2170 644 Egon Engler und Schromm.
908 572 2852 787 Egon: Wir bitten um Entschuldigung, zu
939 746 2798 929 jeder Aufklärung stehe ich später zu
913 859 2855 1082 Diensten, aber hier steht mehr auf dem
929 1054 2822 1229 spiel als Rücksichten der Diskretion
831 1195 2852 1398 u.s w. (zu Fink,leise) Ich verstehe ja
936 1354 2755 1580 so manches, aber die Ehre vor allem.
936 1513 2934 1690 Wenn Sie mit der Baronin die Stadt ver¬
941 1647 2919 1865 lasen wollen, wir haben nichts dagegen,
957 1811 2981 1978 aber zuerst werden Sie die Ehre unseres
949 1967 2247 2185 Blattes wiederherstellen.
949 2119 2783 2280 Fink: Ich finde es wahrhaftig - Sie
959 2250 2998 2473 sollten mich um elf in der Schwindgasse
962 2468 1388 2609 abholen.
959 2542 3019 2778 Egon: (leise) Sie sind in der Schwindgas-
977 2729 2963 2924 se unter falschem Namen gemeldet.Ihren
977 2852 2960 3078 wirklichen haben wir leider noch nicht
980 3024 2424 3219 horausgebracht. Aber auch das
998 3155 2824 3381 Fink: Wir werden uns noch sprechen.
998 3365 1629 3563 Egon: Bitte.
