3368 4104
818 443 1330 679 ben zurück.
815 629 2925 832 Nun wäre der Moment, dass Müllers Frau, die
824 755 2936 999 schon weggereist scheint,aus irgend einem
813 960 2906 1157 Grund wieder in das Haus zurückkommt, und
821 1125 2848 1292 durch die Anwesenheit der beiden Herren
824 1253 2870 1423 eventuell erst durch das Erscheinen von
818 1382 2805 1620 Egon Engel und des zweiten Sekundanten
824 1565 1940 1743 Finka Verdacht fasst.
824 1686 2698 1902 Jedenfalls wird sie wieder entfernt.
829 1852 3035 2049 Verhandlungen der beiden Sekundanten.Schar.
829 2028 1628 2214 fe Bedingungen.
829 2142 2531 2367 Egon Engel besonders blutdürstig.
837 2334 2963 2517 Ein Duell auf Tod und Leben wird verabre-
843 2485 1062 2665 det.
829 2627 2036 2837 Morgen Mittag um zwölf.
