3496 4312
2741 312 2877 501 13
849 498 3008 671 sicher ist.Er bittet sie zu bleiben resp.
851 659 3055 865 bleiben zu dürfen. Er hat ihr wichtige Din
865 835 2883 1013 ge noch zu sagen. Er will das Duell ver
863 974 2944 1169 schieben, er will noch einige glückliche
871 1127 3002 1305 tage mit ihr verleben (sein Grundgedanke
882 1266 3075 1458 ist: Zeit gewinnen).Sie hält ihn für feig,
876 1414 3072 1625 sie will nichts mehr mit ihm zu tun haben
1358 1580 3005 1784 Oder er kommt mit der Absicht
888 1764 2872 1923 herunter sich zu entfernen, schläft im
882 1856 3119 2073 Park ein, weil die Türen verschlossen waren,
902 2048 3066 2229 und wie er gerade fort will erscheint die
902 2187 2833 2410 Fürstin, worauf sich das Gespräch ent.
904 2343 3133 2527 wickelt. Es muss schon früher Morgesn sein.
1425 2529 3033 2691 Er wollte ihr gestehen,dass er
902 2668 3111 2874 zugleich Fink und Fliederbusch ist.Aeusse¬
915 2833 3033 2983 rungen von ihr machen ihm das unmöglich.
913 2974 3077 3155 Hauptsächlich weil sie ihn als Helden be-
921 3105 3005 3292 handelt.Er gefällt sich in dieser Rolle
924 3308 3122 3475 so wohl, dass er nicht zurück kann.Nun sei-
929 3436 3153 3609 ne Bitte ihm noch drei Tage und drein Näch
924 3578 3086 3793 te zu schenken. Sie sagt: Nach dem puell.
