3384 4088
712 516 2970 756 In der Redaktion des Adekblattes „die Ele¬
648 700 902 864 ganz".
630 738 2897 1007 In der „Arbeit" (Tagewerk) stand ein fulmi-
627 972 2964 1185 nanter Angriff gegen Fink und zwar wegen sei-
633 1123 2903 1330 nes Berichtes über die Aristokratenvorstel-
645 1272 2748 1488 lung im X Palais. Es wird ihm Kriecherei
639 1468 2985 1625 vorgeworfen,es heist darin,er leckt den Leu¬
651 1535 2961 1777 ten die Füsse ab die seinen Vater vielleicht
648 1718 2850 1899 unglücklich gemacht haben in einer Zeit, da
645 1905 1943 2101 die grossen Fragen etc.—
645 2013 2953 2273 Der Artikel wird von einigen Leuten bespro-
648 2194 2798 2424 chen,eventuell vom Sportberichtersatteter
662 2346 2973 2541 v n der Baronesse, die Modeberichterstatterin
668 2553 890 2713 ist.
642 2635 2089 2865 Sie kommen eben vom Rennen,
662 2804 2401 3014 Der Chef des Blattes verschuldet.
656 2929 2985 3174 Sein Sohn Einjähriger bei den Hussaren, durch
662 3171 2232 3355 die Verbindungen des Vaters.
671 3233 2982 3524 Diesen Artikel kann sich Fink nicht gefallen
668 3475 1047 3638 lassen.
