3368 4136
2769 233 2903 441 71
703 464 2789 782 Funk allein. Er greift sich an den Kopf.
700 738 1978 916 Mich schwindelt. Was tun?
726 846 3075 1021 Irgend ein kurzes Gespräch mit dem Redaktions-
718 1015 2865 1199 diener.Dann sperrt er alles sorgfältig ab
712 1164 2970 1371 und telephoniert seiner Frau: Woher? Aus dem
718 1319 2920 1476 Gerichtssaal. Ja packe nur ein, fahre ohne
718 1459 2766 1637 mich. Du arbeitest, mein Schatz? Wieviele
724 1637 2915 1841 Kapitel hast du schon übersetzt? Wer sagt,
726 1786 2993 1946 dass mein Artikel Aufsehen macht? Zu scharf?
724 1928 2877 2121 Unannehmlichkeiten? Ich war noch zu mild.
726 2115 2599 2276 Ohr feigen verdient dieser Herr Funk.
729 2284 1208 2422 Abläuten
738 2422 3028 2570 Funk: Ohrfeigen, ja. (vor dem Spiegel.) Aber ein
735 2582 2833 2742 entzückender Kerl.Also was jetzt? Um acht
732 2696 2836 2885 Uhr Abend soll ich bei der Baronin sein.
750 2821 2845 3037 Besprechung des Gartenfestes (das müsste
732 3011 2973 3177 er natürlich schon im Gespräch mit dem Gra-
747 3189 1491 3381 fen erwähnen).
