5960 8616
691 448 1024 569 Nr. 812
4510 441 4926 595 2. Beiblatt
333 531 1414 646 Sonntag, den 7. Oktober 1917.
2054 454 3685 633 Berliner Tageblatt
4094 569 5316 697 Druck und Verlag von Rudolf Rosse in Berlin.
582 787 1926 1100 der Reichstag
2028 979 5233 1100 avec die andeursche Agitation.
320 1132 5387 1280 Fortsetzung der Debatte. — Ein Missbilligungsantrag der Unabhingigen Sozialdemokraten.
505 1292 1817 1401 122. Sitzung, Sonnabend, 6. Oktober.
3743 1299 5355 1427 Berüber Tagekeits ungehindert weiterwirken können, der kuror¬
2015 1305 3608 1427 Parteien. Das machen wir nicht mit.
3730 1350 5342 1446 teut###leue würde sich von neuem erhoben haben. Ein wenig ist der
2898 1356 3608 1465 § sie dem Vaterlande die
2022 1369 2674 1484 nehmen von jeder Part
710 1401 1644 1497 Fortsetzung aus der Abendausgabe.)
3723 1433 5348 1497 Bogen bereits überspannt worden und die Gegenwirkung aus der
2015 1439 2668 1535 will. Wir sind trotz un=
3263 1420 3615 1529 Sie Frieden¬
2898 1439 3256 1535 zeigung gegen
3263 1491 3474 1567 am Volk.
409 1433 1945 1567 Abg. Trimborn (Zentr.) fährt fort: Soweit eine Aufklärn
3730 1465 4050 1555 Volfsteele her
2041 1465 2585 1587 Sließung nicht der
4824 1478 5348 1567 der Vaterlandspartei¬
4165 1491 4843 1561 ###chen links) ist die Gründung
2706 1471 3135 1587 daß die Klust in
333 1510 1938 1631 in der Armee notwendig ist, muß sie sich doch von der polemisch
2700 1529 3135 1625 Man dient unser
3135 1497 3455 1625 st Vaterland,
3781 1503 4670 1619 deren Wiege keine Partei Pate gestand
4824 1516 5342 1619 (Sehr richtig! rechts
4645 1542 4843 1619 ten hat.
2015 1529 2585 1619 ständig erweitern mü¬
313 1567 838 1663 Politik fernhalten.
5169 1574 5406 1689 öte und
3781 1580 5163 1689 achen links.) Es war höchste Zeit, daß das Deutschtum aufwa=
953 1606 1651 1670 muß in den Richtlinien kl
1791 1574 1983 1689 gedruckt.
1631 1606 1823 1670 nur aus
2137 1599 3199 1689 man angesichts des aufhorchenden Ausland
1184 1625 1817 1740 en muß noch schärfer dore
1785 1599 1977 1747 gegange
326 1625 838 1727 sein. Gegen die im
3301 1452 3538 1727 ###an Wien
2130 1612 2527 1772 fortgesetzt
947 1638 1203 1727 selben Natur
3736 1619 4401 1734 gegen die internationale
2802 1657 2975 1740 sie
4376 1657 4977 1734 Geldsackpolitik Stellung
5041 1644 5297 1779 würde
2796 1702 3026 1772 er eine
3058 1670 3627 1779 ehrenvollen Frieden.
320 1683 1983 1766 werden, denn sie sind doch sehr zuijtreich. (Zustimmung)
3730 1683 4165 1785 Kriede mit
2028 1702 2214 1779 länger
4146 1695 4843 1798 allgemeinem Ver
4523 1721 4849 1855 rdeuten.
4817 1708 5323 1836 deshalb sind
3736 1740 4171 1842 Verelendung unser
4139 1727 4478 1842 ###eres Voltes
320 1740 1983 1849 Hineinziehen der Obersten Heeresleitung ver
2738 1740 3698 1842 kann nach ihrem eigenen Wortlaut als
2015 1727 2757 1842 Die ganze Friedensrefolution
4529 1759 5240 1887 von Verelendungs= und Hu
2169 1772 3698 1874 alt ad acta gelegt werden, denn es heißt darin: wenn die
352 1804 1977 1874 chiebt nur den Streitpunkt. Von Gerüchten Ube
3723 1791 4414 1887 keine Schlagworte, wenn
339 1836 1983 1926 Meinungsverschiedenheiten zwischen Hinden
4389 1810 5233 1926 tteres Unrecht an unserem Volk,
3736 1842 3992 1919 Frieden rechts
3455 1849 3698 1977 undIun
4069 1855 4414 1938 Es ist ein bi
3032 1855 3461 1951 „gswillen!“
2022 1855 2661 1945 Feinde ernent ihre
2655 1855 3039 1945 Bernichts=
3032 1868 3461 1990 frühlich zusam¬
2431 1855 3052 1990 siegreichen Ende unbe¬
4069 1887 5355 1983 e Friedenshoffnungen vormacht. Wir weisen diese
333 1894 1964 1977 burg und Ludendorff habe ich nichts wahrgenommen
3730 1900 3979 1983 man ihm
2034 1906 2399 1983 Küsse bis zum
326 1951 1983 2034 sich habe den gegenteiligen Eindruck und ihn auch für
2028 1919 3589 2022 werden. Dieser Fall ist jetzt gegeben. Die Vaterlandspartei
3723 1958 5348 2034 Verständigung am Volke zurück. (Beifall rechts.) Herrn Scheide
326 2002 1983 2111 selbstverständlich gehalten. Will man den Siegeswillen der
2015 2002 3621 2073 mit innerer Politik. Wirtschaftspolitik und Sozialpolitik nichts
3723 2015 4920 2098 mann aus dem Vorjahre hat in diesem Jahre
326 2060 2738 2143 Armee haben, so darf das nicht so geschehen, daß politische, tun haben. Großadmir
3052 2066 3467 2137 ist vom reinsten
2201 2124 2738 2207 ndischen Wollen gel„
3787 2092 5297 2188 das Rede=Trommelfeuer des Abgeordneten Erzberger
320 2105 1817 2201 Zwietracht hineingetragen und sie dadurch gl
3499 2086 3698 2188 kann
3052 2124 3429 2194 Krullgemeinerung
2015 2124 2220 2201 vaterlä
320 2169 1830 2252 geschwächt wird. Mit allem Nachdruck und Ernst und be=
2764 2156 3685 2278 indem man die Vaterlandspartei als
2015 2169 2233 2252 man d
2290 2175 2783 2258 Sache nicht abtun.
3743 2169 4568 2316 abgelöst. Erzberger ist kein Xdeliebis
4593 2182 5355 2284 er hat sich mit einem besonderen
2015 2207 2783 2316 einen Hausen wüster Annexion
2764 2175 3698 2309 isten und Reactionäre bezeichnet, dazu
313 2220 1887 2303 tärischen Energie, die man sonst zur Verfügung hat. mu###
3807 2239 4568 2335 nbus umgeben und viele Leute schl.
4593 2201 5355 2309 ren deshalb auf seine Worte. Er
365 2271 1894 2386 durchführung der hier vorgetragenen Grundsätze erreicht wer=
2924 2271 3691 2354 delt. zu heilig sein. Es handel
2041 2271 2482 2367 sollten die Fragen
2732 2265 2949 2367 sich hat
3813 2284 5355 2380 te aber daher vorsichtiger sein. (Widerspruch des Abgeordneter
2476 2284 2649 2393 um d
365 2271 1970 2405 zir halten jedwede direkte oder indirekte amtliche Begünstigung
2469 2290 2649 2412 Zu
2034 2329 2495 2405 sich um unser alle
2725 2329 2949 2412 To ds
3116 2322 3685 2437 nicht wundernehmen
4964 2348 5329 2425 de sei noch nicht
3743 2354 4664 2418 Erzberger.) Sie haben in Biberach ge=
4645 2354 4990 2437 agt die Stun
2022 2341 3090 2463 daß sich außerhalb der Parteien und Frakt=
3116 2341 3691 2463 en neue Gebilde auftun.
320 2373 1977 2463 der Vaterlandspartei durch militärische, staatliche oder kommunal
3954 2373 4664 2495 Mehrheit alles sagen könne.
4645 2354 5156 2489 Sehr richtig! bei d
5137 2393 5336 2482 Herr Lehn
320 2431 1900 2533 Stellen für durchaus unzulässig. Die Regierung muß hier auf
3858 2450 5355 2553 Solche Andeutungen sind irreführend, (Lachen links.) Die
2015 2450 3704 2533 Wir mißbilligen jede amtliche Begünstigung einer Partei
320 2469 1900 2565 entschiedenste entgegenwirken. Dazu gehören allerdings kräftig
4069 2476 5374 2597 zur Aufklärung berufen. Wenn Herr Erzberger un¬
3736 2501 4088 2597 Regierung ist
320 2540 1983 2623 markigere und entschiedenere Worte, als sie Staatssekretät
2079 2546 2828 2629 ad sei es auch die d
3007 2533 3563 2623 Vaterlandspa
3717 2527 4082 2649 gehindert fast
4062 2527 5380 2642 en darf, daß er mit Kloyd George in zwei
3148 2591 3557 2687 gkeit. jeden
313 2585 1977 2700 Helfferich gefunden hat. Schon der Name: „Deutsch
2079 2597 2508 2687 den Uebergriff
2585 2591 2834 2674 und jed
3736 2610 5342 2681 Stunden zum Frieden kommen kan“. dann muß doch
320 2636 1145 2732 Vaterlandspartei“ wirkt
2022 2623 2444 2725 brauch des
2418 2623 3007 2745 amtlichen Apparats
3455 2629 3640 2713 hördlich.
3743 2629 5342 2738 jeder die Regierung für dumm und Herrn Erzberge
2022 2693 2444 2783 Organismus.
2418 2668 2661 2783 Wir
2847 2655 3634 2789 „aner aller Ungerechtigte“
2642 2693 2853 2789 sind
3749 2725 5278 2796 für flug halten. Mag sich auch die ganze Zentrumsfraktion
2636 2706 2866 2834 gen und
2847 2713 3685 2821 ders Denkende, und verurteile
2028 2732 2661 2834 und Gehässigkeiten geg
710 2719 1644 2828 für andere Parteien verletzend.
3743 2777 5272 2866 hinter Erzberger stellen, die Wähler machen das nicht mit. Wo
2098 2809 3679 2879 le Pressionen. Abhilfe tut dringend not und sie hätte etwa
313 2783 1983 2898 Es kommt dann wieder zu der häßlichen Methode
3928 2828 5374 2930 die gegenwärtige Reichstagsmehrheit entstanden? Sie ist
2098 2853 2623 2949 raischer zugesichert
2674 2847 2975 2930 es sollen.
3026 2853 3595 2968 geschehen ist. Hört.
326 2860 1983 2988 der Unterscheidung zwischen national und enti=
3928 2879 4299 2968 fangen aus „
4485 2866 5374 2988 pahlen gegen die Finanzreform im
2661 2853 2981 2994 Heerest
2015 2866 2623 2981 Druks). Wir wollen
3026 2904 3442 2988 Waltung nicht
313 2904 665 2981 national
793 2930 1970 3032 e so verwüstend gewirkt hat. Te
4485 2930 4702 3007 schrittler
4805 2936 5086 3013 ohne
2022 2949 3442 3026 Aufklärungstätigkeit unterbinden. Die Ko¬
3416 2904 3691 3026 imandoben
4120 2911 4478 3032 Kein Fon
3743 2917 4005 3013 Jahre 1
313 2930 1497 3045 Ehrenvorsitzende der neuen Partei, 6
4478 2975 5086 3071 kommen und dieser
3813 2968 4363 3071 ffe in den Reichsta¬
1753 2994 1970 3077 Johan
2041 3007 3570 3084 hörden mögen die Truppen mit jedem ihnen geeignet erschein
320 3013 1184 3109 Albrecht von Mecklen
2041 3020 3570 3160 Mittel zuversichtlich und siegessicher erhalten. Wenn es da
1753 3045 1983 3128 der Ein¬
4254 3000 5387 3160 doch sicher nicht für einen Berzichtfrieden.
3813 3032 4274 3128 Wirtschrittswähler ist
320 3058 1184 3167 führungsversammlung gesagt.
3800 3071 4280 3192 Plauben Sie, daß G
1299 3071 1983 3160 le der Mittelpunkt für alle
4440 3084 5329 3173 Maschma und Herr Scheidemann e
4440 3096 5336 3212 Das Ansehen des Reichstage wird
2022 3090 3531 3199 Einzelheiten ohne Anlehnung am Programmpunkte einer
320 3116 1977 3212 treuen Teutschen sein, die durch keine internationalen Rück
3807 3135 4062 3224 Dempakte Me
4069 3116 4306 3244 Erheit
2034 3173 3531 3250 und sei es der Vaterlandspartei, nicht geht, so muß das e
326 3180 1970 3263 sichten irgendwelcher Art wissentlich oder unwissentlch sich leite
3794 3186 4056 3269 Wodurch geht
4203 3167 4849 3276 daß Resolutionen gefaßt w
2060 3212 3691 3301 erden. Die Erhaltung des Siegeswillens ist, un
320 3231 1977 3314 lassen. Wenn damit auf die Sozialdemokratie und da¬
4203 3250 4849 3333 macht, „wie ich sie auff
3775 3237 4120 3327 Die Einschränkung
2066 3269 3691 3352 rläßlich. Die Hauptsache ist, daß es mit Taft und Vorsich
307 3288 1932 3371 Lentrum hingewiesen sein sollte, so wäre das eine gro
3743 3301 5355 3378 Das führt doch dazu, daß es auch bei den Abstimmungen heißt:
307 3333 1919 3423 Dummheit gewesen, die man nicht ohne weiteres jemand un=
2015 3327 3429 3403 geschieht. Ausgeschlossen bleiben muß die
3435 3327 3698 3410 Partei -
3736 3339 5348 3423 wie ich es auffasse“. (Heiterkeit rechts.) Jeder Teil der Mehrh
2022 3371 3691 3455 politik, auszuschließen sind verletzende Angriffe auf Par
307 3391 1970 3480 stellen soll. Aber die Wirkung ist die, daß das öde Gerede von de=
4190 3378 5387 3474 pers auf. Der Reichsausschuß der Zen,
3749 3403 4210 3493 faßt die Sache an
2015 3416 3704 3506 teien oder einzelne Mitglieder des Reichstages. Um die Auf
3787 3416 5393 3531 rumspartei hat gerade das Gegenteil von dem erklärt
313 3448 1977 3531 roten und der schwarzen Internationale wieder ertönen wird. (Seh=
2015 3493 3704 3576 klärungstätigkeit auf die rechte Bahn zu lenken, ist eine geschickte
3787 3506 5399 3583 was Herr Scheidemann sagt. Es ist dasselbe wie bei der U = Boot¬
294 3499 595 3570 richtig! im
601 3499 1983 3595 Zentrum.) Die deutsche Zentrumspartei steht nach ihrer
313 3538 601 3627 gangen zu¬
601 3570 1849 3634 angenheit viel zu hoch, als daß die Unterstellun
2028 3544 2821 3634 Hand notwendig. Wir wünse
2796 3551 3704 3621 hen daß unsere Armee, die so
3813 3544 5399 3653 ésolution. Da sagten auch die einen, sie wären für den U=Boot
2022 3595 3691 3659 Großes in diesem Krieg geleistet hat, von jeglicher Zermür
320 3602 1855 3698 sie das vaterländische Interesse wissentlich oder unwissentliche
3807 3563 5393 3698 ieg, die anderen, sie wären dagegen. (Heiterkeit rechts.) Da
301 3634 1970 3736 internationale Rücksichten irgendwelcher Art opfern würde. Da so
2022 3653 3691 3717 bung durch Parteipolitik auch in alle Zukunft fre
3736 3666 5412 3755 ist eine Resolutionspolitik, die nach außen den Eindruck einer kom¬
3084 3711 3691 3794 Auseinandersezung dazu
2015 3711 3103 3775 bleiben möge. Dann wird die heutige
301 3717 1970 3800 auch nur heranreichen könnte. (Beifall im Zentrum.) Die Deutsch
3736 3730 4625 3807 pakten Mehrheit machen soll.
2022 3755 3103 3826 mithelfen, daß wir uns aus der langen
3084 3768 3698 3838 Nacht der Not und de
301 3768 1983 3877 Baterlandspartei ist ausschließlich zur Bekämpfung der Reichstags
3826 3787 5355 3902 Diese Mehrheit ist aber ein Nichts, eine Geisenblase.
2079 3807 3704 3890 lampfes hinüherretten in ein neues größeres, nach außen mäch=
307 3826 1043 3902 mehrheit gegründet worden.
1024 3813 1977 3915 „ sie will keinen „Hungerkrieden“, sie be¬
2079 3864 3595 3947 igeres und eben deswegen auch nach innen freieres Vaterland
313 3832 1970 3960 welche gegränber deroch, sie krückliche „Friedenskundgebung“, mit
4849 3775 5208 3973 eine Seifent
3979 3870 4709 3986 platzt, wenn ein kühler Har
3800 3890 3998 3998 Sie zerp
2118 3902 3711 3998 Abg. v. Gräfe (Kons): Der Angriff von der Linken soll vielleicht
307 3922 1977 4024 Daß eine Partei mit diesen Bestrebungen regierungsseit
4881 3934 5086 4011 Deferzeitz
3800 3941 4005 4043 rechts
4050 3947 4267 4030 ben links
4728 3928 5259 4075 richstagsmehrheit als
2111 3966 3576 4037 zu dienen, einem Angriff von anderer Seite vorzubeugen.
4549 3941 4747 4062 Nes ei-
307 3979 1970 4062 gefordert wird, müssen wir uns ganz entschieden verbitten
3832 3986 4037 4107 Euch Ih
320 3992 1983 4133 (Beifall links und im Zentrum.) Was unsere Entschließung
2105 4011 2553 4101 würfe würden
2655 4011 3711 4094 rechtigt sein, wenn die aufklärende Tätig
4299 4005 5201 4146 Aus dem Felde schreibt ein Febr.
2354 4075 2565 4178 in ihge
2009 4050 2246 4178 keit im „
307 4075 985 4197 vom 19. Juli erstrebt, ist
2674 4082 3679 4190 „Weise wirklich parteipolitisch im übliche
5329 4037 5559 4165 er
4088 4075 4274 4216 allg de
4421 4088 4907 4210 ges an dabei war.
2060 4152 2252 4274 Österin ge
4088 4165 4267 4261 bez.
4414 4152 4734 4248 den Ar¬
3122 4126 3647 4254 kommen.
448 4139 1094 4254 weder ein Hungerfri.
2713 4133 3141 4261 gelangen vorge¬
5060 4146 5380 4248 Da sehen
3787 4062 3979 4261 Nr.
1145 4139 1983 4299 noch ein Berzlichttriche de
288 4190 1094 4306 sondern ein Frieden, der Le
2917 4229 3109 4299 n dure
3231 4216 3435 4293 Aufkiä
5195 4229 5425 4350 Nicht das
4593 4216 5169 4312 rohr, sie haben viell
3794 4242 4504 4318 erren von weitem ein Schere
4587 4267 5188 4357 franale platzen
473 4235 1938 4344 chen Volkes und seiner Verbündeten volla
3986 4286 4203 4363 n der
326 4312 1823 4382 sichert. (Sehr richtig! links und im Zentrum.) Es ist
4715 4331 5348 4401 im Heldenbewutztse
4440 4306 4741 4408 ite mit de
3755 4312 4216 4421 (Heiterkeit), und d
288 4369 1817 4453 ein Frieden der Verständigung und der dauernden Versöhn
4261 4350 4958 4459 Schlacht mitgemacht
5035 4369 5208 4459 en f
2156 4369 2840 4504 mitglieder angehören, sobald
4082 4376 4280 4472 eine
3474 4363 3679 4491 nationa
1196 4408 1836 4510 o meisterhaft umschrieb
3052 4286 3391 4491 5,8,8
736 4408 1177 4517 ihn Graf Czernin
320 4427 537 4510 Volker.
3461 4414 3698 4529 nern un
4069 4433 4990 4517 Der Feldgraue fragt, ob nicht unter
5035 4427 5208 4510 Mehr
2367 4421 3391 4549 ertritt. (Unruhe links.) Zu eifrigen
736 4478 1177 4542 er in der wür=
1196 4421 1906 4542 deutschen Antwort auf
320 4472 537 4542 Weifall.
2034 4453 2386 4549 Deutschtum
4900 4472 5259 4581 er Heimat nicht
4363 4472 4741 4581 Jahre wäre, d
3749 4478 4382 4574 mancher von 40 und 41,
3052 4504 3730 4593 zw. der Vaterlandspartei
4900 4536 5156 4613 an der
301 4504 1945 4587 Papstnote volle Uebereinstimmung der Regierung mit der Reichsta
2028 4517 3077 4600 Agitatoren der alldeutschen Richtung
3928 4536 4382 4645 behrlich sei.
4369 4536 4747 4619 N'an soll diese S
710 4574 1938 4670 felle ist, ergibt sich folgender politischer Tatbesta=
3167 4555 3493 4638 Traub und
2431 4561 3071 4683 die Herren Baemeist
307 4568 729 4657 mehrheit festgest
2239 4581 2431 4651 ja aus
5220 4561 5393 4670 nicht
4018 4587 5150 4683 t. Man soll unseren Leuten draußen die Stim¬
2764 4613 3064 4702 Zentrumen
2437 4619 2661 4709 Anzah
3167 4600 3589 4702 dern und Abgeorte
352 4613 736 4715 Deutsche
710 4581 1983 4696 aterlandspartei, die gegen die Reichstagsmehrheit
4011 4613 4299 4728 Diese Ao
4638 4625 5368 4728 Die Vaterlandspartei wird viel
4645 4689 5368 4773 all eine Bewegung, die aus 5
2828 4657 3480 4760 Auffassung müßten ja an
2335 4657 2661 4760 (zu der
4024 4689 4293 4792 Die Augen
582 4664 1874 4766 „Stütze der Regierung, sondern eine Oppositi
307 4664 601 4766 ist. ist kein
3807 4677 4050 4779 Lande
2828 4709 3480 4811 ganz schlimme Albeu###
2034 4683 2847 4805 Friedrich Strauß und Lassalle
589 4734 1874 4798 (Sehr richtig! links und im Zentrum.) Eine an
4030 4702 4542 4837 orgeht, unterdrucken.
3838 4715 4062 4824 te hervo
333 4721 621 4805 artei.
4523 4715 5399 4824 Das ist die beste Agitation für die
2629 4753 3730 4849 adid Friedrich Strauß hat nicht der Vater¬
307 4773 1977 4881 Unterstützung dieser Partei durch Regierungsstellen wurde die R
2047 4779 2649 4862 Zuruf bei den Soz: T
5022 4773 5412 4894 "tischen sammeln
3845 4766 4369 4881 erlandspartet. Die Rück¬
4350 4785 5048 4881 aterlandspartei will alle Der
3819 4843 5048 4932 Dr Ruf wird ins Volk hinausgehen. Nach dem
2380 4811 3180 4920 angehört! Heiterkeit.) Unter
3467 4830 3717 4894 inniger
2143 4830 2399 4913 spartei d
5220 4824 5412 4932 welche
320 4843 1996 4920 gierung als zwiespältig erscheinen lassen, was ihr Ansehen un¬
2732 4856 3346 4958 spartei beigetreten sind,
4453 4849 5406 4977 (Lebhafte Rufe:
3467 4875 3730 4945 noch Leute
2143 4868 2757 4964 en, die der Vaterlands
320 4894 1977 4977 das Vertrauen zu ihr weder im Inland, noch im Ausland
3819 4907 4293 4984 uftreten des
2047 4932 2757 5022 die auch nicht dummer als 6
3186 4888 3723 5009 und Herr Müller
4274 4894 4472 5009 Krie
313 4939 1970 5035 stützen geeignet ist. (Lebh. Zustimmung links und im Zentrun
3755 4958 4299 5048 linkb), wird die Regi¬
2770 4920 3167 5022 Hausman
5208 4900 5412 5035 ain wirk¬
2054 4990 2629 5073 Meiningen sind.
4555 4952 5195 5035 Volk hinter sich haben.
2770 4932 3634 5067 keit.) Der Abgeordnete Trimb
4555 5003 5188 5080 vom 4. August jebendig w
5214 4996 5399 5060 nen wir
3762 4990 4382 5092 wieder die sieghafte Stin=
3781 5054 5342 5176 das deutsche Volk einen glücklichen, siegreichen Frieden davontra /
397 5022 1926 5099 Aus allen diesen Erwägungen haben meine Freund,
2047 5041 3647 5118 scheint in Hindenburg auch eine Art Alldeutschen zu sehen.
409 5073 1938 5144 mich einstimmig beauftragt, zu erklären, daß sämtliche
2047 5073 3723 5182 Regierung ist in dem Bestreben, absolut unpartetisch zu sein, soga
409 5080 1945 5201 Mitglieder der Zentrumstraktion des Reichstags es ab¬
3762 5105 4146 5214 (Beifall rechts.
2047 5150 2853 5252 zu weit gegangen. Sie hat die
384 5150 1951 5272 lehnen, der Deutschen Baterlandspartei beizutreten.
4152 5150 5028 5278 Abg. Dr. Haas (Fortschr. Vp.)
2482 5208 3308 5323 Broschüre des Abg. David
3832 5214 5419 5336 Der Stellvertreter des Reichskanzlers ersuchte uns
320 5252 1996 5368 (Beifall linkö und im Zentrum.) Ich kenne das Gebot der Stunde
4165 5316 5406 5393 er Rede mit ziemlicher Erregung, seine Erklärung, die
2047 5284 3717 5380 über seine Rede in Stockholm über die Schuldfrage am Wel
1439 5329 2009 5451 Die Grundlage für dies
365 5336 1459 5412 Nicht Spaltung, sondern Einigkeit sind not.
3218 5310 4184 5457 ont geschickt; diese am Schluß seine
3858 5361 5412 5451 ißstände würden abgestellt werden, doch mit Vertrauen ent¬
358 5368 1459 5463 Einigkeit ist gegeben in der deutschen Antw
2047 5374 3205 5438 kriege als Propaganda an die Fr
2949 5399 3730 5489 nach einem Verzichtfrieden. In
2047 5419 2968 5483 Broschüre schließt mit dem Wunsche
4734 5412 5419 5502 Aussprache wird die Mehr¬
1056 5419 1523 5527 auf diesen Boden
320 5438 1081 5515 Wir stellen uns einstimmig,
3858 5431 4568 5502 genzunehmen. Nach dem Verleit=
582 5476 1075 5572 gung, dadurch unser
1056 5431 1817 5553 em Volk den wichtigsten
2182 5457 3519 5559 Flugschrift gegen die Sozialdemokratie hat sie sogar
5105 5463 5374 5547 Arbeit.) Akt.
4741 5457 5003 5559 tig! Det der
3775 5476 4568 5559 heit dies kaum tun können, (Se
320 5476 601 5566 Ueberzeug
5105 5521 5374 5598 gegen, aus
2341 5515 3519 5591 mardschen Reden zenstert. Wir kön¬
2182 5515 2367 5598 Bis
3775 5489 4996 5611 Landsberg hatte eine Fülle von Material vor
429 5502 1990 5604 sten und so dazu beizutragen, unserem heißgeliebten deutsch
2674 5559 3442 5636 vorwerfen, da sie einseitig
3563 5521 3743 5643 idest
2047 5572 2559 5655 mit Recht der Regit
3775 5579 5399 5662 sich ergab daß in geradezu unerhörter Weise in der Armee all
429 5566 2022 5662 erland einen ehrenvollen Frieden zu sichern, der für unser Volk
3563 5591 3743 5687 Da
4094 5623 5399 5713 tion getrieben wird. Das mußte uns alle lebhal=
2674 5623 3435 5694 Sozialdemokratie v
1113 5617 2553 5700 Welt ein neues Erstarken und Er¬ nend gegenüb
345 5617 1145 5726 und für die Volker der ganzen
3915 5630 4114 5739 se Agtt;
2041 5636 3583 5758 veranlaßt uns aber nicht, das schwere Geschütz der Interpellati
4088 5681 5444 5783 Kriegsminister, aber sagte: Ach was, das
320 5687 1855 5790 blühen in sich trägt. (Lebh. Beifall im Zentrum und links
3922 5694 4107 5777 ren.
3423 5719 3627 5790 fangenhe
2956 5732 3180 5796 ne sehr g
2054 5739 2924 5828 aufzufahren. Es gehört allerdings
3775 5739 5470 5841 sind ein paar muhsam zusammengesuchte Fälle.—
1120 5713 1996 5809 Wir stehen der neuen Parteigründung
403 5739 953 5828 Abg. Dr. Thoma
2559 5777 2924 5854 wenn sie einen Art
2898 5739 3186 5854 Urtikel des Als
320 5783 953 5886 völlig neutral gege
2105 5783 2514 5867 Regierung dazu, n
1120 5796 1798 5886 Haben wir doch das Bewuß,
3173 5771 3467 5911 Anhänger d
653 5803 1798 5918 hier gegenüber. xxx zu sein, wie irgen
3173 5803 3659 5956 rarischen und xxx
3819 5815 5355 5924 Kein Wort der Ablehnung, kein Wert der Empörung
2105 5809 3109 5918 „Forts“ an die Front gehen läßt, worin er
2060 5886 3116 5962 Vaterlandspartei als Anhänger der gro=
1036 5886 2022 5988 es gilt für alle Parteien!) Wir wissen uns
403 5879 1056 5988 Vorteigründung. (Zuruse: D
5016 5886 5412 6001 gehört. So
3794 5905 4984 6014 haben wir vom Regieungstisch
2924 5911 3435 6014 oder die Verbreitung
2393 5924 2943 6020 Interessen bezeichnet.
2130 5943 2316 6046 Gustriell=
390 5956 1056 6046 gens mit dem, was die Vater
3039 5956 3435 6058 Der Sozialdeme
1254 5943 1996 6033 ei an rein vaterländischen Ziel—
3775 5924 5220 6052 lange die Regierung auf diesem Standpunkt steht, hat der
2130 5937 2316 6052 uner
397 6014 844 6090 aufgestellt hat. Auf
1638 5982 2015 6097 en, wollen auf
1241 5994 1535 6078 nen Hungen
2540 5988 2757 6097 offiziellen
3794 6026 5310 6116 Vertreter des Reichskanziers keinen Aplaß, nervös zu werden.
2828 5886 3064 6122 saterland,
2156 6033 2361 6129 dem
3167 6020 3583 6110 et neben einige
3826 6039 5310 6186 Mißtrauen im Hause zeigt. (Sehr richtig! bei der Mey,
1030 6039 1535 6135 in Friedenslockungen
1747 6033 2015 6122 Das
339 6026 908 6135 harren und nicht trug
2220 6046 2501 6174 Kreisät.
2501 6065 3199 6174 v. Schulprofessoren, pension
1574 6084 2022 6199 nationaler
352 6090 1593 6199 auch der Grund, weshalb zahlreiche Mitglieder der
3826 6065 5425 6238 ber vielleicht braucht man dem Kriegsminister das nicht zu
3531 6078 3717 6212 en ei-
2501 6097 3301 6225 er werden, die als Kriegsger¬
2066 6116 2521 6218 als Leute bezeichnet.
1574 6148 2022 6238 — Heiterkeit links
358 6148 1491 6231 Partei (Zuruf links: Hereingefallen sie
3525 6135 3730 6257 Sozia
2098 6193 3416 6257 erlängerung des Krieges intereffiert sind. Da habe
4747 6186 5080 6257 inpolitii.
3794 6180 4625 6276 sehr zu verübeln, weil er ein 9
5182 6174 5380 6295 Vorw
4747 6225 5080 6302 Bograue Fried,
1075 6193 2009 6302 reten sind. Sie haben geglaubt, d
352 6199 1094 6282 der Vaterlandspartei beige
3813 6238 4625 6327 st. Er hat zu einem Büchlein
2098 6238 3736 6314 demokraten doch wirklich keine Veranlassung, hier ihre Interpellatio
333 6244 1849 6346 mit ihrem Vaterlande zu dienen. (Widerspruch links.) Sie sol=
1830 6257 2015 6340 ten dort
3838 6244 5431 6366 schrieben, das beweist, daß jemand ein vortrefflicher Mensch und ein
2066 6295 3743 6366 einzubringen. Aber ich weiß wohl: sie fürchten, hoffentlich und nach
1580 6289 2034 6404 und Fort¬
627 6314 1555 6385 ß auch Zentrumsangehöri
339 6314 653 6391 wissen, da
3838 6334 5431 6429 ängender Soldat, aber doch ein ganz unpolitischer Mensch sein
2054 6314 3743 6423 meiner Ueberzeugung mit Recht, daß durch die Vaterlands
365 6372 915 6461 schrittler in heller
896 6359 1331 6461 Hausen der neue
1305 6372 1561 6449 n Partei!
1721 6353 1990 6442 en sind.
3794 6391 5406 6487 kann. (Sehr richtig) b. d. Mehrheit.) In diesem Büchlein heißt ei###
352 6410 921 6513 Recht des Zusamment.
896 6385 1343 6506 schlusses zu gesetzlich
3045 6385 3755 6506 Zurufe bei den Sozial
2092 6404 3064 6513 rtei eine Reaktion auftri
1311 6391 1983 6506 h erlaubten Zwecken werk
2092 6423 3064 6538 remokraten; Sehr richtig! Reaktion!)
3838 6436 5399 6538 Es darf nur von einem Frieden geredet werden, der uns in poli
4549 6481 5348 6577 ger vor allen Völkern zehl¬
3109 6429 3698 6538 Gott erhalte Ihnen
691 6449 2028 6564 jedem Deutschen zugestehen müssen. (Zuruf links
358 6468 710 6557 Sie (nach liij)
3832 6500 4574 6589 raft und als Schwertträ.,
3109 6487 3595 6583 gegung auttritt, d
2073 6506 3128 6602 kindliches Gemüt! — daß eine Volksben
371 6487 723 6602 Selbstverstand
1267 6519 2028 6602 wenig auf Wirkung und Gegen
729 6513 1171 6596 ch.) Wer sich nur
2073 6551 3589 6634 ganzen Volksbetrug aufdeckt, der durch eine nichtdeutsche Pre=
4555 6538 5297 6621 nach und Vorwort stammen aus
3794 6545 4587 6641 (Bort, hörtl b. v. Mehrheit.) Bu-
1420 6564 1990 6647 über diese Neugründe
723 6557 1164 6660 ###tischen Leben v###
3807 6589 5310 6685 Jahr. Zur gleichen Zeit vielleicht hielt Reichskanzler Dr. Mi=
339 6564 659 6653 wirkung in
2073 6615 3640 6698 vorgerufen wird und der eine andere, ihnen unbequeme Stim¬
352 6615 672 6717 nicht so auf
966 6609 1241 6717 Ich gehöre.
1363 6615 1932 6711 : Partei nicht an, bin
3787 6615 5431 6737 hier seine erste Nede, in der er in Uebereinstimmung mit der Obersten
1305 6660 1938 6762 nicht Unabhängiger Aus=
2073 6641 3736 6730 ein unserem Volke hervorbringt. Genau wie die Northeliff
365 6660 1145 6762 alldeutsch. nicht schwer=industrie.
4037 6673 5431 6794 ang erklärte: „Wir müssen im Wege der Verständi¬
2079 6711 3743 6807 Presse feit Jahren das neutrale Ausland mit verlogenen Aus¬
365 6717 1158 6813 Aber ich sehe in der Vaterland
1305 6692 1970 6807 nichts anderes, als eine ge¬
3557 6705 4056 6820 eine Heeresleite
3832 6756 5431 6833 ung und des Ausgleichs die Lebensbedingungen des Deutschen
2066 6769 3589 6839 streuungen über Deutschland irregeführt hat, genau so ha
345 6781 1970 6865 natürliche Gegenwirkung der aufdringlichen Werbetätigkeit für
2079 6807 5444 6941 zu stellen ist, es verstanden, mit ganz dem gleichen Sprachschatz das Reichs auf dem Festlande und über See sichern. Der freiende muß
2079 6820 3743 6890 deutsche Presse, die der Northeliff=Presse würdig an die Seit
844 6839 1990 6916 sziele, als sie die Vaterlandspartei verfolgt.
371 6826 793 6909 gegengesetzte Kr.
3794 6833 5438 6941 die Grundlage für eine dauernde Versöhnung der Bölker
365 6871 1990 6960 Neugründung ist nichts anderes als eine Antwort auf das Treib
3979 6909 5431 6992 Jeder Mensch hat das Recht, feine Meinung zu sagen. Viel
2182 6922 3749 6999 tsche Volk an der Nase zu führen und die Kreise, die einig seit
371 6941 1657 6999 jeden Menschen als alldeutsch und schwerindustriell zu
1657 6928 2002 7031 beschimpfen,
3979 6954 5444 7044 ist der Standpunkt der Mehrheit falsch, vielleicht der Stand¬
1657 6941 2002 7069 sehr richtig!
352 6986 1657 7069 die Friedensentschließung des Reichstags ablehnt. (So
2169 6973 3762 7076 en, zu verwirren und ihren Haß auf andere Kreise, auf die
3819 7018 5438 7101 unkt der Rechten. Aber das geht nicht, daß der Reichskanzley
2118 7018 3775 7127 werindustriellen und agrarischen Kreise, abzulenken. Jetzt
358 7018 2047 7114 und bei den Nationalliberalen.) Also soweit die Vater¬
3807 7069 5438 7165 nier sich für den Verständigungsfrieden ausspricht, während
397 7095 1945 7172 landspartei rein vaterländische Ziele verfo
2079 7088 2514 7184 fürchten sie, daß
4920 7101 5438 7204 gegengesetzte Ansicht
397 7120 1970 7216 werden wir ihr keinen Widerstand leisten. Wir müßten
4369 7114 4945 7229 öffentlich die entge
3787 7133 4338 7236 der Kriegsminister
2188 7120 3634 7255 in der Vaterlandspartei der furor teutonicus
5086 7152 5444 7242 Man muß— ein
4696 7159 5105 7255 Mehrheit.)
4382 7178 4715 7268 tigl bei der
352 7191 2028 7274 unsere ganze Vergangenheit und unsere Haltung während des Kriegs=
3915 7184 4229 7268 tritt. (Sehr
4856 7191 5457 7312 mit seinem Namen als
3915 7229 4222 7319 unpolitische
4382 7210 4875 7312 sein, wenn man
2073 7210 3749 7312 erwachen und ihnen die Masken herunterreißen könnte. Di
345 7242 1299 7338 verleugnen, wenn wir mit ihr bis d
1273 7248 1779 7344 Rahin nicht durch die
3807 7255 5150 7389 Mitglied der Reichsregierung ein solches Büchlein deel
358 7300 1292 7370 gehen würden: aber nicht weiter.
1273 7293 1779 7396 Vaterlandspartei
3544 7274 3749 7351 ihr de
2130 7293 3474 7370 resse der internationalen Plutokratie befürchtete eben,
352 7312 1881 7421 den Austritt ihrer nationalliberalen Mitglieder und Wider,
2124 7319 3762 7472 oden entzogen und der furor teulonicus den deutschen Michel zum
3941 7312 5444 7447 und wir gegen die allbeutsche Werbetätigkeit im Heer uns sich
2086 7383 3474 7466 Bewußtsein seiner nationalen Pflichten bringen wir
365 7389 2034 7485 gewärtigen, wenn eines Tages offenbar würde, daß sie andere als rei=
3787 7389 4741 7504 entschieden wenden, so geschieht es
2086 7421 3762 7523 Sozialdemokratie hat noch am 28. Juli 1914 in
377 7453 1919 7523 paterländische Ziele verfolgt. (Sehr richtig! bei den Natl.)
4190 7459 5035 7594 nicht unserer Partei wegen.
2079 7498 3768 7581 Massenversammlungen sich dagegen gewendet
358 7511 2015 7600 Gründer der Vaterlandspartei haben übrigens inzwischen selbst ei=
3448 7543 3736 7613 im Krieg
2079 7555 3224 7645 daß das rechtlose Volk gut genug
358 7575 780 7671 gesehen, daß sie
2086 7568 3615 7703 als Kanonenfutter zu dienen. (Sehr richtig! bei der
582 7632 1862 7722 die ganze Sache technisch falsch angefangen
2124 7658 3608 7728 Glücklicherweise war das völkische Gewissen der Arbeiterschaft stär=
3794 7632 5457 7779 Vonander denken und annehmen. Wir lehnen diese Werbetätigkeit im Heeren
2124 7715 3640 7786 die Führer der Sozialdemokratie wären damals gesteinigt w
3909 7715 5451 7811 weil wir glauben, daß das Vaterland und mit dem Vater
358 7709 1887 7805 haben. Einmal der Name „Partei“. An Parteien haben.
2079 7741 3768 7850 hätten sie nicht sich dem Willen der Massen untergeordnet. (Sehr
403 7779 1881 7850 nachgerade genug. Es wäre auch besser gewesen, wen er
3922 7767 5483 7856 die Armee Schaden leidet. (Sehr wahrl links.) Wenn
397 7824 1881 7933 mieden hätte, durch die Bezeichnung „Vaterlandspartei
2079 7818 3749 7888 richtig! rechts.) Wäre Herr v. Bethmann Hollweg nicht aus der
352 7843 5502 8035 Anerkennungskrih zu ziehen gegen angeblich nicht vaterländig. Gattstel geboten werden und hätten die internationalen Einsische 31. Uhr diesen Dinge parleichnissät gegenüberständen, wir wurden
