<?xml version="1.0" encoding="UTF-8" standalone="yes"?>
<PcGts xmlns="http://schema.primaresearch.org/PAGE/gts/pagecontent/2013-07-15" xmlns:xsi="http://www.w3.org/2001/XMLSchema-instance" xsi:schemaLocation="http://schema.primaresearch.org/PAGE/gts/pagecontent/2013-07-15 http://schema.primaresearch.org/PAGE/gts/pagecontent/2013-07-15/pagecontent.xsd">
    <Metadata>
        <Creator>prov=READ-COOP:name=TrHtr:version=2.1.0:model_id=51170:date=30_07_2023_05:01</Creator>
        <Created>2023-05-10T13:29:29.222+02:00</Created>
        <LastChange>2023-07-30T05:01:49.559+02:00</LastChange>
        <TranskribusMetadata docId="1428576" pageId="55413186" pageNr="216" tsid="131483546" status="IN_PROGRESS" userId="64420" imgUrl="https://files.transkribus.eu/Get?id=ZSTNNGWBRCOCQTWLROQRGZEJ&amp;fileType=view" xmlUrl="https://files.transkribus.eu/Get?id=IWXVILYGEVWHBZKBQLYKWAWX" imageId="44687327"/>
    </Metadata>
    <Page imageFilename="1428576_0216.jpg" imageWidth="3336" imageHeight="4040">
        <ReadingOrder>
            <OrderedGroup id="ro_1711792032811" caption="Regions reading order">
                <RegionRefIndexed index="0" regionRef="tr_1"/>
                <RegionRefIndexed index="1" regionRef="tr_2"/>
            </OrderedGroup>
        </ReadingOrder>
        <TextRegion id="tr_1" custom="readingOrder {index:0;}">
            <Coords points="1047,314 2998,314 2998,1657 1047,1657"/>
            <TextLine id="tr_1_tl_1" custom="readingOrder {index:0;}">
                <Coords points="2605,395 2627,400 2642,390 2676,413 2699,403 2736,405 2753,388 2770,400 2790,398 2793,282 2748,269 2741,277 2721,274 2706,289 2694,284 2684,294 2671,284 2652,297 2607,287"/>
                <Baseline points="2619,372 2661,369 2706,369 2751,369 2795,364"/>
                <TextEquiv>
                    <Unicode>147</Unicode>
                </TextEquiv>
            </TextLine>
            <TextLine id="tr_1_tl_2" custom="readingOrder {index:1;}">
                <Coords points="1033,615 1621,576 1755,620 1883,563 2180,625 2585,534 2755,576 2839,554 2844,432 2348,487 1940,410 1465,519 1035,489"/>
                <Baseline points="1047,584 1056,584 1101,581 1145,578 1190,578 1235,578 1280,575 1324,575 1369,572 1414,572 1459,569 1503,569 1548,566 1593,563 1638,563 1682,563 1727,563 1772,560 1817,557 1861,554 1906,551 1951,551 1996,551 2040,549 2085,546 2130,546 2175,546 2219,543 2264,543 2309,540 2354,540 2398,537 2443,534 2488,531 2533,534 2577,531 2622,531 2667,528 2712,528 2756,522 2801,522 2846,519"/>
                <TextEquiv>
                    <Unicode>Indessen haben die Sekundanten über</Unicode>
                </TextEquiv>
            </TextLine>
            <TextLine id="tr_1_tl_3" custom="readingOrder {index:2;}">
                <Coords points="1045,741 1369,774 1562,727 1905,717 1940,751 2175,712 2177,647 1579,633 1048,675"/>
                <Baseline points="1059,736 1062,734 1106,736 1151,734 1196,734 1241,734 1285,731 1330,728 1375,728 1420,725 1465,722 1509,722 1554,719 1599,719 1644,719 1688,716 1733,713 1778,713 1823,710 1867,710 1912,707 1957,707 2002,704 2046,701 2091,701 2136,704 2181,707"/>
                <TextEquiv>
                    <Unicode>das Protokoll beraten.</Unicode>
                </TextEquiv>
            </TextLine>
            <TextLine id="tr_1_tl_4" custom="readingOrder {index:3;}">
                <Coords points="1035,909 2844,867 2956,850 2961,719 2518,694 2343,774 1698,823 1038,808"/>
                <Baseline points="1050,886 1086,889 1130,886 1175,886 1220,883 1265,880 1309,880 1354,880 1399,877 1444,877 1488,874 1533,874 1578,874 1623,874 1667,871 1712,868 1757,865 1802,865 1846,862 1891,859 1936,856 1981,853 2025,850 2070,853 2115,850 2160,850 2204,850 2249,847 2294,847 2339,847 2384,844 2428,844 2473,841 2518,838 2563,838 2607,835 2652,835 2697,835 2742,835 2786,835 2831,832 2876,832 2921,829 2965,823"/>
                <TextEquiv>
                    <Unicode>Silberstein: Somit vereinigen die geg¬</Unicode>
                </TextEquiv>
            </TextLine>
            <TextLine id="tr_1_tl_5" custom="readingOrder {index:4;}">
                <Coords points="1038,1097 1982,1013 2437,1053 2975,984 2995,914 1043,969"/>
                <Baseline points="1053,1041 1074,1044 1118,1041 1163,1041 1208,1038 1253,1035 1297,1035 1342,1032 1387,1032 1432,1029 1476,1026 1521,1026 1566,1023 1611,1020 1655,1020 1700,1020 1745,1017 1790,1017 1835,1014 1879,1011 1924,1011 1969,1008 2014,1008 2058,1005 2103,1002 2148,1005 2193,999 2237,999 2282,999 2327,999 2372,996 2416,996 2461,993 2506,987 2551,987 2595,984 2640,984 2685,984 2730,981 2774,981 2819,978 2864,975 2909,975 2953,972 2998,975"/>
                <TextEquiv>
                    <Unicode>nerischen Sekundanten sich dahin Herm</Unicode>
                </TextEquiv>
            </TextLine>
            <TextLine id="tr_1_tl_6" custom="readingOrder {index:5;}">
                <Coords points="1043,1199 2439,1199 2911,1152 2916,1038 1045,1115"/>
                <Baseline points="1056,1196 1086,1193 1130,1190 1175,1190 1220,1187 1265,1187 1309,1187 1354,1184 1399,1181 1444,1181 1488,1178 1533,1178 1578,1175 1623,1175 1667,1172 1712,1172 1757,1169 1802,1166 1846,1169 1891,1166 1936,1160 1981,1160 2025,1160 2070,1157 2115,1157 2160,1154 2204,1154 2249,1154 2294,1154 2339,1148 2384,1148 2428,1145 2473,1145 2518,1142 2563,1139 2607,1139 2652,1139 2697,1139 2742,1133 2786,1133 2831,1130 2876,1130 2921,1127"/>
                <TextEquiv>
                    <Unicode>Fink ihre namenlose Verachtung wegen</Unicode>
                </TextEquiv>
            </TextLine>
            <TextLine id="tr_1_tl_7" custom="readingOrder {index:6;}">
                <Coords points="1043,1367 2889,1330 2961,1317 2963,1233 2377,1206 2293,1258 2041,1194 1698,1270 1048,1248"/>
                <Baseline points="1059,1348 1086,1348 1130,1345 1175,1345 1220,1342 1265,1339 1309,1339 1354,1336 1399,1336 1444,1333 1488,1330 1533,1330 1578,1330 1623,1324 1667,1324 1712,1321 1757,1321 1802,1321 1846,1318 1891,1315 1936,1315 1981,1315 2025,1309 2070,1309 2115,1306 2160,1306 2204,1306 2249,1306 2294,1303 2339,1303 2384,1300 2428,1300 2473,1297 2518,1294 2563,1294 2607,1291 2652,1291 2697,1285 2742,1285 2786,1283 2831,1283 2876,1283 2921,1280 2965,1280"/>
                <TextEquiv>
                    <Unicode>seines vollkommenen Mangels an Ueber-</Unicode>
                </TextEquiv>
            </TextLine>
            <TextLine id="tr_1_tl_8" custom="readingOrder {index:7;}">
                <Coords points="1043,1520 1325,1537 1656,1493 1772,1530 1863,1483 2145,1483 2148,1416 2078,1381 1915,1411 1856,1384 1448,1448 1389,1406 1045,1441"/>
                <Baseline points="1056,1500 1077,1500 1121,1500 1166,1497 1211,1494 1256,1494 1300,1494 1345,1491 1390,1491 1435,1488 1479,1488 1524,1485 1569,1482 1614,1479 1658,1476 1703,1476 1748,1473 1793,1470 1837,1468 1882,1468 1927,1468 1972,1465 2017,1465 2061,1465 2106,1465 2151,1468"/>
                <TextEquiv>
                    <Unicode>zeugung auszudrücken.</Unicode>
                </TextEquiv>
            </TextLine>
            <TextLine id="tr_1_tl_9" custom="readingOrder {index:8;}">
                <Coords points="1068,1680 2877,1633 2909,1515 1070,1564"/>
                <Baseline points="1080,1644 1121,1647 1166,1647 1211,1647 1256,1647 1300,1647 1345,1641 1390,1638 1435,1638 1479,1638 1524,1635 1569,1635 1614,1632 1658,1632 1703,1629 1748,1623 1793,1623 1837,1620 1882,1620 1927,1620 1972,1620 2017,1617 2061,1614 2106,1614 2151,1614 2196,1614 2240,1608 2285,1608 2330,1608 2375,1602 2419,1602 2464,1602 2509,1602 2554,1599 2598,1596 2643,1596 2688,1596 2733,1593 2777,1593 2822,1593 2867,1587 2912,1590"/>
                <TextEquiv>
                    <Unicode>Jetzt bricht Fink los: Ueberzeugung!</Unicode>
                </TextEquiv>
            </TextLine>
        </TextRegion>
        <TextRegion id="tr_2" custom="readingOrder {index:1;}">
            <Coords points="1080,1683 3094,1683 3094,3495 1080,3495"/>
            <TextLine id="tr_2_tl_1" custom="readingOrder {index:0;}">
                <Coords points="1070,1831 2825,1774 2881,1651 1075,1698"/>
                <Baseline points="1083,1802 1095,1799 1139,1799 1184,1799 1229,1799 1274,1796 1318,1796 1363,1793 1408,1790 1453,1790 1497,1790 1542,1787 1587,1784 1632,1784 1676,1781 1721,1778 1766,1775 1811,1775 1855,1775 1900,1772 1945,1772 1990,1769 2034,1769 2079,1769 2124,1763 2169,1763 2213,1763 2258,1760 2303,1757 2348,1757 2392,1754 2437,1754 2482,1751 2527,1751 2571,1751 2616,1745 2661,1745 2706,1745 2751,1742 2795,1739 2840,1736 2885,1733"/>
                <TextEquiv>
                    <Unicode>Was heisst denn das? Kann man nicht</Unicode>
                </TextEquiv>
            </TextLine>
            <TextLine id="tr_2_tl_2" custom="readingOrder {index:1;}">
                <Coords points="1068,1979 2835,1960 2995,1913 3000,1816 1070,1876"/>
                <Baseline points="1080,1957 1124,1954 1169,1951 1214,1948 1259,1948 1303,1948 1348,1945 1393,1942 1438,1942 1482,1939 1527,1939 1572,1939 1617,1936 1661,1933 1706,1933 1751,1930 1796,1927 1840,1927 1885,1924 1930,1924 1975,1924 2020,1924 2064,1921 2109,1918 2154,1918 2199,1915 2243,1912 2288,1909 2333,1909 2378,1906 2422,1906 2467,1906 2512,1900 2557,1900 2601,1900 2646,1900 2691,1897 2736,1894 2780,1894 2825,1891 2870,1888 2915,1885 2959,1885 3004,1882"/>
                <TextEquiv>
                    <Unicode>zwei haben und ein Dutzend? Hat nicht</Unicode>
                </TextEquiv>
            </TextLine>
            <TextLine id="tr_2_tl_3" custom="readingOrder {index:2;}">
                <Coords points="1073,2113 2788,2096 2881,2056 2886,1945 1077,2039"/>
                <Baseline points="1089,2106 1098,2109 1142,2106 1187,2103 1232,2100 1277,2100 1321,2097 1366,2097 1411,2094 1456,2094 1500,2091 1545,2091 1590,2088 1635,2088 1679,2088 1724,2085 1769,2082 1814,2079 1858,2079 1903,2079 1948,2076 1993,2073 2037,2073 2082,2070 2127,2070 2172,2067 2216,2064 2261,2064 2306,2058 2351,2061 2395,2058 2440,2055 2485,2055 2530,2052 2574,2052 2619,2049 2664,2046 2709,2046 2754,2043 2798,2040 2843,2040 2888,2037"/>
                <TextEquiv>
                    <Unicode>schliesslich jeder recht von seinem</Unicode>
                </TextEquiv>
            </TextLine>
            <TextLine id="tr_2_tl_4" custom="readingOrder {index:3;}">
                <Coords points="1077,2261 2461,2261 2844,2222 2847,2123 1080,2190"/>
                <Baseline points="1092,2255 1103,2255 1148,2255 1193,2252 1238,2252 1283,2252 1327,2252 1372,2249 1417,2249 1462,2249 1506,2243 1551,2243 1596,2240 1641,2240 1685,2237 1730,2234 1775,2234 1820,2234 1864,2231 1909,2228 1954,2225 1999,2225 2043,2222 2088,2222 2133,2219 2178,2216 2222,2216 2267,2213 2312,2213 2357,2213 2401,2210 2446,2207 2491,2207 2536,2204 2580,2204 2625,2202 2670,2199 2715,2196 2759,2196 2804,2196 2849,2193"/>
                <TextEquiv>
                    <Unicode>Standpunkt. Und kann man nicht von</Unicode>
                </TextEquiv>
            </TextLine>
            <TextLine id="tr_2_tl_5" custom="readingOrder {index:4;}">
                <Coords points="1092,2447 2760,2397 2970,2375 2975,2269 1097,2335"/>
                <Baseline points="1106,2410 1145,2407 1190,2407 1235,2404 1280,2404 1324,2401 1369,2401 1414,2398 1459,2395 1503,2395 1548,2395 1593,2395 1638,2392 1682,2389 1727,2389 1772,2387 1817,2387 1861,2384 1906,2381 1951,2381 1996,2378 2040,2375 2085,2375 2130,2375 2175,2369 2219,2369 2264,2369 2309,2366 2354,2366 2398,2363 2443,2360 2488,2360 2533,2357 2577,2357 2622,2354 2667,2354 2712,2354 2756,2348 2801,2348 2846,2345 2891,2345 2936,2342 2980,2336"/>
                <TextEquiv>
                    <Unicode>einem Standpunkt auf den andern hinü-</Unicode>
                </TextEquiv>
            </TextLine>
            <TextLine id="tr_2_tl_6" custom="readingOrder {index:5;}">
                <Coords points="1077,2585 1520,2620 1604,2558 2031,2531 2812,2568 2906,2533 2909,2439 2770,2397 1997,2481 1080,2471"/>
                <Baseline points="1092,2557 1118,2560 1163,2560 1208,2560 1253,2557 1297,2557 1342,2557 1387,2554 1432,2551 1476,2551 1521,2548 1566,2548 1611,2545 1655,2545 1700,2542 1745,2539 1790,2536 1835,2533 1879,2533 1924,2533 1969,2530 2014,2530 2058,2527 2103,2527 2148,2524 2193,2521 2237,2521 2282,2521 2327,2521 2372,2518 2416,2515 2461,2515 2506,2515 2551,2512 2595,2512 2640,2506 2685,2506 2730,2506 2774,2503 2819,2500 2864,2497 2909,2500"/>
                <TextEquiv>
                    <Unicode>berspringen? Keine Ueberzeugung Ich</Unicode>
                </TextEquiv>
            </TextLine>
            <TextLine id="tr_2_tl_7" custom="readingOrder {index:6;}">
                <Coords points="1087,2768 1722,2699 2961,2721 2966,2565 1092,2632"/>
                <Baseline points="1103,2715 1133,2715 1178,2712 1223,2712 1268,2709 1312,2706 1357,2703 1402,2700 1447,2700 1491,2700 1536,2700 1581,2700 1626,2697 1670,2694 1715,2694 1760,2694 1805,2691 1849,2688 1894,2685 1939,2682 1984,2685 2028,2685 2073,2685 2118,2682 2163,2679 2207,2676 2252,2673 2297,2673 2342,2670 2387,2670 2431,2667 2476,2667 2521,2667 2566,2664 2610,2664 2655,2661 2700,2658 2745,2655 2789,2655 2834,2652 2879,2652 2924,2649 2968,2652"/>
                <TextEquiv>
                    <Unicode>habe eben eine ganze Anzahl. Hat noch</Unicode>
                </TextEquiv>
            </TextLine>
            <TextLine id="tr_2_tl_8" custom="readingOrder {index:7;}">
                <Coords points="1092,2926 1213,2872 1713,2901 2642,2822 2832,2874 2901,2842 2906,2738 1443,2797 1097,2758"/>
                <Baseline points="1106,2867 1118,2867 1163,2867 1208,2864 1253,2861 1297,2858 1342,2858 1387,2858 1432,2858 1476,2855 1521,2852 1566,2852 1611,2852 1655,2846 1700,2849 1745,2849 1790,2846 1835,2846 1879,2843 1924,2843 1969,2837 2014,2837 2058,2834 2103,2831 2148,2831 2193,2831 2237,2828 2282,2825 2327,2822 2372,2819 2416,2819 2461,2819 2506,2819 2551,2819 2595,2816 2640,2816 2685,2816 2730,2813 2774,2813 2819,2813 2864,2810 2909,2816"/>
                <TextEquiv>
                    <Unicode>nie einer von Euch die Ueberzeugung</Unicode>
                </TextEquiv>
            </TextLine>
            <TextLine id="tr_2_tl_9" custom="readingOrder {index:8;}">
                <Coords points="1107,3050 2086,2995 2390,3045 2867,2978 2869,2906 2246,2874 1112,2931"/>
                <Baseline points="1121,3034 1127,3034 1172,3025 1217,3019 1262,3019 1306,3016 1351,3016 1396,3016 1441,3013 1485,3010 1530,3007 1575,3004 1620,3001 1664,3004 1709,3001 1754,2998 1799,2998 1843,2995 1888,2995 1933,2992 1978,2992 2022,2989 2067,2989 2112,2986 2157,2986 2202,2983 2246,2980 2291,2977 2336,2977 2381,2974 2425,2974 2470,2971 2515,2971 2560,2971 2604,2968 2649,2968 2694,2965 2739,2965 2783,2962 2828,2959 2873,2956"/>
                <TextEquiv>
                    <Unicode>gewechselt? Ist in keinem von Euch</Unicode>
                </TextEquiv>
            </TextLine>
            <TextLine id="tr_2_tl_10" custom="readingOrder {index:9;}">
                <Coords points="1102,3198 1846,3151 2471,3193 2995,3126 3027,3045 1105,3096"/>
                <Baseline points="1115,3177 1151,3174 1196,3174 1241,3171 1285,3171 1330,3168 1375,3165 1420,3165 1465,3162 1509,3162 1554,3159 1599,3159 1644,3156 1688,3153 1733,3150 1778,3150 1823,3150 1867,3147 1912,3144 1957,3144 2002,3144 2046,3141 2091,3141 2136,3138 2181,3138 2225,3135 2270,3135 2315,3132 2360,3129 2404,3129 2449,3129 2494,3129 2539,3129 2583,3126 2628,3121 2673,3121 2718,3121 2762,3118 2807,3118 2852,3115 2897,3112 2941,3112 2986,3109 3031,3109"/>
                <TextEquiv>
                    <Unicode>nicht zuweilen die Ahnung aufgetaucht</Unicode>
                </TextEquiv>
            </TextLine>
            <TextLine id="tr_2_tl_11" custom="readingOrder {index:10;}">
                <Coords points="1102,3346 2830,3302 3022,3274 3025,3190 1107,3245"/>
                <Baseline points="1118,3326 1148,3326 1193,3323 1238,3323 1283,3323 1327,3323 1372,3320 1417,3320 1462,3320 1506,3317 1551,3314 1596,3314 1641,3311 1685,3308 1730,3308 1775,3305 1820,3303 1864,3303 1909,3303 1954,3300 1999,3300 2043,3300 2088,3297 2133,3294 2178,3294 2222,3288 2267,3288 2312,3288 2357,3285 2401,3285 2446,3282 2491,3279 2536,3279 2580,3276 2625,3273 2670,3273 2715,3270 2759,3270 2804,3267 2849,3267 2894,3264 2938,3264 2983,3261 3028,3261"/>
                <TextEquiv>
                    <Unicode>dass eigentlich auch der Andere Recht</Unicode>
                </TextEquiv>
            </TextLine>
            <TextLine id="tr_2_tl_12" custom="readingOrder {index:11;}">
                <Coords points="1102,3526 2647,3430 2889,3487 3087,3430 3089,3334 1107,3381"/>
                <Baseline points="1118,3485 1124,3485 1169,3482 1214,3479 1259,3479 1303,3479 1348,3476 1393,3479 1438,3476 1482,3470 1527,3470 1572,3470 1617,3470 1661,3467 1706,3464 1751,3464 1796,3461 1840,3455 1885,3458 1930,3455 1975,3452 2020,3455 2064,3452 2109,3452 2154,3449 2199,3449 2243,3446 2288,3443 2333,3443 2378,3440 2422,3437 2467,3434 2512,3434 2557,3431 2601,3431 2646,3428 2691,3428 2736,3428 2780,3428 2825,3425 2870,3422 2915,3422 2959,3419 3004,3416 3049,3416 3094,3416"/>
                <TextEquiv>
                    <Unicode>haben könnte? Wo ist denn die Wahrheit</Unicode>
                </TextEquiv>
            </TextLine>
        </TextRegion>
    </Page>
</PcGts>
