3400 4232
2649 290 2843 440 126
951 524 2110 676 Fink - Graf Niederhof.
999 610 2993 824 (Fink müsste der Baronin gesagt habenn,
969 798 2756 1017 dass das Duell erst Nachmittags um
971 890 2957 1167 fünf stattfindet. Sein Hierbleiben ist
971 1086 2804 1335 nun dadurch motiviert,dass er immer
981 1294 2804 1459 noch hofft die Baronin umzustimmen.
981 1434 2756 1614 Er soll zum Dejeuner hier bleiben.
992 1536 3026 1777 Fluchtversuche etc. fielen damit fort.)
997 1767 1124 1884 Ni
997 1785 2812 1960 Graf: Es freut mich ganz besonders,
1009 1960 2835 2105 auch sie im Hause einer gemeinsamen
1009 2072 2888 2263 Freundin zu treffen und an einem für
1009 2237 3051 2403 Sie so bedeutungsvollen Tag- Sie schla-
1042 2408 2337 2576 gan sich in zwei Stunden?
1027 2558 2235 2743 Fink: Herr Graf wissen?
1020 2693 2916 2898 craf:Ich bewundere Ihren Mut. So hab
1048 2863 2998 3020 ich’s meistens auch gehalten. Hoffent
1042 3010 2977 3224 lich wird Ihre Hand nicht zittern. Und
1040 3168 2921 3346 wie immer die Sache ausgeht,es freut
1050 3295 2937 3476 mich noch Gelegenheit zu haben Ihnen
1070 3453 3013 3656 für Ihren glänzenden Artikel zu danken,
