3384 4088
2683 276 2866 480 129
932 442 2670 651 jeder Recht..und Unrecht.Ich hätte
898 643 2953 824 genau so gut das Gegenteil sagen können.
896 784 2841 980 Und es wäre geradeso klug und so dumm
911 970 1335 1121 gewesen.
909 1054 2897 1281 Fink: Herr Graf. Sie machen sich lustig
914 1274 1450 1447 über mich?
916 1358 2846 1572 Graf: Ich denke nicht daran. Man muss
916 1537 2798 1718 alles mitmachen. Darum habe ich mich
919 1685 2854 1879 auch ins Parlament wählen lassen. Als
937 1856 2854 2022 ich aufstand, hatte ich noch keine Ah¬
929 1988 2236 2195 nung, was ich reden würde.
952 2157 2958 2323 Fink: Sind Sie nicht Abgeordneter gewor
947 2287 2767 2489 den,um irgend einer Idee zu dienen?
934 2433 2907 2634 Graf: Noin. Nur - um auch das zu erle-
947 2611 2854 2800 ben. Ich war auch einmal verheiratet,
957 2769 2877 2956 nicht weil ich gerade diese Frau mehr
970 2889 2734 3086 liebte als andere. Ich bin auf die
955 3063 2889 3270 Tigerjagd gegangen, nicht um die Tiger
965 3208 2892 3408 zu vernichten.Und da man im Parlament
980 3346 2905 3581 irgend etwas sagen muss,habe ich eben
988 3535 2961 3716 zufällig Dinge gesagt, die Sie herrlich
