3304 4024
2631 315 2820 448 149
879 451 2711 630 Indessen sind Markus und Engler ge-
882 635 2691 838 kommen. Der eine erfährt von Silber.
882 802 2825 950 stein, der andere von Schromm, was sich
891 981 1572 1119 ereignet hat.
887 1105 1904 1274 Wie kommen Sie her?
894 1226 2815 1395 Sie wie sen beide von dem stattfinden
894 1427 2779 1592 den Duell, hatten beide schon die Ab-
896 1565 2369 1713 sicht sich hier einzufinden.
896 1710 2788 1875 Niederhof: Im übrigen bleibt es bei
899 1887 2788 2028 der Abmachung, Herr Fink, bis auf wei-
906 2008 2837 2146 teres engagiere ich Sie als Privatse-
916 2171 2851 2318 kretär. Zunächst machen wir eine klei
906 2343 1376 2476 ne Reise
916 2471 2813 2621 Baronin: Meine kleine Yacht ist eben
916 2594 2641 2822 fertig geworden. Ich lade Sie ein,
918 2781 1701 2958 auch Ihre Frau,
918 2909 2863 3079 Markus: Ich bedauere. Ich ertei le Hern
923 3069 2803 3246 Fink keinen Urlaub. Ich kann auf Ihre
928 3224 2859 3394 Kraft nicht verzichten. Und damit Sie
935 3375 2718 3544 durch Ihre andere Ueberzeugung gar
916 3501 2766 3704 nicht ge stört werden, bin ich bereit
