3512 4296
2792 406 2933 521 12
891 579 1595 745 haben könnte.
1385 723 2552 886 Der Diener findet ihn.
2588 778 2844 919 noch
1382 877 2927 1023 Die Fürstin erstaunt,ihn hier
919 1035 1459 1250 zu finden.
1393 1134 3057 1316 Wie wäre es, wenn er im Park sie
921 1299 3137 1509 erwarten würde, sie hätte vollkommen an ihn
930 1470 3068 1661 vergessen und käme erst gegen Morgen von
930 1677 1942 1807 irgendwoher zurück.
1401 1749 3150 1956 Das Wesentliche:Gespräch zwischen
927 1948 2491 2119 Fliederbusch und der Fürstin.
1404 2127 3173 2246 Um seine neue Existenz anzufangen
930 2235 3018 2414 muss er für eine Weile verschwinden. Er
943 2433 3101 2607 will die Fürstin bereden mit ihm abzurei-
943 2568 2971 2759 den.Er will sein Duell verschieben. Sie
949 2723 3062 2899 ist über diesen Einfall entüstet.Es er
963 2869 3032 3076 gibt sich jedenfalls, dass das Ganze nur
963 3043 2166 3195 ein Spiel für sie war.
1432 3175 3104 3327 Auch Folgenddes wäre denkbar.Sie
968 3286 3139 3517 kommt mit ihm aus dem Haus in den Garten:
963 3479 3109 3653 Du musst jetzt nach Hause gehen, noch ein
971 3622 3117 3840 bischen schlafen, damit deine Hand morgen
