3528 4232
770 382 3078 702 Fliederbusch schon im II. Akt von der Fürstin
790 579 2995 876 für den Morgen des nächsten Tags, nicht für
807 807 2630 1013 denselben Abend gebeten.
799 890 2861 1135 Schon im telefonischen Gespräch erfährt
841 1075 3015 1329 olederbusch, dass das puell um 12 Uhr mit-
819 1301 2034 1509 tags sein soll.
841 1498 2992 1771 Graf: Wir werden so lange bestehen, als es
853 1731 2382 1914 eine bürgerliche Presse gibt.
1629 2082 1905 2222 G.H.F.P.
1067 2176 2422 2427 usta nov jdois
2296 2456 2413 2693 107
1221 2918 1595 3175 sub fie
