3528 4328
1251 521 2999 741 Nun kommt Egon, Fliederbusch tritt
920 716 2950 860 bei ihm für Kausik ein, vergeblich. Egon
934 879 2969 1039 teilt ihm nun mit, dass er, Fliederbusch,
920 1053 2890 1175 sich schlagen müsse, man hat schon die
923 1186 3094 1327 einleitenden Schritte unternommen. Schromm
920 1311 3064 1482 kehrt aus der Redaktion des Tagewerks zu
912 1509 3088 1620 rück und hat sogar den Namen Fliederbusch
917 1645 3091 1778 erfahren. Egon und Schromm entfernen sich,
909 1780 3072 1970 um offiziell die Forderung Ficks an Flie-
901 1932 3023 2098 derbusch zu überbringen, der um halb zwei
901 2119 3007 2258 in der Redaktion sein wird,wie dort ver¬
896 2255 1639 2418 sichert wurde.
1273 2415 3026 2559 Nun befindet sich Fliederbusch in
893 2556 3001 2744 einer vollkommen unerwarteten Situation.
893 2722 2966 2882 Was tun? Jetzt könnte Fliederbusch end¬
901 2906 2852 3023 giltig aus der Welt verschwinden. Aber
879 3045 3026 3162 wie das? Er hat Weib und Kind, Also Auf¬
877 3178 3058 3330 schub vor allem. Er telephoniert ans Tage
879 3379 3042 3512 werk, dass er erst im Lauf des Nachmittags
877 3517 3034 3696 erscheinen kann. Wie Herr Fink hat ihn ge¬
874 3672 2896 3824 fordert. Die Herren mögen sich um sechs
