3416 4072
917 492 2902 651 Man kann ja das Weitere abwarten. Viel-
927 587 2963 856 leicht nimmt Müller das Duell nicht an.
927 808 2963 1036 Aber wenn Fink darauf nicht reagiert, so
935 938 2881 1167 ist er satisfaktionsunfähig,aus ihren
938 1116 2445 1302 Kreisen endgiltig eliminiert.
930 1281 3064 1480 Der eine Sekundant sagt,man könnte ja von
941 1411 2971 1592 Müller vielleicht verlangen,dass er al-
949 1563 2939 1759 les zurücknehme. Fink: Das wird er nicht
946 1743 2570 1935 tun, das kann er doch nicht tun.
943 1847 2990 2065 Egon:Hier gibt es keine Entschuld igung,
954 2009 3000 2272 hier gibtes nur einen Kampf auf Tod und
967 2222 1289 2392 Leben
962 2320 3083 2525 Am Ende beauftragt Fink die Leute formell
967 2485 2870 2692 heute Nachmittags um sechs bei Herrn
967 2671 2697 2846 Müller Rechenschaft zu verlangen.
978 2758 3096 2995 Warum gerade um sechs? Hier beginnen wie
973 2979 2955 3141 der leichte Verdachtsmomente bei Egon.
978 3115 3109 3333 Fink geht zuerst.Gespräch der Andern über
989 3301 1222 3489 ihn.
