3352 4216
2490 435 2688 575 wen Leid-L03
737 583 1736 817 8. Fink-Silberstein.
748 715 2707 977 Silberstein beginnt wieder von seinen
746 905 2074 1128 Angelegenheiten zu reden.
765 1034 2897 1246 Eventuell jetzt erst von seiner bevorste-
770 1233 1656 1453 henden Verlobung.
773 1356 2831 1568 Fink: (ungeduldig) Du weisst ja, dass ich
781 1516 2875 1709 von Funk gefordert bin. Und du und Oben-
787 1684 2991 1893 dorfer Ihr seid meine Sekundanten. Ich kann
344 1783 622 1959 Ja - de
801 1794 2971 2047 # die Sekundanten meines Gegners nicht er-
259 1926 578 2066 eilekt
790 1984 2779 2165 warten, die ich für 6 herbestellt habe.
212 2033 663 2223 eben alles
806 2140 2572 2333 Etwas unendlich dringendes zu tun,
809 2311 2160 2484 Silberstein: Aha, ich ahne.
806 2394 3021 2627 Fink: Nein, nein.-Wo nur Obendorfer bleibt?
817 2583 3026 2771 Silberstein: Sie sollen wir uns verhalten?
814 2735 2925 2955 Fink: Was denkst du?Ablehnen,nicht wahr?
825 2872 2826 3092 Silberstein: Ich finde,man muss bereit
831 3024 2993 3255 sein für seine Ueberzeugung in den Tod zu
853 3285 1172 3412 gehen.
845 3373 2999 3579 Fink: Das bin ich ja gewissermassen.Aber
856 3549 1907 3728 trotzdem - (lehnt ab)
847 3626 2963 3879 Silberstein: Unmöglich,er würde dich ohr
