3368 4232
2815 383 2991 526 100
753 592 1553 811 6. Fink.-Wondra.
800 720 2752 964 (Die Szene Fink-Wondra im 2.Akt müsste
770 890 2972 1123 früher abbrechen, so dass Wendra noch nicht
786 1063 2046 1260 so weit aufgeklärt ist).
789 1142 2985 1408 Egon hat ihn hinausgeschmissen in der Ten-
800 1361 2785 1553 denz das glatt zu reinigen. Diese szene
811 1454 2741 1709 natürlich in den 2.Akt einzuschieben.
819 1654 2577 1860 Fink: Was wi IIst du schon wieder?
824 1810 2752 2010 Wondra: (jetzt erst)Du musst mir deine
830 1955 2662 2183 Stellung im: „Tagewerk“ verschaffen.
838 2169 1690 2342 Fink: Unmöglich.
852 2268 2974 2511 Wondra: Du hast es doch nicht mehr nötig.
857 2454 2361 2624 Fink: Nicht so wie du meinst.
879 2563 3087 2804 Wondra: Wie kan ust du in dem Blatt bleiben.
874 2706 2876 2930 wo man dich einen albernen Snob nennt?
882 2857 3015 3108 Fink: Diese Sachen schreib ich ja selber.
923 3029 3037 3265 (Das sagt er natürl ich erst durch Wandras
893 3248 1939 3421 Drohungen gedrängt).
915 3295 3114 3566 Ich kann mein Gewissen nur beruhigen,indem
915 3486 3111 3730 ich im „Tagewerk“ gegen den Funk der „Ele-
923 3695 2087 3947 ganten Welt" schreibe.
