3320 4072
2586 235 2761 433 141
850 505 1273 623 ab geht.
848 598 2606 755 Egon: Sie irren. Das ist Herr Funk.
858 733 2774 965 Obendorfer: Herr Funk ist doch dieser
843 903 1381 1073 Herr dort.
848 1008 2254 1213 Schromm: Das ist der Dr. X.
863 1201 2114 1401 Obendorfer: (ruft) Fink!
855 1401 1736 1531 Egon: (ruft) Funk!
855 1518 2399 1668 Fink: (nähert sich resigniert).
860 1711 1773 1831 Silberstein: Fink
858 1778 2586 1976 Egon: Herr Funk - ist es möglich?
863 1976 2821 2121 Schromm: Pardon, hier scheint ein Miss-
873 2124 2836 2266 verständnis vorzuliegen. Aber ich werde
873 2319 2749 2426 die Sache sofort aufklären. Hier sind
870 2466 2836 2594 zwei Sekundanten,hier sind zwei Sekun-
885 2541 2894 2739 danten,dort ist ein Arzt,aber wir haben
875 2726 2794 2926 nur einen Duellanten.Nun gehören aber
875 2884 2809 3069 zu einem Duell immer Zwei.Es ist also
878 3059 2014 3229 klar, dass einer fehlt.
900 3222 2729 3359 Obendorfer: Mir fehlt der Herr Funk.
880 3337 2704 3547 Egon: Uns fehlt der Herr wink. Aber
880 3502 2764 3672 ich glaube, wir haben xxx. (heftig zu
