3416 4120
2779 316 2900 463 17
905 447 2902 655 Vielleicht so, dass nur Silberstein und
908 626 2913 839 Müller sich auf der Szene befinden und
924 813 2137 1000 beide wütend schreiben.
926 921 2923 1126 Silberstein findet das neue Stück Wehr.
934 1058 2915 1274 burgs weltfern, artistisch, wenn er,Sil-
934 1263 1971 1463 berstein,Zeit hätte.
937 1413 2881 1618 In einem kurzen Gespräch freunden sie
947 1610 1376 1763 sich an.
945 1681 2958 1889 Beide kommen aus der Tiefe. Silberstein
958 1879 1700 2050 posiert damit.
958 1981 2900 2239 Müller ist mit seinem Artikel fertig.
968 2184 2121 2350 geht zu Markus hinein.
966 2323 3018 2508 Nun eine Szene zwischen Silberstein und
1000 2510 1826 2673 jemanden andern.
976 2644 2965 2850 Eventuell mit Cajetan, der schon früher
987 2794 3031 2973 dagewesen sein müsste und nun mit neuen
987 2973 1729 3150 Notizen kommt.
1000 3129 2463 3268 Adele Loser bleibt fraglich.
1010 3213 3002 3410 Jemand, am besten Kohnberger, von Markus
995 3392 3000 3560 hat den Artikel Müllers gehört,scheint
1010 3481 3126 3760 entzückt, erzählt, dass auch Markus begeis-
