3272 3944
1604 404 1751 533 125
852 511 2370 600 ich nur meine Schuldigkeit erfüllt habe, wenn ich Sie
855 592 2370 699 noch rechtzeitig über das — Mißverständnis aufklärte,
861 690 2377 783 in dem Sie sich betreffs meiner — symbolischen Be¬
863 791 1383 890 deutung befanden
930 869 1863 973 Fliederbusch: Das hat keinerlei
924 916 2396 1048 Graf: Doch, Herr Fink. Ich könnte es Ihnen nicht
874 1046 2376 1149 im entferntesten verübeln, wenn Sie es jetzt bedauerten
872 1097 2391 1225 daß Sie sich — so weit — Ich werde Ihnen einen Vor¬
890 1193 1996 1328 schlag, Herr Fink — treten Sie zurück!“
2269 1261 2408 1381 V.
939 1303 1629 1419 Fliederbusch: — —?!
2223 1368 2396 1452 G. A.P.
943 1377 2179 1484 Graf: Treten Sie von Ihrem Duell zurück.
2200 1446 2410 1553 H
960 1476 1705 1593 Fliederbusch: Herr Graf
945 1558 2408 1657 Graf: Und ich — werde mich an Ihrer Statt mit Herrn
888 1659 1495 1764 Fliederbusch schlagen -
954 1728 2337 1852 Fliederbusch (entrüstet): Herr Graf—wie können Sie
945 1814 2410 1941 Graf: Meinetwegen — nicht an Ihrer Statt. Ich
893 1915 2421 2023 begreife ja, daß Sie in diesem vorgeschrittenen Sta-
893 1995 2421 2094 dium — Aber ich werde mich — gleichfalls mit Herrn
901 2086 2370 2212 Fliederbusch schlagen, und zwar glaub’ ich das Recht -
903 2181 2433 2280 ein Ehrenrat würde vielleicht entscheiden: die Pflicht
909 2265 2429 2381 zu haben, vor Ihnen anzutreten. Glauben Sie nicht
907 2353 2433 2454 etwa. Herr Fink, daß mir der Einfall jetzt eben zum ersten
909 2419 2436 2560 male kommt. Schon gestern abend nach der Lektüre
916 2524 2433 2646 seines Artikels hatte ich flüchtig daran gedacht, — Herrn
914 2602 2374 2728 Fliederbusch meinerseits zur Rechenschaft zu ziehen
989 2694 2457 2827 Fliederbusch: Und sind offenbar wieder davon ab¬
920 2816 1684 2911 gekommen — Herr Graf —
2118 2858 2315 2987 Von deme
983 2894 1311 3008 Graf: Ja.
1975 2880 2076 2997 De'
