3400 4136
2633 375 2787 578 57
1293 424 1709 604 8.Szene.
663 581 1680 750 Silberstein - Fink.
663 686 2703 886 Silberstein schüttet ihm sein Herz aus,
671 828 3008 1075 Warum bleiben Sie da? Wenn ich so jung wäre...
677 1017 2168 1212 Fink: Ich habe Weib und Kind
2092 1145 2450 1270 ineuram.
677 1180 2694 1392 Silberstein wirdsentimental, sehnt sich
686 1328 2694 1537 nach einem armen blinden Mädel aus dem
703 1491 2729 1671 Volk. Dann wüsste man doch wofür u.s.w.
703 1639 2470 1834 Fink gerührt lädt ihn zu sich ein.
744 1787 2002 1912 Aber ce Roi huit wilt –  Il his plede
698 1825 2906 1973 Fink erinnert sich als Bub den grafen Nie-
709 1953 2802 2136 derhof (im Prater?) gesehen zu haben,war
700 2119 2464 2334 damals berückt von seiner Eleganz.
700 2299 2212 2450 Einiges von der Jugend Ficks.
703 2427 2967 2680 Silberstein erzählt von seinen Anfängen. Hat
712 2627 1880 2813 immer robotten müssen.
