<?xml version="1.0" encoding="UTF-8" standalone="yes"?>
<PcGts xmlns="http://schema.primaresearch.org/PAGE/gts/pagecontent/2013-07-15" xmlns:xsi="http://www.w3.org/2001/XMLSchema-instance" xsi:schemaLocation="http://schema.primaresearch.org/PAGE/gts/pagecontent/2013-07-15 http://schema.primaresearch.org/PAGE/gts/pagecontent/2013-07-15/pagecontent.xsd">
    <Metadata>
        <Creator>prov=READ-COOP:name=TrHtr:version=2.1.0:model_id=51170:date=30_07_2023_05:01</Creator>
        <Created>2023-05-10T13:29:28.327+02:00</Created>
        <LastChange>2023-07-30T05:01:47.425+02:00</LastChange>
        <TranskribusMetadata docId="1428576" pageId="55413137" pageNr="208" tsid="131483538" status="IN_PROGRESS" userId="64420" imgUrl="https://files.transkribus.eu/Get?id=QKMQDNSOLDMSMYTLRADTTTSE&amp;fileType=view" xmlUrl="https://files.transkribus.eu/Get?id=HIBFTDEHRHWNODULNOHNKYFV" imageId="44687278"/>
    </Metadata>
    <Page imageFilename="1428576_0208.jpg" imageWidth="3368" imageHeight="4056">
        <ReadingOrder>
            <OrderedGroup id="ro_1711792026403" caption="Regions reading order">
                <RegionRefIndexed index="0" regionRef="tr_1"/>
                <RegionRefIndexed index="1" regionRef="tr_2"/>
            </OrderedGroup>
        </ReadingOrder>
        <TextRegion id="tr_1" custom="readingOrder {index:0;}">
            <Coords points="435,388 3023,388 3023,1851 435,1851"/>
            <TextLine id="tr_1_tl_1" custom="readingOrder {index:0;}">
                <Coords points="2791,494 2827,486 2850,494 2863,486 2907,517 2935,499 2948,512 2969,514 2969,306 2951,306 2930,288 2915,301 2889,286 2832,322 2791,327"/>
                <Baseline points="2805,438 2850,438 2895,438 2939,438 2972,441"/>
                <TextEquiv>
                    <Unicode>139</Unicode>
                </TextEquiv>
            </TextLine>
            <TextLine id="tr_1_tl_2" custom="readingOrder {index:1;}">
                <Coords points="944,653 1862,643 1883,548 1752,563 1662,530 1580,561 1407,538 1371,569 1253,543 1201,576 947,571"/>
                <Baseline points="958,632 990,629 1035,629 1080,629 1125,629 1169,626 1214,626 1259,623 1304,623 1349,623 1393,623 1438,620 1483,620 1528,620 1572,623 1617,620 1662,620 1707,617 1751,620 1796,623 1841,623 1886,626"/>
                <TextEquiv>
                    <Unicode>fünf Minuten lang.</Unicode>
                </TextEquiv>
            </TextLine>
            <TextLine id="tr_1_tl_3" custom="readingOrder {index:2;}">
                <Coords points="936,797 2138,785 2138,705 1999,684 1929,725 1590,682 1518,725 1459,695 939,723"/>
                <Baseline points="952,781 981,781 1026,781 1071,781 1116,781 1160,778 1205,778 1250,778 1295,778 1340,775 1384,775 1429,775 1474,772 1519,772 1563,770 1608,770 1653,770 1698,767 1742,767 1787,767 1832,767 1877,767 1922,764 1966,764 2011,761 2056,761 2101,764 2145,767"/>
                <TextEquiv>
                    <Unicode>Schromm: Da kommen sie.</Unicode>
                </TextEquiv>
            </TextLine>
            <TextLine id="tr_1_tl_4" custom="readingOrder {index:3;}">
                <Coords points="939,1021 1261,931 1721,1008 1950,929 2601,931 2565,795 2454,851 2261,797 2071,857 1870,831 1796,885 1592,839 942,862"/>
                <Baseline points="952,934 996,931 1041,931 1086,931 1131,934 1175,934 1220,931 1265,928 1310,928 1354,925 1399,925 1444,925 1489,925 1534,925 1578,925 1623,922 1668,922 1713,922 1757,922 1802,922 1847,919 1892,916 1936,916 1981,916 2026,913 2071,913 2116,913 2160,913 2205,913 2250,913 2295,913 2339,910 2384,907 2429,907 2474,904 2518,904 2563,904 2608,907"/>
                <TextEquiv>
                    <Unicode>Fink: Bedauere - (er will gehen)</Unicode>
                </TextEquiv>
            </TextLine>
            <TextLine id="tr_1_tl_5" custom="readingOrder {index:4;}">
                <Coords points="944,1104 2912,1075 2915,967 947,1024"/>
                <Baseline points="958,1086 996,1086 1041,1086 1086,1086 1131,1086 1175,1086 1220,1086 1265,1083 1310,1083 1354,1080 1399,1080 1444,1080 1489,1077 1534,1077 1578,1074 1623,1074 1668,1074 1713,1074 1757,1071 1802,1071 1847,1068 1892,1068 1936,1065 1981,1065 2026,1065 2071,1062 2116,1062 2160,1062 2205,1062 2250,1062 2295,1059 2339,1059 2384,1056 2429,1056 2474,1056 2518,1053 2563,1053 2608,1053 2653,1050 2698,1050 2742,1047 2787,1047 2832,1044 2877,1041 2921,1044"/>
                <TextEquiv>
                    <Unicode>Egon: Was fällt Ihnen ein - man könnee</Unicode>
                </TextEquiv>
            </TextLine>
            <TextLine id="tr_1_tl_6" custom="readingOrder {index:5;}">
                <Coords points="422,1188 625,1183 695,1163 743,1186 805,1158 921,1165 924,1047 880,1042 805,1080 761,1068 617,1104 543,1057 520,1073 481,1037 424,1039"/>
                <Baseline points="435,1160 480,1158 525,1158 570,1155 614,1155 659,1155 704,1155 749,1155 793,1155 838,1152 883,1146 928,1146"/>
                <TextEquiv>
                    <Unicode>Alwingern. -</Unicode>
                </TextEquiv>
            </TextLine>
            <TextLine id="tr_1_tl_7" custom="readingOrder {index:6;}">
                <Coords points="939,1240 1006,1266 1212,1240 1250,1266 1284,1240 1374,1258 1479,1227 1559,1248 1644,1225 1644,1181 1523,1150 1291,1152 1253,1178 1173,1150 1119,1173 1008,1168 942,1140"/>
                <Baseline points="952,1238 975,1238 1020,1235 1065,1238 1110,1235 1155,1235 1199,1235 1244,1235 1289,1232 1334,1232 1378,1229 1423,1229 1468,1226 1513,1226 1557,1223 1602,1223 1647,1223"/>
                <TextEquiv>
                    <Unicode>fast glauben-</Unicode>
                </TextEquiv>
            </TextLine>
            <TextLine id="tr_1_tl_8" custom="readingOrder {index:7;}">
                <Coords points="944,1407 2392,1384 2503,1363 2503,1276 947,1325"/>
                <Baseline points="958,1390 987,1390 1032,1387 1077,1384 1122,1384 1166,1384 1211,1384 1256,1384 1301,1381 1346,1381 1390,1381 1435,1378 1480,1378 1525,1378 1569,1375 1614,1375 1659,1372 1704,1372 1748,1372 1793,1372 1838,1372 1883,1369 1928,1369 1972,1369 2017,1369 2062,1366 2107,1366 2151,1363 2196,1363 2241,1360 2286,1357 2330,1357 2375,1357 2420,1357 2465,1354 2510,1357"/>
                <TextEquiv>
                    <Unicode>Schromm: Es sind ja nur Zwei -</Unicode>
                </TextEquiv>
            </TextLine>
            <TextLine id="tr_1_tl_9" custom="readingOrder {index:8;}">
                <Coords points="947,1546 2861,1546 2863,1402 2398,1469 949,1477"/>
                <Baseline points="961,1540 984,1540 1029,1540 1074,1537 1119,1537 1163,1537 1208,1534 1253,1534 1298,1534 1343,1534 1387,1534 1432,1534 1477,1531 1522,1531 1566,1528 1611,1525 1656,1525 1701,1525 1745,1522 1790,1522 1835,1522 1880,1522 1925,1522 1969,1519 2014,1516 2059,1516 2104,1513 2148,1513 2193,1513 2238,1513 2283,1513 2327,1513 2372,1510 2417,1510 2462,1510 2507,1513 2551,1507 2596,1507 2641,1504 2686,1504 2730,1504 2775,1507 2820,1507 2865,1510"/>
                <TextEquiv>
                    <Unicode>Fink: Das wäre dann sowieso ungiltig.</Unicode>
                </TextEquiv>
            </TextLine>
            <TextLine id="tr_1_tl_10" custom="readingOrder {index:9;}">
                <Coords points="942,1693 2873,1688 2907,1585 944,1623"/>
                <Baseline points="958,1689 987,1689 1032,1689 1077,1689 1122,1689 1166,1689 1211,1686 1256,1686 1301,1686 1346,1686 1390,1683 1435,1683 1480,1683 1525,1683 1569,1683 1614,1683 1659,1680 1704,1680 1748,1680 1793,1677 1838,1677 1883,1677 1928,1674 1972,1674 2017,1668 2062,1668 2107,1668 2151,1665 2196,1665 2241,1662 2286,1662 2330,1662 2375,1662 2420,1662 2465,1659 2510,1659 2554,1659 2599,1659 2644,1656 2689,1656 2733,1653 2778,1653 2823,1650 2868,1650 2912,1653"/>
                <TextEquiv>
                    <Unicode>Schromm: Es genügt auch ein Sekundant.</Unicode>
                </TextEquiv>
            </TextLine>
            <TextLine id="tr_1_tl_11" custom="readingOrder {index:10;}">
                <Coords points="952,1850 1335,1888 1790,1826 2153,1917 2302,1826 3015,1821 3018,1716 1747,1793 954,1760"/>
                <Baseline points="966,1841 1008,1841 1053,1841 1098,1841 1143,1838 1187,1838 1232,1838 1277,1835 1322,1835 1366,1835 1411,1832 1456,1832 1501,1832 1545,1832 1590,1832 1635,1832 1680,1829 1725,1829 1769,1826 1814,1823 1859,1826 1904,1823 1948,1823 1993,1823 2038,1823 2083,1823 2127,1820 2172,1820 2217,1820 2262,1817 2307,1817 2351,1814 2396,1814 2441,1814 2486,1811 2530,1811 2575,1808 2620,1808 2665,1808 2709,1808 2754,1805 2799,1805 2844,1802 2889,1802 2933,1799 2978,1799 3023,1796"/>
                <TextEquiv>
                    <Unicode>Jedenfalls muss deswegen das puell nicht</Unicode>
                </TextEquiv>
            </TextLine>
        </TextRegion>
        <TextRegion id="tr_2" custom="readingOrder {index:1;}">
            <Coords points="964,1925 2951,1925 2951,3549 964,3549"/>
            <TextLine id="tr_2_tl_1" custom="readingOrder {index:0;}">
                <Coords points="949,1999 1145,2043 1222,2004 1569,2022 1739,1978 2001,2004 2004,1922 1675,1896 1505,1935 1369,1904 1230,1953 1019,1906 949,1927"/>
                <Baseline points="964,1999 975,1996 1020,1996 1065,1996 1110,1996 1155,1996 1199,1993 1244,1993 1289,1993 1334,1990 1378,1987 1423,1984 1468,1984 1513,1981 1557,1984 1602,1981 1647,1978 1692,1978 1737,1978 1781,1978 1826,1975 1871,1975 1916,1975 1960,1978 2005,1978"/>
                <TextEquiv>
                    <Unicode>aufgeschoben werden.</Unicode>
                </TextEquiv>
            </TextLine>
            <TextLine id="tr_2_tl_2" custom="readingOrder {index:1;}">
                <Coords points="949,2189 1950,2127 2192,2205 2359,2122 2868,2135 2871,2068 2410,2017 2225,2079 952,2076"/>
                <Baseline points="966,2145 993,2151 1038,2151 1083,2151 1128,2148 1172,2148 1217,2145 1262,2145 1307,2145 1352,2142 1396,2142 1441,2139 1486,2136 1531,2136 1575,2136 1620,2136 1665,2133 1710,2133 1754,2133 1799,2130 1844,2130 1889,2130 1933,2130 1978,2127 2023,2127 2068,2124 2113,2124 2157,2124 2202,2124 2247,2122 2292,2122 2336,2119 2381,2122 2426,2122 2471,2119 2515,2119 2560,2116 2605,2116 2650,2113 2695,2113 2739,2110 2784,2110 2829,2110 2874,2110"/>
                <TextEquiv>
                    <Unicode>Egon: Es sind die beiden Sekundanten.</Unicode>
                </TextEquiv>
            </TextLine>
            <TextLine id="tr_2_tl_3" custom="readingOrder {index:2;}">
                <Coords points="952,2318 2045,2308 2163,2292 2166,2225 1996,2197 1829,2238 1577,2215 1448,2259 1320,2215 952,2236"/>
                <Baseline points="966,2301 1005,2301 1050,2301 1095,2298 1140,2298 1184,2301 1229,2301 1274,2298 1319,2295 1363,2295 1408,2295 1453,2295 1498,2292 1543,2292 1587,2289 1632,2289 1677,2286 1722,2286 1766,2283 1811,2283 1856,2283 1901,2283 1945,2280 1990,2280 2035,2283 2080,2280 2124,2283 2169,2286"/>
                <TextEquiv>
                    <Unicode>Herr Fink selbst fehlt.</Unicode>
                </TextEquiv>
            </TextLine>
            <TextLine id="tr_2_tl_4" custom="readingOrder {index:3;}">
                <Coords points="949,2490 2740,2457 2783,2336 952,2385"/>
                <Baseline points="964,2462 999,2462 1044,2459 1089,2456 1134,2456 1178,2456 1223,2453 1268,2453 1313,2453 1357,2453 1402,2450 1447,2447 1492,2447 1537,2447 1581,2444 1626,2444 1671,2444 1716,2444 1760,2444 1805,2441 1850,2441 1895,2441 1939,2441 1984,2438 2029,2438 2074,2435 2119,2432 2163,2432 2208,2429 2253,2429 2298,2426 2342,2426 2387,2426 2432,2426 2477,2426 2521,2423 2566,2423 2611,2420 2656,2420 2701,2417 2745,2417 2790,2417"/>
                <TextEquiv>
                    <Unicode>Schromm: Ah, das ist ja interessant!</Unicode>
                </TextEquiv>
            </TextLine>
            <TextLine id="tr_2_tl_5" custom="readingOrder {index:4;}">
                <Coords points="952,2627 2886,2593 2886,2495 2817,2477 2166,2542 954,2516"/>
                <Baseline points="966,2611 1011,2608 1056,2608 1101,2608 1146,2608 1190,2608 1235,2605 1280,2605 1325,2602 1369,2602 1414,2602 1459,2602 1504,2599 1548,2599 1593,2596 1638,2596 1683,2593 1728,2593 1772,2593 1817,2593 1862,2590 1907,2590 1951,2590 1996,2590 2041,2587 2086,2587 2130,2584 2175,2584 2220,2584 2265,2584 2310,2581 2354,2581 2399,2581 2444,2578 2489,2578 2533,2575 2578,2575 2623,2575 2668,2575 2712,2572 2757,2572 2802,2569 2847,2566 2892,2563"/>
                <TextEquiv>
                    <Unicode>Fink: Ich denke, wir haben nichts mehr</Unicode>
                </TextEquiv>
            </TextLine>
            <TextLine id="tr_2_tl_6" custom="readingOrder {index:5;}">
                <Coords points="962,2771 2886,2753 2938,2665 965,2693"/>
                <Baseline points="975,2766 1020,2763 1065,2760 1110,2760 1155,2763 1199,2760 1244,2760 1289,2760 1334,2757 1378,2757 1423,2754 1468,2754 1513,2754 1557,2751 1602,2751 1647,2748 1692,2751 1737,2751 1781,2748 1826,2748 1871,2745 1916,2742 1960,2742 2005,2742 2050,2742 2095,2739 2139,2739 2184,2736 2229,2736 2274,2736 2318,2733 2363,2733 2408,2730 2453,2730 2498,2733 2542,2733 2587,2730 2632,2730 2677,2730 2721,2727 2766,2727 2811,2727 2856,2724 2900,2724 2945,2724"/>
                <TextEquiv>
                    <Unicode>hier zu suchen. Oder wünschen sie, dass</Unicode>
                </TextEquiv>
            </TextLine>
            <TextLine id="tr_2_tl_7" custom="readingOrder {index:6;}">
                <Coords points="967,2928 2876,2943 2897,2796 967,2853"/>
                <Baseline points="981,2921 1020,2915 1065,2915 1110,2915 1155,2915 1199,2915 1244,2912 1289,2912 1334,2909 1378,2909 1423,2906 1468,2906 1513,2903 1557,2903 1602,2903 1647,2900 1692,2900 1737,2900 1781,2900 1826,2900 1871,2900 1916,2897 1960,2897 2005,2897 2050,2897 2095,2895 2139,2895 2184,2892 2229,2889 2274,2889 2318,2886 2363,2886 2408,2886 2453,2886 2498,2886 2542,2883 2587,2883 2632,2883 2677,2883 2721,2883 2766,2883 2811,2883 2856,2883 2900,2886"/>
                <TextEquiv>
                    <Unicode>ich mich mit den Sekundanten schlage?</Unicode>
                </TextEquiv>
            </TextLine>
            <TextLine id="tr_2_tl_8" custom="readingOrder {index:7;}">
                <Coords points="967,3079 2176,3056 2552,3126 2742,3038 2946,3069 2948,2976 2382,2987 2297,2935 2143,2994 970,2997"/>
                <Baseline points="981,3074 1026,3074 1071,3074 1116,3071 1160,3071 1205,3071 1250,3065 1295,3065 1340,3065 1384,3065 1429,3065 1474,3062 1519,3062 1563,3059 1608,3056 1653,3056 1698,3056 1742,3056 1787,3056 1832,3056 1877,3053 1922,3056 1966,3056 2011,3053 2056,3050 2101,3050 2145,3047 2190,3047 2235,3044 2280,3044 2324,3044 2369,3044 2414,3041 2459,3041 2504,3038 2548,3038 2593,3038 2638,3038 2683,3035 2727,3038 2772,3035 2817,3032 2862,3032 2906,3029 2951,3026"/>
                <TextEquiv>
                    <Unicode>Egon: Warten wir ab, was die Herren uns</Unicode>
                </TextEquiv>
            </TextLine>
            <TextLine id="tr_2_tl_9" custom="readingOrder {index:8;}">
                <Coords points="970,3236 1716,3216 1935,3298 2194,3280 2194,3177 1991,3177 1927,3133 1821,3190 1569,3105 1405,3167 970,3172"/>
                <Baseline points="984,3229 993,3226 1038,3223 1083,3223 1128,3223 1172,3223 1217,3220 1262,3217 1307,3217 1352,3217 1396,3217 1441,3214 1486,3214 1531,3211 1575,3211 1620,3211 1665,3211 1710,3217 1754,3217 1799,3223 1844,3226 1889,3226 1933,3226 1978,3223 2023,3223 2068,3220 2113,3220 2157,3226 2202,3223"/>
                <TextEquiv>
                    <Unicode>zu sagen haben.</Unicode>
                </TextEquiv>
            </TextLine>
            <TextLine id="tr_2_tl_10" custom="readingOrder {index:9;}">
                <Coords points="978,3406 2876,3370 2899,3270 2696,3226 2395,3306 2300,3259 1927,3301 1821,3236 1546,3316 980,3311"/>
                <Baseline points="993,3372 1023,3375 1068,3372 1113,3372 1158,3375 1202,3375 1247,3375 1292,3375 1337,3372 1381,3369 1426,3369 1471,3369 1516,3366 1560,3366 1605,3363 1650,3363 1695,3360 1739,3360 1784,3360 1829,3360 1874,3360 1919,3357 1963,3357 2008,3354 2053,3354 2098,3354 2142,3354 2187,3354 2232,3354 2277,3351 2321,3348 2366,3348 2411,3348 2456,3345 2501,3342 2545,3342 2590,3342 2635,3342 2680,3339 2724,3339 2769,3336 2814,3336 2859,3336 2903,3330"/>
                <TextEquiv>
                    <Unicode>Fink: (auf und ab Halten sie sich doch</Unicode>
                </TextEquiv>
            </TextLine>
            <TextLine id="tr_2_tl_11" custom="readingOrder {index:10;}">
                <Coords points="967,3555 1201,3537 1294,3607 1664,3645 1917,3583 2506,3630 2825,3591 2827,3419 967,3481"/>
                <Baseline points="981,3539 996,3536 1041,3536 1086,3536 1131,3536 1175,3536 1220,3539 1265,3539 1310,3533 1354,3533 1399,3530 1444,3527 1489,3524 1534,3524 1578,3521 1623,3521 1668,3521 1713,3518 1757,3518 1802,3518 1847,3518 1892,3518 1936,3515 1981,3515 2026,3515 2071,3515 2116,3515 2160,3515 2205,3512 2250,3509 2295,3509 2339,3506 2384,3506 2429,3506 2474,3503 2518,3503 2563,3503 2608,3500 2653,3500 2698,3500 2742,3500 2787,3500 2832,3500"/>
                <TextEquiv>
                    <Unicode>ruhig, die Herren sind ja schon hier.</Unicode>
                </TextEquiv>
            </TextLine>
        </TextRegion>
    </Page>
</PcGts>
