3368 4232
2691 467 2830 638 92
678 607 2964 857 Funk: Und Sie holen mich ab morgen Vormittag
669 792 2252 1002 Punkt 11 aus der Schwindgasse.
681 948 2782 1167 Egon: ich denke wohl, wir werden uns noch
683 1162 1327 1321 heute sehen?
692 1247 2867 1435 Eunk: Wenn es dabei bleibt, kaum notwendig.
689 1392 2865 1603 Ueber die Abendstunden habe ich schon ver.
692 1626 974 1788 fügt.
692 1714 2867 1951 Egon: Wenn sich aber die Notwendigkeit er.
709 1931 1011 2079 gibt,-
712 1982 2813 2184 Funk: Dann bitte ich oder vielmehr bitte
740 2167 2941 2355 jedenfalls um ein Wort in die Schwindgasse.
715 2332 2919 2489 Und jetzt müssen Sie mich leider entschul-
723 2472 2927 2634 digen, Sie begreifen, dass man noch allerlei
718 2614 2745 2805 zu tun hat. Jedenfalls danke ich Ihnen
723 2813 1780 3035 herzlich. (er geht).
