<?xml version="1.0" encoding="UTF-8" standalone="yes"?>
<PcGts xmlns="http://schema.primaresearch.org/PAGE/gts/pagecontent/2013-07-15" xmlns:xsi="http://www.w3.org/2001/XMLSchema-instance" xsi:schemaLocation="http://schema.primaresearch.org/PAGE/gts/pagecontent/2013-07-15 http://schema.primaresearch.org/PAGE/gts/pagecontent/2013-07-15/pagecontent.xsd">
    <Metadata>
        <Creator>prov=READ-COOP:name=TrHtr:version=2.1.0:model_id=51170:date=30_07_2023_05:01</Creator>
        <Created>2023-05-10T13:29:18.420+02:00</Created>
        <LastChange>2023-07-30T05:01:26.913+02:00</LastChange>
        <TranskribusMetadata docId="1428576" pageId="55412644" pageNr="131" tsid="131483451" status="IN_PROGRESS" userId="64420" imgUrl="https://files.transkribus.eu/Get?id=HIIGNIVMFLYEKWNLDNMCPVXV&amp;fileType=view" xmlUrl="https://files.transkribus.eu/Get?id=VXWIHPMZNRZFSUWHVWCEGOFH" imageId="44686785"/>
    </Metadata>
    <Page imageFilename="1428576_0131.jpg" imageWidth="3400" imageHeight="4136">
        <ReadingOrder>
            <OrderedGroup id="ro_1711791959050" caption="Regions reading order">
                <RegionRefIndexed index="0" regionRef="tr_1"/>
                <RegionRefIndexed index="1" regionRef="tr_2"/>
            </OrderedGroup>
        </ReadingOrder>
        <TextRegion id="tr_1" custom="readingOrder {index:0;}">
            <Coords points="746,409 2996,409 2996,1525 746,1525"/>
            <TextLine id="tr_1_tl_1" custom="readingOrder {index:0;}">
                <Coords points="2727,475 2750,478 2775,498 2795,498 2806,489 2829,495 2846,484 2866,484 2866,368 2832,365 2820,354 2815,359 2781,328 2769,337 2727,339"/>
                <Baseline points="2742,459 2787,459 2831,459 2870,462"/>
                <TextEquiv>
                    <Unicode>64</Unicode>
                </TextEquiv>
            </TextLine>
            <TextLine id="tr_1_tl_2" custom="readingOrder {index:1;}">
                <Coords points="747,586 789,603 908,605 936,577 987,611 1038,600 1098,625 1182,597 1219,611 1219,560 1188,560 1146,518 1058,537 1021,512 965,526 950,512 905,523 812,506 772,549 747,549"/>
                <Baseline points="763,587 808,587 853,590 898,593 942,593 987,593 1032,593 1077,593 1122,593 1166,596 1211,599 1226,599"/>
                <TextEquiv>
                    <Unicode>der Loge.</Unicode>
                </TextEquiv>
            </TextLine>
            <TextLine id="tr_1_tl_3" custom="readingOrder {index:2;}">
                <Coords points="744,744 2351,778 2585,840 2747,792 2744,653 2665,642 744,682"/>
                <Baseline points="760,740 805,743 850,743 895,743 940,746 984,749 1029,749 1074,752 1119,752 1163,749 1208,749 1253,749 1298,749 1342,749 1387,752 1432,752 1477,752 1521,754 1566,754 1611,757 1656,760 1700,757 1745,757 1790,757 1835,757 1880,760 1924,757 1969,760 2014,760 2059,760 2103,760 2148,763 2193,760 2238,763 2282,766 2327,766 2372,766 2417,766 2461,766 2506,763 2551,763 2596,766 2640,766 2685,766 2730,766 2751,766"/>
                <TextEquiv>
                    <Unicode>Engler: Was willst du also eigentlich?</Unicode>
                </TextEquiv>
            </TextLine>
            <TextLine id="tr_1_tl_4" custom="readingOrder {index:3;}">
                <Coords points="738,900 2212,936 2209,786 1963,851 1850,803 1595,840 1451,801 1363,849 738,854"/>
                <Baseline points="754,898 799,901 844,901 889,901 934,901 978,901 1023,904 1068,904 1113,904 1157,901 1202,904 1247,904 1292,904 1336,904 1381,904 1426,904 1471,904 1515,907 1560,907 1605,907 1650,907 1694,910 1739,910 1784,910 1829,910 1874,913 1918,913 1963,910 2008,913 2053,913 2097,916 2142,916 2187,919 2220,922"/>
                <TextEquiv>
                    <Unicode>Egon: Er muss sich schlagen.</Unicode>
                </TextEquiv>
            </TextLine>
            <TextLine id="tr_1_tl_5" custom="readingOrder {index:4;}">
                <Coords points="738,1061 2942,1112 2939,993 2450,965 735,1001"/>
                <Baseline points="752,1050 796,1050 841,1050 886,1050 931,1050 975,1053 1020,1056 1065,1056 1110,1059 1154,1059 1199,1056 1244,1056 1289,1059 1333,1059 1378,1059 1423,1059 1468,1059 1512,1062 1557,1062 1602,1065 1647,1065 1692,1065 1736,1062 1781,1062 1826,1065 1871,1065 1915,1065 1960,1065 2005,1065 2050,1062 2094,1068 2139,1068 2184,1071 2229,1071 2273,1071 2318,1068 2363,1071 2408,1068 2452,1071 2497,1071 2542,1071 2587,1071 2632,1074 2676,1074 2721,1074 2766,1071 2811,1074 2855,1077 2900,1083 2945,1086"/>
                <TextEquiv>
                    <Unicode>Engler: Jnsinn.Wir sind jetzt so klerikal,</Unicode>
                </TextEquiv>
            </TextLine>
            <TextLine id="tr_1_tl_6" custom="readingOrder {index:5;}">
                <Coords points="735,1199 2031,1279 2786,1233 2744,1126 735,1154"/>
                <Baseline points="752,1199 796,1202 841,1202 886,1205 931,1205 975,1205 1020,1202 1065,1205 1110,1205 1154,1208 1199,1205 1244,1211 1289,1211 1333,1211 1378,1211 1423,1211 1468,1211 1512,1214 1557,1211 1602,1211 1647,1217 1692,1217 1736,1217 1781,1217 1826,1220 1871,1217 1915,1217 1960,1220 2005,1220 2050,1220 2094,1220 2139,1220 2184,1220 2229,1220 2273,1220 2318,1223 2363,1220 2408,1223 2452,1223 2497,1220 2542,1220 2587,1223 2632,1223 2676,1223 2721,1223 2766,1223 2793,1226"/>
                <TextEquiv>
                    <Unicode>dass wir schon sich unsere Mitarbeiter</Unicode>
                </TextEquiv>
            </TextLine>
            <TextLine id="tr_1_tl_7" custom="readingOrder {index:6;}">
                <Coords points="730,1358 2150,1451 2308,1383 2990,1414 2990,1270 730,1332"/>
                <Baseline points="746,1357 790,1357 835,1357 880,1357 925,1357 969,1357 1014,1357 1059,1360 1104,1360 1148,1360 1193,1360 1238,1363 1283,1360 1327,1360 1372,1363 1417,1363 1462,1366 1506,1369 1551,1366 1596,1369 1641,1369 1686,1366 1730,1369 1775,1369 1820,1369 1865,1369 1909,1369 1954,1372 1999,1372 2044,1372 2088,1372 2133,1372 2178,1375 2223,1375 2267,1375 2312,1378 2357,1378 2402,1378 2446,1378 2491,1378 2536,1381 2581,1378 2626,1378 2670,1378 2715,1381 2760,1381 2805,1381 2849,1381 2894,1381 2939,1381 2984,1381 2996,1378"/>
                <TextEquiv>
                    <Unicode>schon aus religiösen Gründen nicht schlagen</Unicode>
                </TextEquiv>
            </TextLine>
            <TextLine id="tr_1_tl_8" custom="readingOrder {index:7;}">
                <Coords points="733,1511 750,1508 767,1525 851,1528 860,1516 902,1513 948,1528 962,1513 976,1522 1004,1513 1021,1528 1103,1530 1100,1488 1083,1488 1044,1451 1007,1468 942,1431 925,1448 798,1445 786,1434 730,1468"/>
                <Baseline points="749,1506 793,1509 838,1506 883,1509 928,1509 972,1509 1017,1512 1062,1515 1107,1515 1110,1515"/>
                <TextEquiv>
                    <Unicode>dürfen.</Unicode>
                </TextEquiv>
            </TextLine>
        </TextRegion>
        <TextRegion id="tr_2" custom="readingOrder {index:1;}">
            <Coords points="713,1612 2987,1612 2987,3244 713,3244"/>
            <TextLine id="tr_2_tl_1" custom="readingOrder {index:0;}">
                <Coords points="727,1666 2877,1723 2877,1547 727,1598"/>
                <Baseline points="743,1662 787,1665 832,1662 877,1665 922,1668 966,1671 1011,1668 1056,1668 1101,1668 1145,1668 1190,1668 1235,1671 1280,1668 1324,1668 1369,1671 1414,1674 1459,1674 1504,1674 1548,1677 1593,1674 1638,1674 1683,1671 1727,1674 1772,1677 1817,1677 1862,1680 1906,1680 1951,1677 1996,1674 2041,1677 2085,1680 2130,1680 2175,1683 2220,1683 2264,1686 2309,1686 2354,1686 2399,1686 2444,1686 2488,1686 2533,1686 2578,1686 2623,1686 2667,1689 2712,1689 2757,1689 2802,1686 2846,1683 2885,1683"/>
                <TextEquiv>
                    <Unicode>Egon: Vielleicht später einmal.Heute wäre</Unicode>
                </TextEquiv>
            </TextLine>
            <TextLine id="tr_2_tl_2" custom="readingOrder {index:1;}">
                <Coords points="724,1819 1788,1839 2034,1898 2441,1861 2441,1757 2291,1737 1952,1793 1519,1717 1392,1785 724,1759"/>
                <Baseline points="740,1817 784,1817 829,1817 874,1820 919,1817 963,1820 1008,1820 1053,1823 1098,1823 1142,1823 1187,1823 1232,1823 1277,1823 1321,1823 1366,1826 1411,1826 1456,1826 1501,1826 1545,1829 1590,1829 1635,1832 1680,1832 1724,1832 1769,1832 1814,1832 1859,1832 1903,1832 1948,1835 1993,1832 2038,1835 2082,1835 2127,1838 2172,1838 2217,1838 2261,1838 2306,1838 2351,1838 2396,1838 2441,1841 2449,1844"/>
                <TextEquiv>
                    <Unicode>es für unser Blatt noch sehr gut.</Unicode>
                </TextEquiv>
            </TextLine>
            <TextLine id="tr_2_tl_3" custom="readingOrder {index:2;}">
                <Coords points="721,1974 2911,2031 2911,1895 721,1901"/>
                <Baseline points="737,1972 781,1972 826,1975 871,1972 916,1975 960,1975 1005,1978 1050,1978 1095,1975 1139,1978 1184,1978 1229,1978 1274,1978 1318,1981 1363,1981 1408,1981 1453,1978 1498,1981 1542,1984 1587,1984 1632,1984 1677,1984 1721,1984 1766,1984 1811,1987 1856,1987 1900,1987 1945,1984 1990,1987 2035,1987 2079,1987 2124,1990 2169,1990 2214,1990 2258,1990 2303,1990 2348,1990 2393,1990 2438,1990 2482,1993 2527,1996 2572,1993 2617,1996 2661,1999 2706,1999 2751,1999 2796,1999 2840,1999 2885,2002 2918,2008"/>
                <TextEquiv>
                    <Unicode>Engler: Uebrigens sind die Artikel anonym.</Unicode>
                </TextEquiv>
            </TextLine>
            <TextLine id="tr_2_tl_4" custom="readingOrder {index:3;}">
                <Coords points="716,2130 2806,2181 2806,2079 2540,2011 2201,2093 716,2065"/>
                <Baseline points="731,2130 775,2130 820,2127 865,2130 910,2133 954,2133 999,2133 1044,2130 1089,2130 1133,2130 1178,2130 1223,2133 1268,2130 1313,2130 1357,2133 1402,2133 1447,2136 1492,2136 1536,2136 1581,2136 1626,2136 1671,2136 1715,2139 1760,2139 1805,2139 1850,2142 1894,2142 1939,2142 1984,2142 2029,2142 2073,2145 2118,2142 2163,2142 2208,2145 2253,2145 2297,2145 2342,2145 2387,2145 2432,2148 2476,2148 2521,2148 2566,2148 2611,2148 2655,2148 2700,2151 2745,2151 2790,2157 2811,2157"/>
                <TextEquiv>
                    <Unicode>Egon: Wir werden es schon herausbringen.</Unicode>
                </TextEquiv>
            </TextLine>
            <TextLine id="tr_2_tl_5" custom="readingOrder {index:4;}">
                <Coords points="713,2283 2537,2314 2537,2240 2348,2198 713,2218"/>
                <Baseline points="728,2282 772,2282 817,2282 862,2282 907,2282 951,2282 996,2285 1041,2282 1086,2285 1130,2285 1175,2288 1220,2285 1265,2288 1310,2288 1354,2288 1399,2288 1444,2288 1489,2288 1533,2288 1578,2288 1623,2288 1668,2291 1712,2294 1757,2297 1802,2297 1847,2297 1891,2297 1936,2297 1981,2297 2026,2297 2070,2294 2115,2297 2160,2297 2205,2297 2250,2297 2294,2297 2339,2297 2384,2297 2429,2297 2473,2300 2518,2300 2545,2300"/>
                <TextEquiv>
                    <Unicode>Fräulein Emma Negedy wird gemeldet.</Unicode>
                </TextEquiv>
            </TextLine>
            <TextLine id="tr_2_tl_6" custom="readingOrder {index:5;}">
                <Coords points="713,2438 2181,2509 2863,2467 2812,2365 2280,2393 2161,2325 1686,2407 713,2370"/>
                <Baseline points="728,2438 772,2438 817,2441 862,2441 907,2441 951,2441 996,2441 1041,2438 1086,2438 1130,2441 1175,2438 1220,2441 1265,2441 1310,2441 1354,2444 1399,2444 1444,2444 1489,2444 1533,2444 1578,2446 1623,2449 1668,2446 1712,2449 1757,2449 1802,2449 1847,2449 1891,2452 1936,2449 1981,2449 2026,2452 2070,2452 2115,2452 2160,2452 2205,2452 2250,2452 2294,2452 2339,2455 2384,2455 2429,2455 2473,2455 2518,2455 2563,2455 2608,2458 2652,2458 2697,2455 2742,2458 2787,2458 2831,2458 2870,2461"/>
                <TextEquiv>
                    <Unicode>Egon: Die solltest du nicht im Bureau em-</Unicode>
                </TextEquiv>
            </TextLine>
            <TextLine id="tr_2_tl_7" custom="readingOrder {index:6;}">
                <Coords points="716,2611 764,2617 781,2600 829,2597 919,2600 950,2622 1035,2597 1126,2611 1126,2571 1069,2529 1016,2529 996,2549 967,2529 942,2546 922,2526 883,2549 815,2512 798,2529 716,2529"/>
                <Baseline points="731,2593 775,2593 820,2593 865,2593 910,2590 954,2593 999,2593 1044,2593 1089,2596 1133,2599"/>
                <TextEquiv>
                    <Unicode>pfangen.</Unicode>
                </TextEquiv>
            </TextLine>
            <TextLine id="tr_2_tl_8" custom="readingOrder {index:7;}">
                <Coords points="699,2772 2673,2812 2945,2772 2945,2679 699,2684"/>
                <Baseline points="713,2745 757,2745 802,2745 847,2745 892,2745 937,2748 981,2748 1026,2751 1071,2751 1116,2748 1160,2751 1205,2751 1250,2751 1295,2751 1339,2751 1384,2751 1429,2754 1474,2751 1518,2754 1563,2754 1608,2754 1653,2757 1697,2757 1742,2760 1787,2757 1832,2757 1877,2760 1921,2757 1966,2757 2011,2757 2056,2757 2100,2760 2145,2760 2190,2760 2235,2763 2279,2763 2324,2763 2369,2763 2414,2763 2458,2763 2503,2766 2548,2766 2593,2766 2637,2766 2682,2766 2727,2766 2772,2769 2817,2766 2861,2766 2906,2763 2948,2763"/>
                <TextEquiv>
                    <Unicode>Engler: Kümmere dich um deine Angelegenhei-</Unicode>
                </TextEquiv>
            </TextLine>
            <TextLine id="tr_2_tl_9" custom="readingOrder {index:8;}">
                <Coords points="710,2894 2979,2982 2976,2792 707,2846"/>
                <Baseline points="725,2891 769,2894 814,2894 859,2897 904,2900 948,2903 993,2900 1038,2900 1083,2900 1128,2903 1172,2903 1217,2906 1262,2903 1307,2906 1351,2909 1396,2906 1441,2906 1486,2906 1530,2906 1575,2906 1620,2909 1665,2909 1709,2909 1754,2909 1799,2909 1844,2909 1888,2912 1933,2912 1978,2912 2023,2912 2068,2912 2112,2915 2157,2915 2202,2915 2247,2918 2291,2918 2336,2918 2381,2918 2426,2918 2470,2918 2515,2918 2560,2921 2605,2921 2649,2921 2694,2924 2739,2921 2784,2921 2828,2921 2873,2921 2918,2921 2963,2918 2987,2924"/>
                <TextEquiv>
                    <Unicode>ten. Uebrigens handelt es sich sicher um ei-</Unicode>
                </TextEquiv>
            </TextLine>
            <TextLine id="tr_2_tl_10" custom="readingOrder {index:9;}">
                <Coords points="704,3058 1776,3069 1938,3120 2215,3083 2215,3007 1912,3010 1802,2962 1644,2973 1581,3035 1479,2973 1406,3015 1106,2973 704,3013"/>
                <Baseline points="719,3055 763,3052 808,3052 853,3055 898,3052 942,3055 987,3055 1032,3052 1077,3058 1122,3058 1166,3058 1211,3058 1256,3061 1301,3058 1345,3061 1390,3058 1435,3058 1480,3058 1524,3058 1569,3058 1614,3058 1659,3061 1703,3061 1748,3061 1793,3064 1838,3061 1882,3064 1927,3064 1972,3064 2017,3064 2062,3064 2106,3067 2151,3070 2196,3070 2223,3073"/>
                <TextEquiv>
                    <Unicode>ne Angelegenheit des Blattes.</Unicode>
                </TextEquiv>
            </TextLine>
            <TextLine id="tr_2_tl_11" custom="readingOrder {index:10;}">
                <Coords points="699,3202 2023,3228 2283,3315 2747,3239 2747,3148 2617,3106 699,3129"/>
                <Baseline points="713,3201 757,3201 802,3201 847,3201 892,3204 937,3207 981,3210 1026,3213 1071,3213 1116,3213 1160,3213 1205,3216 1250,3213 1295,3216 1339,3216 1384,3216 1429,3216 1474,3213 1518,3216 1563,3216 1608,3219 1653,3216 1697,3219 1742,3216 1787,3216 1832,3216 1877,3219 1921,3219 1966,3219 2011,3219 2056,3219 2100,3219 2145,3219 2190,3222 2235,3222 2279,3222 2324,3225 2369,3225 2414,3225 2458,3225 2503,3228 2548,3228 2593,3231 2637,3231 2682,3231 2727,3231 2754,3234"/>
                <TextEquiv>
                    <Unicode>Wie Frl.Negedy kommt,entfermtsich Egon.</Unicode>
                </TextEquiv>
            </TextLine>
        </TextRegion>
    </Page>
</PcGts>
