4024 6312
3451 59 3636 115 Kreis
3193 106 3661 176 Leicester Square
2208 112 2617 193 Erstaufführung).
2967 148 3692 221 „ Italien: Società Italiana
532 199 2779 274 „ 2/3. „Das Gnadenbrot“ (Wien, Volksbühne; Erstaufführung. “ „Autoliebchen“ 6“ The
3062 210 3703 283 Oesterreich: Dr. O. F
736 274 2779 353 joy ride lady“) (London, New Theatre; Erstaufführung). Theater=Chronik. Zur Auf¬
2992 271 3708 336 „ Rußland und Polen:
747 313 2133 423 führung gelangte Werke. Geschäftsverkehr unseres Verlages
3081 316 3717 389 Schweden, Finnland:
3076 369 3708 453 Ungarn: Dr. O. F. G.
3062 425 3717 504 Verein. Staaten von N°
728 434 988 515 Anzeigen.
3199 481 3745 560 tellejällä, Guilding, 1482-90,
2119 686 3703 756 mit dem Säbel in der Faust messen soll. Wie da statt des einen
2119 747 3683 809 Quellanten, auf dessen Anwesenheit man höchstens rechnen könnte
2119 806 3686 868 plötzlich sogar drei auf der Bühne siehen, das givt dem Akte
641 694 1920 887 Er und der Andere.
2119 854 3412 924 Witz. Es war ein unterhaltsamer Abend.
2253 926 3686 991 „Berliner Tageblatt“. Die Konfusion, die so
896 893 1682 1002 (Les deux canards.)
2133 977 3686 1047 gar zu einem Duell mit sich selbst führt, wirk
487 994 2074 1108 Schwank in drei Akten von Tristan Bernard und
2259 1030 3686 1097 isch. Man konnte auch an Satiren auf Duellunfug, Presse
2256 1089 2913 1161 ption und ähnliches denken.
688 1111 1886 1198 Athis. Deutsch von Mar Schoenau.
2259 1142 3689 1206 „Berliner Morgenpost“. Es steckt in dem Stü
2138 1184 3689 1254 viel Laune, Witz und Situations komik. Die Autoren
2138 1254 3675 1310 wollten eine Satire gegen die Gesinnungslosigkeit gewisser Partei
2119 1304 3686 1366 blätter schreiben, gleichzeitig gegen den Duellunfug zu Feld
879 1299 1704 1391 Deutsche Uraufführung
2144 1366 3697 1425 ziehen und besonders die bei Preßfehden in Frankreich evenso be¬
2144 1416 3703 1478 liebten wie unblutigen Quelle der Journalisten gründlich lächer¬
747 1394 1850 1506 am Trianon-Theater zu Berlin
2133 1467 3675 1537 lich machen. Ein Druckereibesitzer, der gleichzeitig zwei sich au
2149 1531 3675 1584 heftigste bef ehdende Zeitungen herausgibt, ein Chefredakteur, de
994 1520 1606 1618 am 28. Februar.
2144 1578 3686 1646 für diese beiden Blätter die Leitartikel schreibt und schließlich in
2144 1634 3686 1702 die peinliche Lage gerät, sich mit sich selber duellieren zu müssen
2144 1696 3053 1760 sind die besten Gestalten des Stückes.
616 1713 2093 1797 „Vossische Zeitung“. Die Idee, wie sie den Verfassern
2259 1763 3703 1828 „Die Zeit am Montag“. Das ist eins der französischer
498 1769 2088 1844 vorgeschwebt hat, ist so übel nicht. Sie wollten nach eigenen und
2155 1816 3708 1872 Lustspiele, die durch ungemein seine Züge überraschen
515 1833 2096 1903 anderen berühmten Mustern die politische Korruption geißeln, die
2149 1872 3700 1945 Reizende Einzelheiten verdient bemerkt zu werden
498 1886 2091 1954 die Privatgeschäfte anrüchigster Sorte geradezu begünstigt, wenn
2144 1931 3697 1996 Die köstliche Szene, in der Gélidon mit dem Bilde de
515 1942 2088 2021 sie unter dem Deckmantel der Weltanschauung betrieben werden.
2149 1984 3708 2049 einen Geliebten auf dem Herzen von der anderen schlafend über
509 1993 2091 2071 Zu diesem Zweck schufen sie einen jungen, unternehmungslustigen
2149 2029 3700 2091 rascht wird und sich von der Eifersüchtigen großartig herauslüge
509 2046 2082 2127 Edelmann von einem Typ, wie er in Frankreich der dritten Re¬
2149 2082 3700 2144 läßt, ist mit das Netteste, was wir lange gesehe
509 2105 2077 2172 publik in der Tat nicht gar so selten ist, und der in ein gräßlic
2166 2144 3708 2211 haben. Eine prachtvolle Charge war der militärische
509 2158 2093 2225 langweiliges Provinznest verschlagen, um eines Liebesabenteuers
2161 2200 3711 2261 Mitarbeiter mit seinem Aufsatz über alte Gewehrmodelle, der dann
509 2214 2088 2281 mit einer hübschen „unverstandenen“ Frau willen zu allen Schand¬
2155 2247 3708 2315 äußerst ehrbar das Duell arrangiert und dabei der verliebten
509 2270 2102 2340 taten bereit ist. „Sie“ ist die Frau des Sozialistenführers am
2166 2312 3703 2385 Buchdruckergattin zum Opfer fällt. Und als der Filmoperateur
521 2326 2093 2401 Orte, der gleichzeitig eine Druckerei hat, und nichts liegt näher
2166 2362 3703 2424 die Kurbel drehte, um die Szene aufzunehmen, in der zwe
526 2379 2082 2452 als daß sofort eine brandrote Zeitung ins Leben gerufen wird
2161 2424 3711 2488 Herren schief über die Bühne stapften, mußten wir an so manche
515 2443 2093 2508 damit der Liebhaber als Chefredakteur des Blattes seiner Schönen
2166 2477 3717 2547 Kinostück denken. Ein deutscher Lustspieldichter hätte das gewis
515 2494 2099 2558 auch am Tage recht nahe sein kann. Ihr zuliebe schreibt er so
2161 2536 3440 2620 schärfer unterstrichen; aber so wirkte es sympathischer.
521 2564 2107 2617 wütend links, als wäre er als Monarchist auf die Welt gekommen.
2281 2578 3708 2656 „Berliner Allgemeine Zeitung“. Zwei geschickte Leute
509 2600 2082 2676 Da aber naht das Verhängnis. Der gesinnungstüchtige Sozialis
2161 2628 3725 2698 die ihr Handwerk verstehen, haben dieses Stück gezimmert. E
509 2664 2088 2732 und Drucker verkauft sein Blatt gegen blanke Zechinen an den
2155 2698 2916 2788 ist amüsant und witzig.
515 2720 2102 2779 verhaßten Führer der Gegenpartei, den Baron von Saint=Amour,
2275 2718 3708 2832 „Berliner Salon“. Zwei Seelen wohnen in der Bru
515 2776 2099 2832 in dessen Tochter Freund Gélidon bei dieser Gelegenheit seine
2175 2802 3711 2880 des neuesten „Bernardiners“, des Journalisten Gélidon. Diese
515 2824 2099 2900 seit langem unbekannterweise angebetete Flamme wiedererkennt.
2175 2866 3661 2953 Journalist kann rechts schreiben, er kann auch links schreibe
515 2891 2026 2955 Und da die resolute Frau Léontine zu gleicher Zeit ein ne
509 2947 2026 3003 Oppositionsblatt gründet, so bleibt dem armen, in die Zwickmi
2163 2919 3563 3003 Seine Moral wird von jedem Weiberunterrock verdeckt.
2175 2981 3566 3042 Banden der heißblütigen Frau seines Brotherrn, des Di
3549 2967 3675 3037 Trucker
515 3000 2107 3062 geratenen Gélidon nichts anderes übrig, als beiden Parteien seine
2175 3023 3571 3095 besitzers, schreibt er Tagsüber für den „Leuchturm“ die ro
515 3042 2110 3115 Feder zu leihen und heute als Gelidon den Herrn von Montignac
2161 3084 3725 3165 Leitartikel, die dem feudalen Patron der Kleinstadt, dem Baron
515 3109 2110 3165 und morgen als Montignac den Monsieur Gélidon nach allen
2175 3149 3703 3221 von St. Amour, die Spitze in den Leib bohren. Aber abend
515 3146 2110 3219 Regeln der Kunst zu vermöbeln. Zum Schluffe kommt es sogar
2166 3196 3456 3266 verwirrt von den Reizen Baronesse Madeleines, verst
2166 3247 3465 3314 Leuchtturmfeuer auszublasen, und erwidert, (unter
2175 3297 3633 3381 Namen) seine eigenen Angriffe in der Zeitung des Barons.
509 3300 2110 3384 klärt sich alles auf, Gélidon bekommt seine Madeleine, der
2166 3361 3549 3434 Geschwindspiel, das den Mann mit den zwei Existenze
515 3361 2113 3448 Volksmann fette Inseratenaufträge, und Frau Léontine tröstet sich
2166 3417 3708 3498 das Karnevalstreiben der Verlegenheiten hetzt, ist in sein
509 3426 1436 3512 mit einem neuen „Mann von Eisen“
2166 3476 3708 3554 Mischung von gallenbitteren, satirischen und liebenswürdig=au
630 3476 2105 3566 „Berliner Lokal-Anzeiger“. Im Trianon=Theater rief
2175 3538 3736 3608 heiternden Motiven unbedingt eine Bereicherung des
521 3518 2113 3613 Sonnabend das dreiaktige Lustspiel „Er und der Andere" von
521 3596 2113 3666 Tristan Bernard und Athis (Deutsch von Max Schoenau) eine
2172 3594 2485 3692 Marktes.
521 3655 2113 3734 behagliche Heiterkeit des Hauses wach. Der nette Spaß
532 3708 2110 3787 besteht darin, daß „Er und der Andere“ ein und dieselbe Person
532 3767 2110 3851 sind, nämlich ein Pariser Journalist, der zugleich Chefredakteur
532 3831 2099 3885 einer konservativen und einer radikalen Zeitung ist und für beide
532 3876 2110 3949 in gleicher Güte seine schneidigen Leitartikel schreibt. Es genüge
532 3932 2127 4011 die Andeutung, daß in einem Falle ein aufdringliches Verhältnis
546 3994 2116 4061 und im anderen eine anscheinend ernsthaftere Herzensaffäre die
532 4039 2110 4120 politischen Anschauungen dieses Herrn bestimmt. Der Frau des
535 4114 2116 4179 Druckereibesitzers zu Gefallen schreibt er radikal, aus Liebe zum
532 4165 2110 4226 Töchterlein des Barons von Saint=Amour konservativ. In dem
532 4218 2124 4288 Akt, da die Autoren ihren Helden in ein Duell hineinhetzen, das
537 4265 2110 4341 er mit „dem Anderen“ austragen soll, und immer einer der
546 4327 2127 4408 Quellamen fehlt, bis es schließlich statt der zwei sogar drei gibt,
551 4380 2105 4458 finden sie die burleske Laune, die zur Bewältigung der¬
532 4442 2121 4512 artiger Stoffe nötig ist. Wer belustigt sein will, dem
532 4484 1455 4576 kann hier geholfen werden.
652 4540 2110 4626 „Berliner Börsen-Zeitung“. Das Lustspiel „Er und
543 4576 2110 4694 der Andere“ von Tristan Bernard und Athis macht ganz hübsche
551 4668 2093 4747 Versuche zu satirischen Ausfällen, ja, hat gerade in ihnen sein
532 4727 2113 4794 besten Seiten. Es fällt mancher Hieb auf politische Zustände
551 4769 2121 4853 und namentlich der Journalismus hat manche gepfefferte Glosse
546 4839 2116 4903 auszuhalten. Ein kleinprovinzlicher Buchdruckereibesitzer ist weit¬
551 4889 2121 4971 herzig genug, eine feudale und radikale Zeitung herzustellen und
546 4951 2046 5018 beide Zeitungen werden — um nur den Kern zu enthüllen ist.
546 5007 2088 5071 von einem und demselben Monsieur redigiert, der so fortgeset
551 5043 2116 5136 mit sich selbst polemisiert. Man kann sich vorstellen, zu welchen
551 5108 2105 5189 Situationen dieses Doppelrollentum ausgenützt wird; erwähn
546 5175 2116 5239 mag nnr werden, daß sie auf ihren Gipfel kommen, als der
532 5234 2141 5318 aristokratische Leitartikler sich mit seinem radikalen Gegner auch
2524 3848 3426 4061 Der Juxbaron.
2163 4050 3739 4181 posse in drei Akten von Pordes-Milo und Hermann
2175 4145 3734 4240 Haller. Gesangstexte, von Willi Wolf. Musik von
2712 4215 3221 4335 Walter Kollo.
2692 4394 3238 4531 Erstaufführung
2438 4512 3515 4652 am Bellevue-Theater zu Stettin
2656 4621 3263 4758 am 22. Februar.
2287 4775 3728 4906 „General-Anzeiger für Stettin“. Das Bellevue
2191 4870 3739 4965 theater hat eine neue dreiaktige Posse erhalten, die unte
3003 4929 3731 5015 besetzten Sonntagshauses in
2180 4937 2995 5018 lautem Beifall des gut
3003 4957 3742 5060 Man amüsierte sich
2180 4993 3011 5077 Szene ging: „Der Juxbaron
2180 5049 3745 5133 prächtig und klatschte begeistert, ein Zeichen, daß die
2177 5102 3731 5186 Viermännerarbeit ihre Schuldigkeit tat, daß namentlich Herm
2166 5150 3725 5248 Haller, der gewiegte Theaterkenner, mit den Posseneinfällen, di
2175 5208 3736 5306 er so witzig zusammenstellte, das Rechte getroffen hat. Der
