3464 4088
731 452 2738 665 Fliederbusch sollte eigentlich Dichter
742 642 2876 841 sein. Er ist weder der eine noch der ande-
736 789 2170 976 re, sondern beides zugleich.
1161 833 2926 1092 Kajetan könnte die Nachricht brin
780 1051 2810 1329 gen im 5.Akt, dass sein stück aufgeführt
767 1302 1354 1453 worden ist.
769 1368 2945 1586 Abendstern hat sein Stück gelesen und pro¬
783 1613 1368 1779 tegiert es.
780 1693 2835 1908 Fannyzu ihm am Schluss: Ich weiss,wo du
786 1845 2733 2052 hingehörst. Das ist wie eine Krankheit
800 1988 2796 2203 über dich gekommen. Sie wird sich nicht
805 2209 1431 2363 wiederholen.
805 2245 2804 2507 Er hat vielleicht wirklich die Absicht
811 2394 3036 2669 beides zu vereinigen, da kommt ihm das Duell
813 2680 1412 2813 dazwischen.
