3352 4136
2664 353 2812 521 69
706 518 2801 731 Engler - Graf - Funk kommt, sehr elegant,
712 717 2066 914 wirklich fast unkenntlich.
717 817 2860 1076 Der Graf freut sich ihn endlich kennen zu
717 1036 1084 1221 lernen.
709 1144 2906 1349 Habe ich Sie nicht gestern flüchtig in der
714 1358 2024 1520 Loge der Baronin gesehen?
714 1509 2180 1671 Graf macht ihm Kompli-mente.
723 1611 2920 1810 Funk hat ihn seit jeher bewundert, erzählt
248 1736 601 1907 Chsuis
720 1796 2792 1967 wohl erst jetzt von jener Praterbegnung.
225 1867 561 2021 lleasit
717 1975 2698 2129 Graf: wir haben Grosses mit Ihnen vor.
720 2138 2858 2271 Wir müssen Sie für die Angriffe, denen Sie
714 2288 2878 2419 ausgesetzt sind, schadlos halten. Besuchen
714 2394 3006 2590 Sie mich morgen. Ist soll eben bei der müske am
726 2601 2920 2749 Funk: (zu Engler) Haben Sie den Artikel ge-
751 2786 2829 2923 gen mich im „Tagewerk“ gelesen? Soll man
729 2897 2357 3065 darauf überhaupt noch erwidern?
723 3094 2952 3213 Engler: Es gibt sogar Leute,die finden,man
734 3242 1833 3407 sollte noch mehr tun.
723 3341 2886 3603 Graf: Schreiben sie gegen die Sozialdemo-
734 3538 1116 3743 kratie.
