3480 4248
220 200 359 440 21.
318 197 688 500 1/4.1916
772 321 2861 581 Der Artikel des Fliederbusch gegen Fink
775 555 3060 717 müsste nix ungefähr folgenden Sinn ausklin-
781 654 2956 853 gen: Wie wären begierig,ob Herr Fink noch
781 830 3043 983 bei seiner Ansicht bliebe, dass es nicht auf
790 957 3000 1163 ein Menschenleben ankommt, wenn es zufällig
772 1114 2997 1351 sein eigenes wäre, das bei irgend einer Ge-
781 1299 2950 1452 legenheit auf dem Spielestände. Die Nieder
769 1466 2994 1628 hofs sind bereit ihr Leben einzusetzen,da-
772 1600 3000 1802 rum haben sie das Recht solche Dinge auszu-
781 1733 3040 1952 sprechen. Die Herren Fink sind es nicht etc.
778 1935 1024 2077 etc.
769 2135 2997 2331 Der Graf selbst soll in seinem Feudalismus
769 2320 2843 2456 behagren. darf im Verstehen nicht gar zu
769 2444 2892 2650 weit gehen.Müsste nicht mit Bestimmtheit
775 2615 3057 2817 von sich aussagen:Ich bin Sporteman,sondern
784 2754 2884 2939 etwa:Mir ist schon manchmal eingefallen,
778 2907 2994 3081 ob ich nicht eigentlich, eher ein Sporteman
775 3095 2210 3263 bin als ein Parteimann.etc.
767 3240 2890 3422 Fliederbusch hat die Nacht nicht bei der
775 3367 2942 3535 Fürstin verbracht.Er ist tatsächlich dort
772 3569 2843 3714 eingeschlafen, wollte um Mitternacht das
769 3697 3095 3870 Haus verlassen, da waren aber die Türen schon
