4248 5320
3658 396 3830 549 96
1396 627 3923 825 Gestern schienen Sie ja selbst gewillt diesem Herrn...
929 646 1206 832 Graf:
1396 795 2064 944 wie heisst er?
929 903 2236 1097 Fliederbusch: Pliederbusch.
1407 1105 3859 1250 Diesem Herrn Fliederbusch in gleicher oder ähnlicher
933 1135 1194 1250 Graf:
1388 1224 2266 1362 Weise zu erwidern.
929 1359 3844 1515 Fliederbusch: Bei näherer Ueberlegung wurde mir klar, dass eine
1400 1493 3792 1609 solche Erwiderung doch nur einen Aufschub zu bedeu-
1400 1579 2273 1728 ten hätte, weil...
1418 1702 2184 1915 (fragende Geste)
929 1758 1191 1889 Graf :
922 1863 3665 2038 Fliederbusch: (entschieden) Weil die Welt für uns beide...
1407 2001 3721 2180 für Fink un d Fliederbusch zugleich nicht Raum
1396 2105 1609 2236 hat.
1418 2243 3781 2400 (kopfschüttelnd) zu einem solchen Grad von Erbitte-
929 2228 1198 2415 Graf:
1400 2378 3673 2467 rung seh ich doch eigentlich keinen Anlass! Herr
1400 2456 3792 2564 Fliederbusch vertritt seinen Standpunkt wie Sie den
1400 2534 3788 2646 Ihren. Im Ausdruck mag er ja etwas zu weit gegangen
1388 2643 3553 2743 sein - aber von seinem standpunkt aus hat er se
1388 2732 2751 2859 lich geradeso Recht wie Sie.
911 2852 3076 3046 Fliederbusch: Und - wie Sie - Herr Graf - -?
1396 3005 3841 3165 Oder geradeso Unrecht wie Sie - (beiläufig) und ich.
929 3038 1179 3195 Graf:
1388 3158 3852 3285 Glauben sie vielleicht an absolute Wahrheiten in der
1388 3247 1799 3385 Politik?
911 3400 3912 3538 Fliederbusch: (fin) Seit einer gewissen Rede, die ich das Glück
1400 3516 3729 3624 hatte im Parlament hören zu dürfen,...bin ich zum
1400 3598 3691 3725 mindesten nahe daran... was ich nicht erst weiter
1407 3680 3777 3792 zu bekräftigen brauche. wohl Rewer weiten Be¬
1482 3770 2553 3908 kraftigung bedarf.
1407 3781 3811 3990 Meine Rede, Herr Fink, die lassen Sie gefälligst aus-
922 3815 1209 4012 Graf:
1396 3956 3811 4057 dem Spiel. Ich lehne, bei aller Hochachtung für Ihre
1388 4035 3878 4173 Entschiedenheit und Kähnheit, jede Verantwortung daftir
844 4020 1291 4214 Cinroge
1400 4121 3852 4244 ab, dass Sie gerade für mich ein persönliches
1400 4218 2505 4371 Risiko auf sich nehmen.
907 4322 3811 4528 Fliederbusch: Ich bin ferne davon, Herr graf, Ihnen irgend eine
1407 4472 3841 4584 Verantwortung zuzuschieben. Aber das stolze Bewusst-
1407 4550 3923 4725 sein lasse ich mir nicht rauben, dass ich in dem Kampf,
1407 4666 3703 4815 der mir bevorsteht, Ihre Farb en zu tragen die Ehre
