3384 4152
2679 336 2866 520 116
884 526 2912 718 Fink: Du verstehst mich nicht. Ich werde
892 672 2777 910 dir alles erklären,sobald wir nur im
897 884 1597 1069 Coupé sitzen.
905 979 2779 1164 Baronin: Was gibt es da zu erklären?
908 1138 2736 1341 Denken Sie Herr Fink, dass mich Ihre
918 1295 2892 1479 Familienverhältnise im allergeringsten
923 1492 1682 1672 interessieren?
926 1587 2959 1766 Fink: Nicht dieser Ton. Er durchschauert
926 1772 1889 1954 mir Mark und Bein.
938 1856 3002 2120 Baronin: Sie sind einfach nervös. Das ist
959 2061 2987 2261 eine Krise. Nun ja,man hört es auch von
956 2184 3012 2400 Offizieren knapp vor der Schlacht - aber
964 2325 2882 2546 wenn du erst auf dem Kampfplatz bist,
969 2543 2179 2718 wird es sich verlieren.
977 2656 3023 2836 Fink: Ich gehe nicht auf den Kampfplatz.
974 2866 1720 3023 absolut nicht.
977 2982 2925 3141 Baronin: Wohn das dein Ernst ist, dann
987 3102 2879 3297 bist du ganz einfach ein Filou. Warum
992 3215 3012 3487 glaubst du denn, hab ich gestern die Co-
997 3379 2879 3620 mitésitzung abgesagt und dich zu mir
