3512 4328
2781 360 2922 540 10
848 568 3072 706 Fliederbusch dem Kausik eine Empfehlung. Da
848 701 2925 906 genügt ihm nicht. Er soll selbst mit ihm
842 878 3019 1050 hingehen. Jetzt, heute noch.Sonst verrät er
853 1039 1950 1202 den ganzen Schwindel.
1213 1169 3022 1343 Nun kommt Abendstern.Kausik stellt
850 1330 2953 1482 sich ihm als den Nachfolger des Flieder¬
850 1490 3014 1634 busch beim Tagewerk vor. Abendstern fasst
859 1670 3008 1823 es auf, als wolle Fliederbusch sein Testa¬
848 1800 2767 1956 ment machen wegen des bevorstehenden
1950 1909 2310 2011 Kausik
864 1972 2886 2114 Tuells, hiedurch kommt Xsnik auf den Zu¬
850 2105 2969 2241 sammenhang. Abendstern wünscht, dass Kau¬
856 2299 2981 2407 sik seine Sekundantenstelle einnehme,ihm
856 2438 3030 2568 ist die ganze Sache unbequem.Kausik lehnt
856 2579 3030 2712 ab, denn er sei ein Freund von Fink ebenso
861 2717 2906 2870 wie von Fliederbusch und entfernt sich.
856 2897 3030 3047 Ehe nun Fliederbusch Abendstern einweihen
850 3022 3044 3205 kann,erscheint Obendorfer.Fliederbusch er-
861 3191 3030 3366 klärt ihnen, dass sie alles anzunehmen ha-
859 3368 2950 3510 ben, was die beiden Gegensekundanten vor
859 3512 2983 3659 schlagen,er selbst habe etwas Dringendes
856 3656 3036 3836 zu besorgen.Abendstern vermutet eine Lie-
