<?xml version="1.0" encoding="UTF-8" standalone="yes"?>
<PcGts xmlns="http://schema.primaresearch.org/PAGE/gts/pagecontent/2013-07-15" xmlns:xsi="http://www.w3.org/2001/XMLSchema-instance" xsi:schemaLocation="http://schema.primaresearch.org/PAGE/gts/pagecontent/2013-07-15 http://schema.primaresearch.org/PAGE/gts/pagecontent/2013-07-15/pagecontent.xsd">
    <Metadata>
        <Creator>prov=READ-COOP:name=TrHtr:version=2.1.0:model_id=51170:date=30_07_2023_05:01</Creator>
        <Created>2023-05-10T13:29:17.267+02:00</Created>
        <LastChange>2023-07-30T05:01:24.525+02:00</LastChange>
        <TranskribusMetadata docId="1428576" pageId="55412576" pageNr="122" tsid="131483441" status="IN_PROGRESS" userId="64420" imgUrl="https://files.transkribus.eu/Get?id=VCJKBTOXEJJPIAWDCNBUTLSD&amp;fileType=view" xmlUrl="https://files.transkribus.eu/Get?id=COJJSXCBVXVKCASJQJTWUAEC" imageId="44686717"/>
    </Metadata>
    <Page imageFilename="1428576_0122.jpg" imageWidth="3400" imageHeight="4136">
        <ReadingOrder>
            <OrderedGroup id="ro_1711791950797" caption="Regions reading order">
                <RegionRefIndexed index="0" regionRef="tr_2"/>
                <RegionRefIndexed index="1" regionRef="tr_1"/>
            </OrderedGroup>
        </ReadingOrder>
        <TextRegion id="tr_2" custom="readingOrder {index:0;}">
            <Coords points="1599,272 3034,272 3034,496 1599,496"/>
            <TextLine id="tr_2_tl_1" custom="readingOrder {index:0;}">
                <Coords points="2849,374 2875,379 2901,365 2925,385 2936,377 2963,377 2998,353 3027,356 3027,219 2974,210 2960,222 2928,228 2898,254 2849,239"/>
                <Baseline points="2864,322 2909,325 2954,325 2999,322 3034,322"/>
                <TextEquiv>
                    <Unicode>60</Unicode>
                </TextEquiv>
            </TextLine>
            <TextLine id="tr_2_tl_2" custom="readingOrder {index:1;}">
                <Coords points="1582,563 1670,560 1693,540 1728,560 1763,534 1833,552 1906,514 1970,517 1994,493 2055,514 2058,388 1956,339 1891,350 1845,324 1705,350 1629,306 1585,318"/>
                <Baseline points="1599,483 1614,483 1659,486 1703,483 1748,486 1793,486 1838,486 1882,483 1927,483 1972,480 2017,480 2062,480"/>
                <TextEquiv>
                    <Unicode>11.Szene</Unicode>
                </TextEquiv>
            </TextLine>
        </TextRegion>
        <TextRegion id="tr_1" custom="readingOrder {index:1;}">
            <Coords points="653,570 3008,570 3008,2522 653,2522"/>
            <TextLine id="tr_1_tl_1" custom="readingOrder {index:0;}">
                <Coords points="648,703 879,645 1757,706 2034,633 2767,692 2945,668 2948,522 1261,593 651,525"/>
                <Baseline points="665,650 668,647 713,647 757,647 802,647 847,644 892,647 937,647 981,647 1026,647 1071,647 1116,644 1160,644 1205,647 1250,647 1295,644 1339,644 1384,641 1429,641 1474,641 1518,641 1563,638 1608,638 1653,641 1697,638 1742,641 1787,641 1832,641 1877,638 1921,635 1966,635 2011,632 2056,632 2100,629 2145,629 2190,632 2235,629 2279,632 2324,629 2369,629 2414,626 2458,629 2503,629 2548,626 2593,626 2637,623 2682,623 2727,623 2772,623 2817,620 2861,623 2906,623 2951,623"/>
                <TextEquiv>
                    <Unicode>Die Vorigen und Markus mit einem Manuscript.</Unicode>
                </TextEquiv>
            </TextLine>
            <TextLine id="tr_1_tl_2" custom="readingOrder {index:1;}">
                <Coords points="633,835 2606,849 2609,709 636,712"/>
                <Baseline points="653,802 692,802 737,802 781,805 826,802 871,802 916,802 960,802 1005,805 1050,802 1095,802 1139,799 1184,802 1229,802 1274,799 1318,799 1363,793 1408,796 1453,793 1498,793 1542,793 1587,793 1632,790 1677,793 1721,790 1766,790 1811,790 1856,790 1900,790 1945,790 1990,787 2035,787 2079,784 2124,784 2169,784 2214,784 2258,784 2303,784 2348,787 2393,787 2438,787 2482,784 2527,781 2572,778 2617,781"/>
                <TextEquiv>
                    <Unicode>Markus: Wer hat mir das hineingelegt?</Unicode>
                </TextEquiv>
            </TextLine>
            <TextLine id="tr_1_tl_3" custom="readingOrder {index:2;}">
                <Coords points="645,987 692,1016 762,984 855,1019 992,984 1027,1010 1080,998 1182,1027 1185,841 1051,841 995,870 931,855 884,884 741,846 695,881 645,864"/>
                <Baseline points="662,957 707,957 752,954 796,954 841,957 886,960 931,960 975,957 1020,954 1065,954 1110,954 1154,957 1193,957"/>
                <TextEquiv>
                    <Unicode>Fink: Ich.</Unicode>
                </TextEquiv>
            </TextLine>
            <TextLine id="tr_1_tl_4" custom="readingOrder {index:3;}">
                <Coords points="645,1153 937,1197 1112,1132 1868,1144 1868,1019 1737,984 1564,1051 1273,1010 984,1068 645,1013"/>
                <Baseline points="662,1116 665,1113 710,1113 754,1113 799,1110 844,1113 889,1113 934,1110 978,1110 1023,1110 1068,1110 1113,1107 1157,1110 1202,1107 1247,1107 1292,1104 1336,1104 1381,1104 1426,1104 1471,1104 1515,1104 1560,1101 1605,1104 1650,1104 1694,1101 1739,1101 1784,1101 1829,1101 1874,1104"/>
                <TextEquiv>
                    <Unicode>Engemessenes Erstaunen.</Unicode>
                </TextEquiv>
            </TextLine>
            <TextLine id="tr_1_tl_5" custom="readingOrder {index:4;}">
                <Coords points="645,1305 2139,1316 2820,1258 2892,1179 1497,1127 1220,1211 648,1194"/>
                <Baseline points="662,1265 704,1265 749,1265 793,1265 838,1262 883,1262 928,1262 972,1262 1017,1265 1062,1265 1107,1262 1151,1259 1196,1259 1241,1259 1286,1256 1330,1259 1375,1259 1420,1256 1465,1256 1509,1256 1554,1256 1599,1253 1644,1253 1689,1256 1733,1253 1778,1253 1823,1250 1868,1250 1912,1250 1957,1250 2002,1250 2047,1247 2091,1247 2136,1247 2181,1244 2226,1244 2270,1244 2315,1244 2360,1244 2405,1241 2449,1241 2494,1241 2539,1241 2584,1241 2629,1244 2673,1241 2718,1241 2763,1238 2808,1238 2852,1238 2897,1238"/>
                <TextEquiv>
                    <Unicode>Markus: Der Artikel kommt an zweite Stelle.</Unicode>
                </TextEquiv>
            </TextLine>
            <TextLine id="tr_1_tl_6" custom="readingOrder {index:5;}">
                <Coords points="648,1433 2843,1456 2843,1316 1868,1264 1620,1357 648,1346"/>
                <Baseline points="665,1423 701,1420 746,1420 790,1417 835,1417 880,1420 925,1417 969,1417 1014,1417 1059,1417 1104,1417 1148,1417 1193,1417 1238,1420 1283,1417 1327,1417 1372,1414 1417,1414 1462,1414 1506,1414 1551,1414 1596,1411 1641,1411 1686,1411 1730,1411 1775,1408 1820,1405 1865,1405 1909,1405 1954,1405 1999,1405 2044,1402 2088,1402 2133,1402 2178,1405 2223,1402 2267,1402 2312,1399 2357,1399 2402,1399 2446,1399 2491,1396 2536,1396 2581,1399 2626,1399 2670,1399 2715,1399 2760,1399 2805,1393 2849,1390"/>
                <TextEquiv>
                    <Unicode>Ebstein ganz hinaus. Es ist ein Artikel ge-</Unicode>
                </TextEquiv>
            </TextLine>
            <TextLine id="tr_1_tl_7" custom="readingOrder {index:6;}">
                <Coords points="660,1614 954,1634 1022,1597 1068,1623 1381,1640 1383,1474 1258,1483 1211,1459 1080,1483 1013,1456 954,1480 905,1456 750,1500 663,1486"/>
                <Baseline points="677,1584 716,1584 760,1578 805,1578 850,1578 895,1575 940,1572 984,1572 1029,1572 1074,1569 1119,1572 1163,1569 1208,1569 1253,1569 1298,1572 1342,1569 1387,1575"/>
                <TextEquiv>
                    <Unicode>gen Niederhof.</Unicode>
                </TextEquiv>
            </TextLine>
            <TextLine id="tr_1_tl_8" custom="readingOrder {index:7;}">
                <Coords points="660,1757 2898,1745 2936,1623 660,1649"/>
                <Baseline points="677,1727 704,1727 749,1727 793,1730 838,1730 883,1730 928,1730 972,1730 1017,1727 1062,1727 1107,1727 1151,1727 1196,1727 1241,1727 1286,1724 1330,1721 1375,1721 1420,1721 1465,1721 1509,1718 1554,1718 1599,1718 1644,1718 1689,1718 1733,1715 1778,1715 1823,1715 1868,1715 1912,1712 1957,1709 2002,1712 2047,1712 2091,1712 2136,1709 2181,1709 2226,1709 2270,1709 2315,1706 2360,1703 2405,1706 2449,1706 2494,1703 2539,1703 2584,1703 2629,1703 2673,1703 2718,1703 2763,1703 2808,1700 2852,1700 2897,1697 2942,1700"/>
                <TextEquiv>
                    <Unicode>Voll: Dessen Name nicht genannt werden darf.</Unicode>
                </TextEquiv>
            </TextLine>
            <TextLine id="tr_1_tl_9" custom="readingOrder {index:8;}">
                <Coords points="648,1923 2820,1915 2822,1766 651,1818"/>
                <Baseline points="665,1885 680,1885 725,1882 769,1885 814,1885 859,1885 904,1882 948,1885 993,1885 1038,1885 1083,1882 1128,1880 1172,1880 1217,1880 1262,1880 1307,1877 1351,1877 1396,1877 1441,1874 1486,1874 1530,1874 1575,1874 1620,1874 1665,1871 1709,1871 1754,1871 1799,1871 1844,1871 1888,1871 1933,1868 1978,1868 2023,1868 2068,1868 2112,1868 2157,1865 2202,1865 2247,1862 2291,1862 2336,1862 2381,1862 2426,1862 2470,1859 2515,1859 2560,1859 2605,1859 2649,1856 2694,1856 2739,1856 2784,1853 2828,1850"/>
                <TextEquiv>
                    <Unicode>Markus: Der Artikel ist ausgezeichnet. Der</Unicode>
                </TextEquiv>
            </TextLine>
            <TextLine id="tr_1_tl_10" custom="readingOrder {index:9;}">
                <Coords points="677,2087 2712,2069 2960,2020 2963,1958 680,1958"/>
                <Baseline points="692,2056 731,2047 775,2044 820,2044 865,2041 910,2041 954,2041 999,2041 1044,2041 1089,2038 1133,2038 1178,2035 1223,2038 1268,2038 1313,2035 1357,2035 1402,2035 1447,2032 1492,2032 1536,2032 1581,2032 1626,2032 1671,2029 1715,2029 1760,2026 1805,2026 1850,2023 1894,2023 1939,2020 1984,2023 2029,2023 2073,2023 2118,2023 2163,2020 2208,2020 2253,2020 2297,2020 2342,2017 2387,2017 2432,2020 2476,2017 2521,2017 2566,2014 2611,2014 2655,2014 2700,2011 2745,2011 2790,2011 2834,2011 2879,2008 2924,2008 2969,2002"/>
                <TextEquiv>
                    <Unicode>junge Mensch kann schreiben. Und mehr als das</Unicode>
                </TextEquiv>
            </TextLine>
            <TextLine id="tr_1_tl_11" custom="readingOrder {index:10;}">
                <Coords points="657,2201 838,2274 2233,2186 2700,2256 3003,2204 3006,2099 2510,2049 657,2154"/>
                <Baseline points="674,2199 680,2199 725,2196 769,2196 814,2196 859,2193 904,2193 948,2196 993,2193 1038,2190 1083,2190 1128,2190 1172,2190 1217,2190 1262,2190 1307,2190 1351,2187 1396,2190 1441,2190 1486,2187 1530,2187 1575,2187 1620,2187 1665,2187 1709,2184 1754,2187 1799,2184 1844,2184 1888,2181 1933,2181 1978,2181 2023,2181 2068,2178 2112,2181 2157,2178 2202,2178 2247,2178 2291,2178 2336,2175 2381,2175 2426,2172 2470,2172 2515,2172 2560,2172 2605,2172 2649,2169 2694,2169 2739,2169 2784,2166 2828,2166 2873,2166 2918,2163 2963,2160 3008,2160"/>
                <TextEquiv>
                    <Unicode>er hat Weltanschauung.Her sind Sie: Woher kom-</Unicode>
                </TextEquiv>
            </TextLine>
            <TextLine id="tr_1_tl_12" custom="readingOrder {index:11;}">
                <Coords points="645,2425 733,2379 788,2399 925,2382 981,2431 1013,2425 1089,2385 1092,2250 998,2274 954,2262 864,2300 794,2277 648,2312"/>
                <Baseline points="662,2357 692,2357 737,2354 781,2354 826,2354 871,2354 916,2351 960,2351 1005,2351 1050,2354 1095,2351"/>
                <TextEquiv>
                    <Unicode>men Sie?</Unicode>
                </TextEquiv>
            </TextLine>
            <TextLine id="tr_1_tl_13" custom="readingOrder {index:12;}">
                <Coords points="645,2604 1340,2519 1602,2598 1780,2516 2113,2583 2601,2545 2601,2408 2259,2353 2087,2428 1562,2373 648,2417"/>
                <Baseline points="665,2509 683,2512 728,2512 772,2512 817,2509 862,2509 907,2509 951,2509 996,2506 1041,2509 1086,2506 1130,2503 1175,2503 1220,2503 1265,2503 1310,2503 1354,2503 1399,2500 1444,2500 1489,2500 1533,2500 1578,2500 1623,2500 1668,2500 1712,2500 1757,2497 1802,2497 1847,2494 1891,2491 1936,2491 1981,2491 2026,2488 2070,2488 2115,2491 2160,2488 2205,2488 2250,2485 2294,2485 2339,2488 2384,2482 2429,2485 2473,2485 2518,2485 2563,2485 2608,2491"/>
                <TextEquiv>
                    <Unicode>Er nimmt ihn mit sich in sein Bureau.</Unicode>
                </TextEquiv>
            </TextLine>
        </TextRegion>
    </Page>
</PcGts>
