3384 4088
2688 271 2872 486 131
846 426 2719 673 Parlament gesagt, infam und herrlich.
849 644 2152 794 Graf: Ich verstehe nicht.
854 765 2846 970 Fink: Sie haben gar keine Ansicht.Herr
857 901 2909 1122 Graf, Sie haben es leicht. Aber was soll
875 1059 2856 1261 ein Mensch tun, der zwei Ansichten hat?
878 1219 2938 1414 Und zwar genau die gegenteiligen und bei
885 1364 2909 1611 de mit derselben Intensität. Ein Mensch,
888 1479 2783 1742 der Leute wie Sie, Herr Graf, zugleich
896 1671 2638 1868 bewundert und zugleich hasst? Ein
893 1805 2843 2073 Mensch, der sich zugleich für die Armen
901 1989 2851 2199 und Elenden aufopfern möchte und sich
914 2120 2893 2296 doch nirgends wohler fühlt, als in Ih-
914 2310 2961 2517 rer Gesellschaft. Ein Mensch, dessen Herz
925 2462 2822 2620 vor Empörung gebebt hat als Soldaten
930 2606 2811 2804 in eine wehrlose Arbeiterkolonne hi
930 2727 2966 2945 neingeschossen haben, der zugleich über
933 2867 3048 3090 zeugt ist, dass es um diese paar arme Tau¬
949 3032 3001 3279 fel gar nichts besonders schade ist und
956 3182 2911 3405 der jemanden, der so denkt, am liebsten
967 3384 2853 3576 ein O Messer in den Leib rennen
956 3576 1337 3710 möchte.
