3352 3992
373 735 2827 935 Einer ist Mitarbeiter bei zwei feindlichen Blättern.
389 902 2631 1095 schreibt Artikel gegen sich, wird nach und nach
396 1072 1991 1242 scharf, dass er sich fordern muss.
399 1180 1775 1376 Wie seine Freunde ihn hetzen,
346 1353 2896 1533 Er wird gut bezahlt von der Regierung, ist aber selbst
392 1487 3024 1661 ganz anderer Ansicht und kann sein Gewissen nicht anders
392 1641 2785 1863 beruhigen, als indem er gegen sich selbst schreibt.
477 1801 2785 2099 Endlich schickt er sein Freunde u jenesamt Blatt. Sein Chef
1203 2020 1383 2112 mir
503 2004 2206 2200 verall, der nicht. mich sich für ihn, bleibt
526 2154 2680 2347 es kommt zum Vriall – und er nicht zu seine
533 2295 2282 2478 interrochées sevien tuend cesember.
664 2448 775 2569 G.F.S.
546 2582 801 2808 Tr. 2
592 2693 2775 2981 in den feudeln Blatt muss er endlücken Sozial fordern
458 2926 2899 3125 der Chef de Spilblatt: Mi verwisser dort hinzlichen. 2 Herren
