3368 4136
2597 333 2736 484 58
1298 535 1717 738 9.Szene.
618 686 2341 888 Silberstein-Fink-der Vater Ficks.
624 843 2913 1036 Fink stellt ihn vor.-Vater ist herablassend.
624 988 2198 1190 Silberstein lobt Finka Talent.
638 1128 2876 1316 Vater Fink spricht von grossen Unternehmun-
629 1310 2782 1455 gen, von irgend einem geheimnisvollen Kon-
1051 1398 2779 1501 die Gründe sollen gekauft werden von einem Stift¬
629 1506 2885 1615 sortium. Bis dahin muss er sich mit Agenten
644 1592 2748 1802 geschäften fortbringen.Pumpt seinen Sohn
644 1777 1771 1973 um fünf Gulden an. ‘)
644 1931 2856 2082 Fink gibt sie ihm, der Alte geht, Fink küsst
649 2107 1324 2278 ihm die Hand.
903 2318 2734 2531 Es ist wisch wegen den Geld - aber ich kommt
854 2486 1845 2694 duisent finit hulde.
