3384 4088
938 343 2830 621 Eventuell Auftreten des Politoders, daß
948 574 2806 810 ihm das sozialdemokratische Mandat an.
962 762 1247 943 trägt
951 823 3023 1087 Er denkt daran seine Frau fortzuschicken
969 1045 2251 1255 zu ihren Eltern aufs Land
969 1163 2835 1441 Er soll in einem Verein eine Rede ha
985 1399 1208 1569 ten.
975 1451 2945 1698 Er hat Silberstein und Kohnberger her-
988 1567 3099 1863 bestellt, die hier an seiner Statt die Se-
988 1805 2403 1999 kundanten empfangen sollen.
1003 1949 3042 2172 Egon Engel war in der Redaktion des „Ta
1011 2025 2987 2311 gewerks" sich nach Müllers Ædresse er-
1011 2295 1488 2484 kundigen.
1014 2334 2950 2620 Da es Müller vor allem darauf ankommt
1022 2518 3047 2785 Zeit zu gewinnen und er sich über seine
1027 2670 3128 2929 ferneren Entschlüsse noch im Unklaren be
1032 2785 3128 3089 findet,will er,dass die Sekundanten Fink
1045 2989 3086 3254 wenn sie in Müllers Wohnung kommen, wenn
1056 3160 3073 3406 auch nicht ihn selbst doch gleich seine
1053 3359 2041 3555 Sekundanten finden.
1072 3456 3003 3720 Gespräch zwischen ihm,Silberstein und
