3400 4232
2731 316 2926 503 125
869 511 2915 713 Graf: Wenn Sie darauf bestehen, so könn-
882 659 2773 877 te sie ja bis dahin Gräfin Niederhof
879 926 1271 1050 heisen.
890 942 2980 1165 Baronin: Dann schon lieber so. Sie wären
918 1157 1938 1351 ja wirklb h imstand
926 1281 2804 1491 (Es wäre ganz gut, wenn Niederhof den
910 1421 2889 1644 Fink noch nicht persönlich konnte, son-
910 1595 2845 1823 dern jetzt erst durch die Baronin die
926 1777 2018 1971 Vorstellung erfolgte.
942 1927 2861 2127 Cajetan und Adele Loser müssten natür
939 2041 2918 2285 lich schon abgegangen sein, die Baronin
931 2285 1582 2423 folgt ihnen.
