3352 4072
588 510 1041 722 Wahls ta tt.
576 650 2324 847 Engelbert und seine wet Sekundanten.
591 746 2963 967 Fink kommt mit seinen beiden: Schneider und Flögel.
582 901 2894 1146 Engelbert es anfangs missverstehend: Du? Fort, ich.
591 1074 2763 1328 bin für Dich eingetreten. Du hast in Böhmen zu
591 1286 1402 1483 sein beim Streik.
588 1358 2954 1662 Fink: Lass nur alles gesehehen, ich schiesse in die
591 1608 856 1802 Luft.
591 1725 2244 1942 Engelbert(der versteht): Ich nicht.
615 1874 1844 2089 Vielleicht jetzt die Frau.
597 2029 2930 2274 Schnetder: Ach so steht es? (Da sich die Frau En-
624 2175 2963 2372 gelberg zu Füssen stürzt, für Fink) Ah so steht es,
606 2330 2882 2578 nun trete ich für das Blatt ein.Herr Fink treten
612 2488 1805 2697 Sie auf die andere Seite.
600 2638 3002 2855 Einer: Es muss entschieden werden für welche Ueber-
624 2787 2372 3043 zeugung Fink in den Tod zu gehen hat.
612 3097 2193 3324 Das Ganze ins Satyrisch-Groteske.
782 3312 1250 3548 Witter
