3416 4216
2706 275 2904 401 124
895 433 2909 647 Graf: tzu Cajetan (und Adele) Wohl wegen
911 586 2891 776 des Fotspiels da? Ich eigentlich auch.
913 774 2751 945 Haben Sie noch Raum für eine schöne
924 985 1220 1106 Dame?
937 964 2875 1320 Cajetan: In einem Festspiel ist immer
940 1275 1270 1423 Platz.
940 1286 2922 1550 Baronin: (kommt,begrüsst alle flüchtig,
969 1500 2933 1703 eröffnet rasch den Brief ihres Mannes)
956 1682 2907 1853 Er ist wirklich in Wien. Er lädt sich
961 1830 2899 2072 für heut Abend zum Diner bei mir ein.
972 1951 3015 2165 Graf: Wie lang war er jetzt nicht hier?
972 2072 3018 2336 Baronin: Drei Jahre. (erklärend zu Ade-
985 2268 2864 2463 le Loser) Er ist nämlich aufgegeben.
987 2458 2088 2637 Adele. (bedauernd) Oh.
993 2585 2835 2761 Baronin: Aber es geht ihm glänzend.
1001 2714 3052 2917 Graf: Ich komme, liebe Baronin, wegen des
1003 2870 2901 3097 Fräulein von Negedy,deren Ehrgeiz es
1014 3062 2909 3242 ist in dem Augartenfest mitzuwirken.
1024 3208 3052 3379 Baronin: Aber wir wollten doch gar nie-
1024 3348 3147 3567 manden von der Kunst, sondern ausschliess
1040 3472 2901 3701 lich Aristokratie und Gesellschaft -
