3368 4056
2639 195 2837 393 142
892 364 1887 557 Fink) Sprechen Sie!
1050 430 2520 631 neue je - est bien tout. Thiederhi
887 694 2823 876 Sabine: (kommt) Gottlob, ich komme noch
895 844 2707 1003 zu recht. Es darf nicht sein. Paul!
881 990 2726 1164 Du wirst dich nicht schlagen. An wen
881 1135 2998 1354 hab ich mich hier zu wenden? Wer ist den
884 1322 1275 1470 Gegner?
892 1459 1918 1623 Egon: Hier steht er.
240 1470 354 1654 G.C.P.
884 1596 2217 1779 Sabine: Was bedeutet das?
897 1757 2794 1924 Obendorfer: Ah, das ist ja grossartig.
884 1916 2288 2082 Das ist ja zum Kranklachen.
887 2071 2816 2195 Egon: Meine Herren, das kann ich nicht
887 2193 2887 2391 finden. Man hat sich hier an den heilig.
897 2364 2950 2525 sten Gütern der Kulturmenschheit versün-
889 2509 2781 2665 digt. Der Begriff der Ehre ist in den
884 2699 1678 2879 Staub getreten.
