3464 4248
638 377 1459 559 Für den II.Akt.
635 474 3072 738 Nachdem Wöbl und Egon sich entfernt haben, will
653 696 2917 845 ihnen Fliederbusch zuerst nach, dann sagt er
638 820 3036 1033 sich erst: Keine Uebereilung,es steht ja noch
647 1030 1887 1209 nicht fest, wer ich bin.
662 1261 3027 1474 Nicht der Graf macht den Vorschlag der Titel-
665 1437 3109 1632 änderung, nicht er schlägt die Artikel vor (Ehe-
665 1617 2902 1766 scheidung etc.), sondern dies alles geht vom
672 1747 2999 1939 alten satan aus.Erst im letzten Auftritt, wie
675 1890 3005 2094 er von dem bevorstehenden Duell erfährt, sagt
690 2069 2905 2233 er zu seinem Sohn: Unmöglich,eben habe ich
687 2221 3063 2401 noch mit dem Grafen das neue Programm bespro¬
693 2370 2963 2553 chen, Artikel gegen das Duell vom religiösen
687 2568 1507 2738 Standpunkt etc.
