3336 4040
2573 243 2743 466 148
875 416 2678 662 Wer von Euch Allen ist denn der Er-
878 624 2801 807 leuchtete? Die Meisten von Euch haben
888 755 2761 943 überhaupt keine Ueberzeugung,sondern
885 918 2771 1106 nur einen Eigensinn. Ihr sperrt Euch
1407 1021 1941 1148 sogenannte
893 1033 2806 1274 Alle ein in Eure Ueberzeugung Ihr ver-
890 1199 2773 1384 schliesst Euch mit Absicht gegen das
898 1369 2813 1545 Wesen und gegen die Gründeder Andern.
905 1512 2766 1695 Ich bin der einzig objektive Mensch,
910 1675 2751 1863 den es gibt, nicht weil ich über den
913 1828 2849 1986 Parteien stehe, sondern weil ich in al-
925 1976 2851 2161 len bin,,nur jede Vierteltunde in ei-
913 2106 2743 2287 ner andern. Im selben Augenblick Was
925 2287 2711 2475 am ere Leute in Jahren durchmachen
923 2447 2753 2633 mit schlechtem Gewissen,mit Schau-
938 2593 2956 2793 dern vor sich selbst, das mache ich eben
935 2736 2495 2939 in einer Stunde zehnmal durch.
968 2851 2894 3072 (All dies müsßte eigentlich Graf Nie-
950 3047 2174 3212 derhof sagen über Fink)
