3384 4152
2705 338 2901 522 114
942 540 1559 743 (auf und ab)
915 696 2034 905 Baronin: Was ist dir?
925 781 2926 1049 Fink: Ich ertrag es nicht. Ich kann den
925 987 2867 1191 Gedanken nicht fassen, dass du niemals
935 1191 1365 1382 wieder -
940 1278 2790 1497 Baronin: Aber,wenn's gut ausgeht,so
945 1405 2929 1663 sollst du heute Abend - Ach nein, heute
947 1576 2892 1835 haben wir ja eine Sitzung. Aber morgen
970 1725 2877 1974 sollst du wieder allein bei mir sein.
965 1892 2852 2118 Und wenn du als Sieger aus dem puell
975 2054 2842 2267 hervorgehst, so bleibt es auch dabei,
977 2218 2593 2427 dass du bei dem Fest mitwirkst.
980 2345 2558 2593 Fink: Als Gespenst vielleicht.
992 2494 2775 2715 Baronin: Ist das mein junger Held?
994 2628 2822 2869 Fink: Ich bin kein Held, ich wünsche
1002 2785 2939 3026 weiter zu leben und mit dir glücklich
1007 3018 1452 3187 zu sein.
1017 3155 1845 3339 Baronin: Ja was
1032 3259 2877 3493 Fink: Liebst du mich oder liebst  du
1034 3448 1636 3677 mich nScht?
