3432 4088
721 544 2808 762 Sollte es nicht doch eine Wahrheit xxx
748 746 1080 908 geben?
734 856 2640 1044 Fliederbusch: Ich ahne, es gibt eine.
743 1002 2698 1182 Graf: Nur weil Sie augenblicklich aus
743 1154 2764 1364 Eifersucht von mir abkommen. Alle Ueber
754 1314 2974 1519 zeugung kommt aus persönlichen Erlebnissen.
765 1602 2803 1809 Graf zu Satan: Die Renegaten sind unser
757 1787 2819 1919 Glück. Dieser Herr Fink scheint einer zu
762 1894 2714 2121 sein.Er ist so laut, als hätte er eine
762 2079 2303 2264 Stimme in sich zu übertäuben.
