3496 4312
855 538 3039 710 wirrt und beglückt zurück. Wink der Schick
849 730 2867 869 sals. Nun ist seine Bahn vorgezeichnet.
855 860 3033 1079 Fliederbusch muss aus der Welt verschwin
866 993 2936 1182 den. Er wird nicht Abendstern einweihen,
874 1171 3072 1354 sondern die Fürstin.Die wird alles begrei-
869 1346 2323 1537 fen. Und seine kleine Frau?
1249 1460 2997 1673 Nun kommen seine beiden Sekundan¬
891 1590 3044 1812 ten, Egon und Schromm, Sie haben in der Re-
899 1795 2864 1965 daktion erfahren, dass Fliederbusch um
902 1956 2933 2142 sechs Uhr Abend in seiner Wohnung sein
902 2098 3016 2273 wird,erbitten letzte Weisungen. Das Duell
905 2251 2997 2445 wird für morgen Miattags zwölf Uhr fest.
913 2398 3036 2581 gesetzt. Sein rasches Entfernen macht sie
916 2539 3150 2733 etwas stutzig. Der alte Satan zurückkommend
916 2744 3039 2872 ist mit dem Duell nicht ganz einverstan¬
924 2839 3125 3047 den, da es in seinen neuen klerikalen Krei-
927 3028 2362 3244 sen Anstoss erregen könnte.
1357 3127 3133 3338 Im dritten Akt erwartet Frau Flie
938 3302 3150 3508 derbusch ihren Gatten, (das Kind vielleicht
949 3474 3058 3660 nicht notwendig?)Fliederbusch kommt end-
955 3594 3100 3821 lich.Sie ist entzückt von seinem Artikel.
