4312 5400
904 727 3308 882 Fliederbusch: sie sehen mich fassungslos,Herr Graf.
1385 835 3861 1052 Beruhigen Sie sich, Herr Fink, es ist nicht so schlimm.
911 962 1186 1084 Graf:
1381 994 3814 1168 Dafür sind wieder die Jdeen alle wahr. Ueberzeu-
1395 1070 3731 1236 gungen sind ja nichts als Ideen, die zum Aufenthalt
1388 1150 3836 1330 in Menschenköpfen verurteilt sind... Heruntergekomme-
1377 1301 1974 1442 ne Ideen...
922 1359 3709 1627 Fliederbusch! Noch immer... nein, jetzt erst recht steh ich
1388 1554 2212 1692 vor einem Rätsel.
1439 1638 2874 1854 Mud de Räthsel wäre
936 1695 1186 1898 Graf :
922 1833 3789 2014 Fliederbusch: Wie sie es,Herr Graf, mit dieser Auffassung ver-
1413 1963 3817 2122 einigen konnten, eine politische Carrière einzuschla-
1406 2100 1620 2227 gen.
1403 2216 3734 2400 Das wundert Sie? Ich wüsste im Gegenteil keine, die
933 2256 1204 2397 Graf :
1410 2321 2733 2484 st für mich geschaffen wäre.
940 2444 3836 2650 Fliederbusch: Und so muten Sie mir zu, Herr Graf, Ihre meister-
1417 2574 3752 2718 hafte Rede nicht als den Ausdruck einer vielleicht
1421 2675 3770 2794 etwas extremen politischen Parteian sicht, sondern -
1421 2758 3705 2935 sondern gewis sonnassen als ein Fechterkunststück
1421 2874 2093 3022 zu betrachten?
1421 2925 3864 3178 Ich erkläre mich zufrieden gestellt, wenn Sie meiner
958 3047 1225 3214 Graf:
1413 3109 2950 3286 Geschicklichkeit Beifall zollen.
965 3217 3872 3438 Fliederbusch: Und wenn Sie wirklich glauben, Herr Graf, dass Sie
1424 3355 3864 3514 mit der gleichen Geschicklichkeit - die gegenteilige
1450 3456 3836 3590 Ansicht hätten vertreten können- wie wollen Sie mir
1435 3514 3846 3698 erklären, dass Sie doch auf der Seite standen, wo man
1439 3590 3915 3774 eben erwarten musste Sie zu finden. Unten müsste
1435 3828 1826 3980 Zufall.
976 3825 1225 4013 Graf:
3774 3926 4013 4103 sein.
962 3926 3716 4132 Fliederbusch: Verzeihen sie, Herr Graf, das kann ke in Zufall
1442 4045 3760 4219 Sie hatten ja die Wahl. Und Sie schlugen sich auf
1457 4154 4005 4302 die Seite derjenigen Partei, zu der Sie - zum mindesten
1453 4262 2773 4450 Ihrer Geburt nach, gehören...
1457 4418 3897 4591 Offenbar darum, weil ich gar keine Ueberzeugung habe.
976 4418 1265 4609 Graf:
1453 4522 3763 4671 zum - Fanatiker bin ich aber meiner ganzen Anlage
1453 4584 3817 4812 nach nicht geschaffen - aber muss man darum gleich
