3384 4168
2669 378 2854 513 117
818 513 2760 740 in mein Haus geladen? Denken sie etwa
824 704 2851 881 die Baronin X. wirft sich jedem belie-
821 868 2760 1048 bigen Herrn von Fink an den Hals und
829 990 2708 1186 wenn er noch ein so hübscher Bursche
842 1155 2830 1334 wäre? Zummindesten hätten Sie sich auf
844 1290 2854 1493 eine längere Verlobungszeit gefasst ma-
847 1423 2828 1655 chen müssen. Ich habe dich geliebt, weil
860 1566 2731 1811 du ein Totgeweihter warst, wenigstens
847 1770 2817 1965 mit fünfzig Perzent Wahrschänlichkeit.
855 1908 2804 2137 Du darfst nicht glauben, dass ich mich
865 2095 2239 2283 so einfach betrügen lasse.
870 2221 2682 2403 Fink: Wenn du erst alles wüsstest -
878 2356 2856 2549 Baronin: Ich brauche nichts zu wissen.
886 2523 2760 2695 vielb icht hast du eine alte Mutter.
897 2638 2867 2869 Vielb icht bist du im Geheimen verhei-
902 2778 3002 3023 ratet.Es ist mir alles egal. Das hättet
915 2955 2896 3172 du dir früher überlegen müssen. Um wie
915 3128 2914 3313 viel Uhr sollen dich deine Sekundanten
923 3320 1360 3500 abholen?
917 3458 2333 3664 Fink: (dumpf) Um halb zwölf.
