3416 4168
2745 362 2949 558 118
881 558 2931 759 Baronin: Ich werde dich selbst hinbrin-
896 723 1994 906 gen. Es ist neun Uhr —
896 861 2931 1036 Das Stubenmädchen; (meldet den Friseur).
899 985 2910 1187 Baronin: Ich komme gleich. Sie erwarten
896 1164 2078 1372 mich hier? Nicht wahr?
909 1314 2442 1500 Fink: Ich werde so frei sein.
909 1479 1910 1670 Baronin: (ins Haus).
917 1724 2913 1948 Der Kammerdiener: (kommt, räumt den Kal-
927 1900 2964 2090 fectisch ab. Schweigen. Endlich sagt der
927 2060 2724 2253 Kammerdiener.) Ein schöner Morgen.
952 2243 1724 2419 (Dann geht er).
929 2360 2882 2567 Fink: (eine Weile allein, sieht auf die
932 2518 2730 2732 Uhr, für sich) Ja,was soll ich tun?
985 2694 1933 2870 er eilt zur Türe).
1092 2803 2773 3030 was mir beruhigt, ist - lösen und
1064 2956 2630 3160 Ces zich- wei es in Träumicie
1085 3119 1329 3325 here
