3448 4152
2865 312 2977 498 12
678 601 1071 799 müsste.
684 644 2782 939 Er hat die Absicht zu fliehen, für einige
684 876 2270 1093 Zeit aus Wien zu verschwinden.
707 953 2854 1228 Liebesszene zwischen ihm und der Baronin.
698 1134 3003 1408 Sie spricht von dem morgigen Duell, sie möch-
713 1348 1460 1523 te dabei sein.
718 1408 2862 1657 Humoristische Wendung der Szene. Sie ver-
733 1563 2874 1852 langt von ihm, dass er seinen Gegner töte.
736 1712 2986 1978 Dann wird sie ihm gehören,wird ihn in einer
741 1906 2937 2133 hochfürstlichen Familie einführen. Spricht
759 2064 2800 2310 von ihren geheimnisvollen Verbindungen.
761 2158 3057 2485 Ihr geschiedener Mann, ein verlumpter Mensch,
776 2422 1987 2613 den sie aushalten muss.
770 2536 2817 2748 5. Am nächsten Morgen in den Donauauen.
784 2665 3046 2880 Fink und seine beiden Sekundanten,Engel und
781 2868 1531 3043 Y. erscheinen.
790 2966 2954 3212 Fink ist nun selbst neugierig,wie sich al
796 3186 1586 3341 les lösen wird.
793 3258 2900 3498 Huber und seine zwei Sekundanten kommen.
833 3432 3137 3647 (Couleurstudenten). Im Augenblick,wo sie ein-
