3416 4216
2756 404 2897 568 98
698 557 1906 784 4. Sabine.Der alte Fink.
692 729 2789 970 Der alte Fink: zuerst grossväterlich mit
701 884 2742 1066 dem Kind, patriarchalisch, dann ernst: Ich
706 1053 2756 1233 will dir nichts in den vopf setzen, aber
709 1163 2848 1402 gib Adht auf deinen Mann. Gestern hab ich
712 1341 2767 1557 ihn beim Rennen gesehen, und zwar drüben
715 1521 1770 1706 auf dem sattelplatz.
726 1615 2615 1792 Sabine: wie kommst du zu dem Rennen?
715 1817 2773 1981 Der Alte: Man erweitert sein Gebiet.Ich
731 1967 2945 2125 hab einige Leute von der Branche kennen ge-
734 2089 2964 2285 lernt, ich bin Bookmaker am 20Kreutzer-Platt
734 2285 2856 2429 Es wird nicht lang dauern bin ich drüben,
742 2413 2925 2609 bei den Aristokraten.Aber das interessiert
742 2582 2831 2759 uns heute nicht. Mit dem operngucker hab
748 2734 2836 2922 ich ihn erkannt. Es kann keine Täuschung
742 2914 1017 3039 sein.
748 3017 2662 3191 Babine: Es ist gewiss eine Täuschung.
748 3169 2900 3330 Der Alte: Willst du einem Vater sein Kind
751 3321 2795 3523 kennen lehren? Es ist mir schon manches
751 3482 2731 3681 an ihm aufgefallen in der letzen Zeit.
1681 3626 2917 3806 Szene vor Adele Loser in
842 3665 1327 3795 Eventuell,
809 3679 2105 3908 Anwesenheit Silbersteins
