<?xml version="1.0" encoding="UTF-8" standalone="yes"?>
<PcGts xmlns="http://schema.primaresearch.org/PAGE/gts/pagecontent/2013-07-15" xmlns:xsi="http://www.w3.org/2001/XMLSchema-instance" xsi:schemaLocation="http://schema.primaresearch.org/PAGE/gts/pagecontent/2013-07-15 http://schema.primaresearch.org/PAGE/gts/pagecontent/2013-07-15/pagecontent.xsd">
    <Metadata>
        <Creator>prov=READ-COOP:name=TrHtr:version=2.1.0:model_id=51170:date=30_07_2023_05:01</Creator>
        <Created>2023-05-10T13:29:07.073+02:00</Created>
        <LastChange>2023-07-30T05:01:01.810+02:00</LastChange>
        <TranskribusMetadata docId="1428576" pageId="55412192" pageNr="47" tsid="131483357" status="IN_PROGRESS" userId="64420" imgUrl="https://files.transkribus.eu/Get?id=MUBFCNIFJJGLVOUOQHRBWEBN&amp;fileType=view" xmlUrl="https://files.transkribus.eu/Get?id=NPQSTHJJGGYEGRZIZMYMMEUD" imageId="44686334"/>
    </Metadata>
    <Page imageFilename="1428576_0047.jpg" imageWidth="3368" imageHeight="4040">
        <ReadingOrder>
            <OrderedGroup id="ro_1711791880277" caption="Regions reading order">
                <RegionRefIndexed index="0" regionRef="tr_2"/>
                <RegionRefIndexed index="1" regionRef="tr_1"/>
            </OrderedGroup>
        </ReadingOrder>
        <TextRegion id="tr_2" custom="readingOrder {index:0;}">
            <Coords points="1044,519 3031,519 3031,1871 1044,1871"/>
            <TextLine id="tr_2_tl_1" custom="readingOrder {index:0;}">
                <Coords points="1131,697 1331,635 1692,692 1857,613 1944,652 2314,588 2673,603 2747,590 2749,504 2480,469 2238,551 1974,487 1840,551 1136,514"/>
                <Baseline points="1148,635 1187,629 1232,629 1277,626 1321,626 1366,626 1411,623 1456,623 1500,620 1545,617 1590,617 1635,611 1679,611 1724,605 1769,605 1814,605 1858,605 1903,605 1948,605 1993,602 2037,599 2082,599 2127,596 2172,590 2216,590 2261,590 2306,590 2351,590 2395,587 2440,587 2485,581 2530,581 2574,578 2619,575 2664,575 2709,572 2754,569"/>
                <TextEquiv>
                    <Unicode>s Niederhof beiläufig ausspricht.</Unicode>
                </TextEquiv>
            </TextLine>
            <TextLine id="tr_2_tl_2" custom="readingOrder {index:1;}">
                <Coords points="1028,837 1366,795 1524,842 1964,761 2275,800 2640,751 2645,659 1032,716"/>
                <Baseline points="1044,790 1083,790 1127,787 1172,787 1217,784 1262,781 1306,778 1351,778 1396,775 1441,772 1485,772 1530,772 1575,769 1620,766 1664,766 1709,763 1754,763 1799,763 1843,760 1888,757 1933,754 1978,754 2022,751 2067,751 2112,748 2157,745 2202,745 2246,745 2291,742 2336,742 2381,739 2425,739 2470,736 2515,734 2560,731 2604,731 2649,728"/>
                <TextEquiv>
                    <Unicode>das führt dieser Kerl aus.macht</Unicode>
                </TextEquiv>
            </TextLine>
            <TextLine id="tr_2_tl_3" custom="readingOrder {index:2;}">
                <Coords points="1037,973 1146,993 1195,961 1292,983 1504,948 1598,988 1672,948 1783,978 1880,929 2072,956 2077,842 1786,827 1640,874 1447,835 1312,869 1265,837 1042,842"/>
                <Baseline points="1050,939 1095,939 1139,939 1184,939 1229,936 1274,936 1318,933 1363,936 1408,933 1453,930 1497,927 1542,927 1587,924 1632,924 1676,921 1721,918 1766,916 1811,913 1855,913 1900,910 1945,910 1990,910 2034,907 2079,904"/>
                <TextEquiv>
                    <Unicode>Weltanschauung draus</Unicode>
                </TextEquiv>
            </TextLine>
            <TextLine id="tr_2_tl_4" custom="readingOrder {index:3;}">
                <Coords points="1119,1151 1371,1089 1704,1158 1877,1102 2038,1131 2280,1055 2608,1121 2892,1084 2897,963 2569,909 1862,1015 1126,1015"/>
                <Baseline points="1136,1092 1154,1092 1199,1092 1244,1092 1288,1089 1333,1089 1378,1086 1423,1086 1468,1080 1512,1080 1557,1080 1602,1077 1647,1077 1691,1074 1736,1074 1781,1068 1826,1068 1870,1068 1915,1065 1960,1062 2005,1059 2049,1059 2094,1056 2139,1053 2184,1053 2228,1053 2273,1050 2318,1047 2363,1044 2407,1044 2452,1041 2497,1041 2542,1038 2586,1038 2631,1032 2676,1032 2721,1029 2765,1029 2810,1032 2855,1026 2900,1023"/>
                <TextEquiv>
                    <Unicode>ellen daraus werden eventuell vorge</Unicode>
                </TextEquiv>
            </TextLine>
            <TextLine id="tr_2_tl_5" custom="readingOrder {index:4;}">
                <Coords points="1057,1262 1119,1267 1144,1252 1218,1275 1242,1252 1282,1257 1299,1247 1344,1262 1346,1168 1279,1173 1250,1188 1210,1168 1171,1191 1102,1156 1060,1173"/>
                <Baseline points="1071,1250 1083,1250 1127,1247 1172,1247 1217,1244 1262,1244 1306,1244 1351,1238"/>
                <TextEquiv>
                    <Unicode>lesen.</Unicode>
                </TextEquiv>
            </TextLine>
            <TextLine id="tr_2_tl_6" custom="readingOrder {index:5;}">
                <Coords points="1035,1438 1966,1373 2351,1398 2391,1277 2082,1242 1477,1319 1378,1277 1163,1341 1042,1299"/>
                <Baseline points="1050,1402 1053,1402 1098,1402 1142,1402 1187,1399 1232,1399 1277,1396 1321,1393 1366,1393 1411,1390 1456,1390 1500,1387 1545,1384 1590,1384 1635,1381 1679,1378 1724,1378 1769,1381 1814,1378 1858,1378 1903,1375 1948,1375 1993,1372 2037,1372 2082,1369 2127,1363 2172,1360 2216,1357 2261,1354 2306,1354 2351,1348 2395,1345"/>
                <TextEquiv>
                    <Unicode>Ist Fink hier schon dabei?</Unicode>
                </TextEquiv>
            </TextLine>
            <TextLine id="tr_2_tl_7" custom="readingOrder {index:6;}">
                <Coords points="1035,1603 2799,1524 2957,1492 2962,1376 2589,1373 2312,1455 1040,1470"/>
                <Baseline points="1050,1560 1083,1554 1127,1554 1172,1554 1217,1554 1262,1551 1306,1551 1351,1548 1396,1545 1441,1542 1485,1542 1530,1539 1575,1542 1620,1536 1664,1536 1709,1533 1754,1533 1799,1530 1843,1527 1888,1524 1933,1524 1978,1524 2022,1521 2067,1518 2112,1518 2157,1515 2202,1515 2246,1512 2291,1509 2336,1509 2381,1509 2425,1506 2470,1506 2515,1500 2560,1497 2604,1497 2649,1497 2694,1494 2739,1491 2783,1491 2828,1485 2873,1485 2918,1482 2962,1479"/>
                <TextEquiv>
                    <Unicode>Markus erklärt, man dürfe darauf nicht</Unicode>
                </TextEquiv>
            </TextLine>
            <TextLine id="tr_2_tl_8" custom="readingOrder {index:7;}">
                <Coords points="1040,1756 1667,1759 1971,1687 2267,1773 2505,1689 3021,1744 3028,1573 1047,1610"/>
                <Baseline points="1056,1712 1062,1709 1106,1709 1151,1709 1196,1709 1241,1709 1285,1706 1330,1703 1375,1700 1420,1697 1465,1697 1509,1697 1554,1694 1599,1691 1644,1688 1688,1685 1733,1685 1778,1682 1823,1682 1867,1679 1912,1679 1957,1676 2002,1673 2046,1673 2091,1670 2136,1667 2181,1667 2225,1667 2270,1664 2315,1661 2360,1661 2404,1658 2449,1658 2494,1655 2539,1650 2583,1650 2628,1650 2673,1647 2718,1644 2762,1641 2807,1638 2852,1638 2897,1635 2941,1632 2986,1632 3031,1626"/>
                <TextEquiv>
                    <Unicode>reagieren. Jenes Blatt geht uns nichts</Unicode>
                </TextEquiv>
            </TextLine>
            <TextLine id="tr_2_tl_9" custom="readingOrder {index:8;}">
                <Coords points="1052,1885 1065,1887 1082,1872 1097,1875 1104,1867 1124,1880 1144,1867 1163,1867 1171,1875 1237,1867 1240,1769 1213,1771 1188,1786 1144,1759 1097,1771 1072,1754 1055,1759"/>
                <Baseline points="1065,1861 1109,1861 1154,1861 1199,1861 1244,1855"/>
                <TextEquiv>
                    <Unicode>an.</Unicode>
                </TextEquiv>
            </TextLine>
        </TextRegion>
        <TextRegion id="tr_1" custom="readingOrder {index:1;}">
            <Coords points="1062,1883 3070,1883 3070,3560 1062,3560"/>
            <TextLine id="tr_1_tl_1" custom="readingOrder {index:0;}">
                <Coords points="1047,2033 1904,2045 2631,1969 2826,2033 2880,1887 1949,1845 1497,1949 1336,1887 1052,1932"/>
                <Baseline points="1062,2017 1095,2014 1139,2011 1184,2011 1229,2011 1274,2008 1318,2008 1363,2011 1408,2005 1453,2005 1497,2005 1542,2002 1587,2002 1632,1999 1676,1993 1721,1993 1766,1993 1811,1990 1855,1990 1900,1987 1945,1984 1990,1978 2034,1981 2079,1978 2124,1978 2169,1975 2213,1972 2258,1972 2303,1969 2348,1963 2392,1963 2437,1960 2482,1960 2527,1960 2571,1957 2616,1957 2661,1954 2706,1951 2751,1951 2795,1945 2840,1945 2885,1933"/>
                <TextEquiv>
                    <Unicode>Redakteure: Aber gerade seit dieser</Unicode>
                </TextEquiv>
            </TextLine>
            <TextLine id="tr_1_tl_2" custom="readingOrder {index:1;}">
                <Coords points="1050,2218 2979,2122 2984,2006 1173,2107 1055,2065"/>
                <Baseline points="1065,2175 1106,2169 1151,2166 1196,2166 1241,2163 1285,2163 1330,2160 1375,2157 1420,2157 1465,2154 1509,2154 1554,2151 1599,2148 1644,2148 1688,2145 1733,2145 1778,2142 1823,2139 1867,2139 1912,2139 1957,2136 2002,2136 2046,2130 2091,2127 2136,2127 2181,2127 2225,2124 2270,2124 2315,2121 2360,2121 2404,2118 2449,2118 2494,2115 2539,2112 2583,2109 2628,2106 2673,2106 2718,2106 2762,2103 2807,2100 2852,2100 2897,2094 2941,2091 2986,2088"/>
                <TextEquiv>
                    <Unicode>Fink dort schreibt, wird das Blatt an¬</Unicode>
                </TextEquiv>
            </TextLine>
            <TextLine id="tr_1_tl_3" custom="readingOrder {index:2;}">
                <Coords points="1062,2349 1356,2396 1751,2300 1875,2344 2075,2282 2576,2324 2613,2164 2505,2213 1986,2174 1825,2233 1470,2196 1067,2240"/>
                <Baseline points="1077,2324 1092,2321 1136,2321 1181,2318 1226,2318 1271,2318 1315,2315 1360,2315 1405,2312 1450,2312 1494,2309 1539,2309 1584,2306 1629,2303 1673,2300 1718,2300 1763,2294 1808,2294 1852,2291 1897,2291 1942,2288 1987,2285 2031,2285 2076,2282 2121,2282 2166,2279 2210,2276 2255,2276 2300,2273 2345,2270 2389,2270 2434,2270 2479,2270 2524,2267 2569,2264 2613,2261"/>
                <TextEquiv>
                    <Unicode>sehnlich,gewinnt an Bedeutung.</Unicode>
                </TextEquiv>
            </TextLine>
            <TextLine id="tr_1_tl_4" custom="readingOrder {index:3;}">
                <Coords points="1062,2542 1215,2482 1640,2542 1838,2463 2853,2458 3036,2428 3041,2307 1070,2366"/>
                <Baseline points="1077,2470 1118,2473 1163,2473 1208,2470 1253,2470 1297,2470 1342,2467 1387,2467 1432,2464 1476,2461 1521,2458 1566,2458 1611,2455 1655,2455 1700,2452 1745,2452 1790,2449 1835,2449 1879,2446 1924,2443 1969,2443 2014,2440 2058,2437 2103,2437 2148,2434 2193,2431 2237,2431 2282,2428 2327,2428 2372,2425 2416,2422 2461,2422 2506,2419 2551,2416 2595,2416 2640,2416 2685,2413 2730,2407 2774,2407 2819,2404 2864,2401 2909,2401 2953,2395 2998,2392 3043,2387"/>
                <TextEquiv>
                    <Unicode>Markus: Alles fängt erst an zu existie</Unicode>
                </TextEquiv>
            </TextLine>
            <TextLine id="tr_1_tl_5" custom="readingOrder {index:4;}">
                <Coords points="1070,2653 1751,2677 2665,2571 3041,2613 3048,2430 2058,2542 1398,2485 1074,2539"/>
                <Baseline points="1083,2628 1124,2625 1169,2625 1214,2625 1259,2622 1303,2619 1348,2619 1393,2619 1438,2616 1482,2613 1527,2613 1572,2607 1617,2607 1661,2604 1706,2601 1751,2601 1796,2601 1840,2598 1885,2595 1930,2595 1975,2595 2020,2595 2064,2592 2109,2589 2154,2586 2199,2586 2243,2586 2288,2586 2333,2583 2378,2577 2422,2574 2467,2574 2512,2571 2557,2569 2601,2566 2646,2569 2691,2566 2736,2563 2780,2560 2825,2557 2870,2557 2915,2557 2959,2554 3004,2548 3049,2539"/>
                <TextEquiv>
                    <Unicode>ren, wenn wir es beachten. Vorher ist es</Unicode>
                </TextEquiv>
            </TextLine>
            <TextLine id="tr_1_tl_6" custom="readingOrder {index:5;}">
                <Coords points="1070,2806 1183,2826 1341,2781 1561,2821 1714,2769 1860,2816 1946,2808 1951,2658 1628,2697 1484,2660 1420,2692 1074,2705"/>
                <Baseline points="1086,2780 1103,2777 1148,2780 1193,2780 1238,2777 1283,2777 1327,2774 1372,2771 1417,2771 1462,2771 1506,2765 1551,2762 1596,2759 1641,2759 1685,2759 1730,2756 1775,2754 1820,2754 1864,2751 1909,2751 1954,2751"/>
                <TextEquiv>
                    <Unicode>das Ding an sich.</Unicode>
                </TextEquiv>
            </TextLine>
            <TextLine id="tr_1_tl_7" custom="readingOrder {index:6;}">
                <Coords points="1092,2944 2947,2890 2952,2747 2371,2794 2050,2752 1927,2828 1603,2799 1272,2887 1097,2826"/>
                <Baseline points="1106,2930 1121,2930 1166,2930 1211,2930 1256,2930 1300,2927 1345,2924 1390,2921 1435,2921 1479,2918 1524,2915 1569,2915 1614,2912 1658,2912 1703,2909 1748,2906 1793,2906 1837,2903 1882,2903 1927,2903 1972,2900 2017,2900 2061,2894 2106,2897 2151,2897 2196,2894 2240,2894 2285,2888 2330,2885 2375,2885 2419,2882 2464,2882 2509,2879 2554,2876 2598,2876 2643,2870 2688,2870 2733,2867 2777,2867 2822,2864 2867,2861 2912,2858 2956,2855"/>
                <TextEquiv>
                    <Unicode>Nun schreibt Fink resp. Müller statt</Unicode>
                </TextEquiv>
            </TextLine>
            <TextLine id="tr_1_tl_8" custom="readingOrder {index:7;}">
                <Coords points="1084,3100 1969,3129 2677,3028 2966,3065 3004,2932 1465,2962 1087,3038"/>
                <Baseline points="1098,3091 1127,3088 1172,3085 1217,3082 1262,3082 1306,3079 1351,3079 1396,3079 1441,3076 1485,3073 1530,3073 1575,3070 1620,3070 1664,3067 1709,3061 1754,3061 1799,3061 1843,3061 1888,3058 1933,3055 1978,3055 2022,3052 2067,3049 2112,3049 2157,3049 2202,3046 2246,3043 2291,3043 2336,3040 2381,3037 2425,3037 2470,3034 2515,3031 2560,3028 2604,3025 2649,3025 2694,3025 2739,3025 2783,3022 2828,3019 2873,3019 2918,3013 2962,3007 3007,3007"/>
                <TextEquiv>
                    <Unicode>seines Gerichtssaalberichtes den Artig</Unicode>
                </TextEquiv>
            </TextLine>
            <TextLine id="tr_1_tl_9" custom="readingOrder {index:8;}">
                <Coords points="1094,3243 1272,3280 1324,3255 1470,3258 1517,3228 1581,3265 1670,3233 1870,3263 1875,3171 1801,3137 1657,3134 1583,3169 1447,3142 1354,3171 1173,3120 1099,3159"/>
                <Baseline points="1109,3237 1115,3234 1160,3237 1205,3237 1250,3240 1294,3240 1339,3237 1384,3234 1429,3231 1473,3228 1518,3225 1563,3225 1608,3222 1652,3219 1697,3216 1742,3213 1787,3213 1832,3210 1876,3216"/>
                <TextEquiv>
                    <Unicode>kel. gege n Fink.</Unicode>
                </TextEquiv>
            </TextLine>
            <TextLine id="tr_1_tl_10" custom="readingOrder {index:9;}">
                <Coords points="1112,3416 1272,3460 1438,3394 1536,3433 1890,3367 2055,3411 2060,3288 1924,3280 1850,3320 1583,3300 1541,3327 1494,3295 1361,3300 1277,3342 1116,3288"/>
                <Baseline points="1124,3389 1169,3389 1214,3389 1259,3389 1303,3386 1348,3386 1393,3383 1438,3380 1482,3377 1527,3377 1572,3374 1617,3374 1661,3371 1706,3371 1751,3368 1796,3368 1840,3365 1885,3365 1930,3362 1975,3362 2020,3359 2064,3359"/>
                <TextEquiv>
                    <Unicode>Er schäumt vor Wut</Unicode>
                </TextEquiv>
            </TextLine>
            <TextLine id="tr_1_tl_11" custom="readingOrder {index:10;}">
                <Coords points="1109,3604 3048,3512 3068,3372 1114,3473"/>
                <Baseline points="1124,3550 1145,3550 1190,3550 1235,3550 1280,3547 1324,3550 1369,3547 1414,3547 1459,3544 1503,3538 1548,3538 1593,3535 1638,3535 1682,3535 1727,3532 1772,3532 1817,3529 1861,3529 1906,3526 1951,3526 1996,3526 2040,3523 2085,3523 2130,3517 2175,3517 2219,3514 2264,3514 2309,3514 2354,3511 2398,3508 2443,3508 2488,3502 2533,3502 2577,3496 2622,3493 2667,3490 2712,3488 2756,3488 2801,3488 2846,3485 2891,3485 2936,3482 2980,3479 3025,3479 3070,3479"/>
                <TextEquiv>
                    <Unicode>Eventuell in einem Gespräch mit Silber</Unicode>
                </TextEquiv>
            </TextLine>
        </TextRegion>
    </Page>
</PcGts>
