3336 4232
2595 423 2786 589 101
747 609 2946 808 Wondra: Man kann doch nicht zwei Ansichten
750 794 1073 965 haben
755 885 2855 1062 Fink: Wenn ich anders angezogen bin denk
761 1032 2741 1250 ich anders. Wenn ich eine Treppe hinab-
752 1248 2633 1367 schreite, emfpind ich mich als König.
1131 1339 1331 1433 Zeit
766 1380 2971 1541 In der Zmi, wo ich mit dir auf dem 20 Kreu-
758 1544 2905 1682 tzer-Platz beim Rennen war und auch jetzt
752 1657 2863 1845 noch packt mich eine namenlose Wut gegen
769 1831 2932 1983 das geputzte Gesindel drüben in den Logen.
755 1994 2805 2147 Wenn ich im Sattelraum bin verachte ich
775 2111 2849 2296 die Leute drüben. Beides ist gleich wahr.
777 2277 2921 2448 Ich kann mir nicht helfen. Wie ich gestern
766 2434 2913 2631 dem Fürsten W.vorgestellt worden bin, und
794 2595 2965 2736 or so huldvoll mit mir gesprochen hat, habe
775 2752 3001 2880 ich an die heilige Dreifaltigkeit geglaubt.
777 2874 2965 3071 Es endet damit, dass Fink, der Wendra um je-
775 3054 2849 3212 den Preis entfernen will, ihm Geld borgt.
719 3214 2614 3438 Aber die wirt slost nicht in beider bleiben können.
