3432 4136
1813 397 2116 546 entuell
492 426 2990 713 Mit diesen Zeilen (die ich der Buchausgabe meiner Ko -
495 659 3015 839 mödie vorausschicke) will ich nicht so sehr eine Prio
498 874 2924 1057 rität oder Gleichzeitigkeit feststellen, an der auch
505 1038 2832 1243 auf mein Wort hin niemanden zu zweifeln einfallen
511 1186 2883 1375 dürfte, sondern vor allem ein ziemlich merkwürdiges
508 1369 2876 1542 Beispiel für die Tatsache aufbewahren, dass in zwei
517 1548 2980 1719 Schriftstellern,die einander nie gesehen, nia gespro-
533 1741 2873 1899 chen haben und jeder in einem anderen Lande leben,
536 1943 2942 2100 ein im Grunde ziemlich neuer Bühneneinfall fast zur
536 2126 2857 2283 selben Zeit reif wird und nach Gestaltung drängt.
536 2290 2974 2441 Dass es mir beschieden war dieses literarische Aben-
546 2450 3034 2614 teuer gerade mit Tristan Bernard zusammen zu erleben,
555 2611 3091 2804 gereicht mir schon darum zur Genugtuung,weil ich gera-
549 2804 2980 2971 de diesem ausserordentlichen Humoristen seit Jahren
552 2933 2668 3151 eine ganz besondere Verehrung entgegenbringe.
2507 3359 2731 3643 P.
