3464 4280
105 175 210 266 Ia-7
768 449 3108 584 Meine Aufsätze machten nicht blos in England
782 645 2989 759 sondern auch in Frankreich. das grösste
776 791 3129 919 Aufsehen....Graf de Serre damaliger Justiz¬
771 928 2890 1051 minister, seit Jahren meiner Familie und
782 1103 3030 1220 mir befreundet... im höchsten Grade aufge-
785 1275 2930 1363 bracht, drang bei meinem Onkel, Baron Eck-
788 1392 3085 1521 stein, französischem Generalpolizeiinspektor
791 1559 2995 1675 darauf, dass derselbe meine Entfernung von
800 1742 2980 1842 England veranlassen möchte. Mein Onkel...
797 1880 2992 1988 fand mich seinen Vorschlägen auch keines-
800 2014 3097 2142 wegs ganz abgeneigt.... Andererseits fühlte
806 2198 3033 2297 ich mich durch das ganze Benehmen der eng¬
814 2358 2925 2461 lischen Radikalen im innersten gekränkt,
808 2504 3062 2609 denn selbst die Bessern unter ihnen trugen
823 2627 2986 2773 einen frechen Atheismus zur Schau und ver-
820 2799 3012 2930 letzten mit höhnendem spotte meine heilig
820 2954 2960 3082 sten gefühle. Die Warnungen meiner Mutter
823 3123 3114 3228 waren auch nicht ganz auf unfruchtbarem Bo-
835 3281 3024 3395 den gefallen und so kam es, dass ich schon
826 3418 3073 3546 nach wenigen Monden revolutionären Glanzes
823 3602 2945 3704 mit mir selbst in Zwiespalt geriet und -
823 3698 3164 3862 natürlich anonym und im grössten Geheimnisse
