3256 3976
1603 557 1751 653 127
933 596 2384 728 Graf: Darauf kommt es doch in solchen Fällen
882 709 2378 824 nicht an, Herr Fink!! Man könnte fast sagen: Im
884 803 2372 924 Gegenteil. Ich habe schließlich... Sie erwähnten die
873 890 2380 999 leidige Angelegenheit früher — auch den Baron Napador
882 978 2380 1091 nicht gehaßt, — ja, er war sogar beinah — ein Freund
888 1089 2382 1193 von mir — und — doch hab' ich mich mit ihm — schlagen
894 1185 1117 1287 müssen.
954 1247 2060 1354 Fliederbusch: Und haben ihn sogar...
958 1334 2393 1439 Graf: Ja — das, mein werter Herr Fink — steht
897 1407 2389 1526 leider nicht mehr — Wenn man sich einmal so gegen¬
888 1516 2399 1622 über steht — da will man eben der sein, der besser schießt.
897 1593 2406 1704 Das hat nichts mit — Freundschaft zu tun. Man haßt
905 1682 2402 1806 ja auch die Scheibe nicht, auf die man zielt — man will
918 1806 1117 1891 treffen.
984 1844 2406 1981 Fliederbusch: Mitten — ins Schwarze... ohne Haß.
965 1943 2412 2062 Graf: Ach so... Sie, Herr Fink, finden es offenbar
912 2056 2404 2152 anständiger ober großartiger oder weiß Gott was, wenn
918 2148 2096 2261 man jemanden — aus Haß umbringt, als
980 2210 2410 2350 Fliederbusch: Als — — aus sportlichem Ehr¬
918 2338 1055 2434 geiz
971 2389 2429 2500 Graf (frappiert): Dann. Gut. Ich akzeptiere das
911 2504 2417 2596 Wort, Herr Fink. — Ich bin Sportsmann. Ja. Man
912 2583 2419 2688 hat ja offenbar nur die Wahl in den meisten Dingen
905 2679 2348 2792 des Lebens — Sportsmann — oder — — (Er zuckt.)
976 2771 1998 2875 Fliederbusch: Oder — Monomane.
969 2837 2412 2961 Graf (fast erfreut): Es scheint wirklich so. Vielmehr:
914 2923 2414 3031 die Wahl hat man nicht. Man ist so — oder so organi¬
933 3016 2419 3138 siert. Sie werden schon recht haben, Herr Fink! Mein
