3368 4200
2752 452 2897 621 78
744 567 2837 758 Funk:Der Artikel ist ja anonym. das Blatt
741 736 2878 940 ist veran twortlich. Ich habe eben erwidert -
733 913 2897 1063 Egon: So werden Sie sich eben mit dem ver-
730 1052 2458 1237 antwortlichen Redakteur schlagen.
728 1215 2916 1477 Funk: Er wird meine Forderung nicht anneh-
717 1382 951 1531 men.
719 1504 2913 1687 Egon: So werden Sie ihn öhrfeigen, die Ehre
722 1657 2384 1916 des Blattes steht auf dem Spiel.
