3528 4232
662 404 2823 566 Wie entsteht nun der Verdacht des Grafen?
644 572 2961 707 Einfach so. Kajetan kommt im IV.Akt,hat für
644 680 2958 880 seinen Nekrolog auch schon eine Photographie
653 892 3024 1048 des Fliederbusch,die er dem Grafen zeigt, auch
653 1039 2126 1177 könnte er ihm begegnet sein.
635 1278 3012 1461 Fliederbusch müsste nicht einmal die Nacht im
2952 1452 3119 1545 ̃̃
638 1461 3000 1623 Park zugebracht haben. Vielleicht hat er etwas
2703 1605 2886 1697 Touvel
632 1659 3033 1778 hier vergessen, das ihn kompromittieren möchte,
641 1781 2856 1925 oder er ist direkt von der Fürstin für den
632 1958 1641 2144 Morgen herbestellt.
