3464 4264
2815 405 2904 553 2
787 488 3061 850 versperrt.Die Scene mit der Fürstin in die-
796 784 1863 996 sem Sinne zu ändern.
807 864 3101 1093 Im dritten Akt die Scene zwischen den Sekun.
813 1064 2930 1252 danten mit Beziehung auf den veränderten
810 1195 2992 1412 Artikel des Fliederbusch zu ändern und zu
824 1435 1318 1566 steigern.
827 1480 3046 1720 Obendorfer schon in der ersten Unterredung
833 1629 2904 1854 mit Fliederbusch müsste auf Grund jenes
853 1760 3064 2088 veränderten Artikels darauf hinweisen,dass
859 2034 2271 2171 er Satisfaktion geben muss.
850 2099 2927 2396 Der Akt muss mit der eene zwischen den
856 2348 1826 2516 Sekundanten enden.
873 2365 3146 2690 Esentuell könnten Abendstern und Obendorfer
890 2659 1626 2830 zurückbleiben.
