3528 4312
2775 384 2863 497 4
881 532 3011 689 ren soll (Sommerwohnung, von der schon im
904 663 2866 840 ersten Akt die Rede ist). Er liest den
889 875 2959 1008 Artikel, den er als Fliederbusch gestern
892 985 3226 1165 gegen Fink geschrieben hat; besser vielleicht,
895 1168 2857 1299 dass Satan ihn vorliest. Er nimmt ihn
901 1296 3075 1488 wieder vor,apostraphiert den Verfasser mo¬
892 1453 2868 1613 nologisch:Was weisst du von mir, du in
898 1601 3075 1779 deinem dumpfen Winkel? Hier ist mein Platz
924 1782 2842 1924 .Er macht sich daran xxx zu erwidern.
2433 1869 2802 1973 Tyur de
1261 1924 2860 2075 Nun tritt Kausik ein (styx wird
907 2063 3078 2226 überflüssig) Kausig, der früher vom jungen
901 2212 3084 2380 Egon Satan schlecht behandelt, ja geradezu
898 2412 2956 2537 hinausgewiesen wurde, stellt an Flieder-
904 2531 3104 2703 busch die Forderung sich seiner anzunehmen
904 2720 3002 2854 Mit seinem Detektivtalent hat er heraus-
910 2868 2903 3008 gebracht, dass hier etwas nicht stimmt;
907 3008 3092 3179 dass Fink eigentlich nicht in der Schwind
918 3168 2982 3316 gasse wohnt,und drohtmit weiteren Nach-
910 3319 3107 3496 forschungen. (Hier noch nichts anderes,aber
918 3476 2967 3644 genug,um Fliederbusch bedenklich zu ma-
913 3674 1215 3857 chen.)
