3368 4088
366 287 664 466 a 191
872 400 2700 651 Vorgeschichte Müllers.Er war entwede
869 572 2526 806 Bankbeamter,eventuell gar Commis
864 735 2660 967 nem grossen Modewarenhaus; stammt aus-
872 877 2792 1088 lichen Kreisen.Sein Vater ein Projekt
872 1019 2763 1272 macher mit genialen Zügen. (Sollte er
877 1177 2926 1435 nicht auftreten?) Seine Jugend.Früh der
885 1356 3002 1570 Drang nach „Höherem“. Vielleicht irgendwie
893 1557 1994 1728 literarische Anfänge.
898 1622 3005 1875 Ist er Bankbeamter,so hat er einen Kolle-
909 1788 2981 2002 gen, der zum Rennen zu gehen pflegt, Lump,
909 1915 2884 2175 eventuell im Nebenerwerb Sportbericht.
914 2086 2950 2323 erstatter. Dieser junge Mensch tritt aus
917 2265 2952 2476 der Bank aus,besser er muss durchgehen.
924 2441 2763 2634 Er bittet Müller für ihn einmal den
932 2576 2821 2776 Sportbericht zu schreiben; Müller tut
938 2729 3018 2958 das mit Begeisterung.Dem Redakteur fällt
940 2868 3005 3121 der Bericht auf.Er lässt den Müller kom-
930 3084 2910 3234 men, der verschweigt seinen Beruf,lügt,
943 3182 2929 3411 schwindelt nach seiner Art.Er wird fix
967 3366 2937 3548 engagiert. Um seinen wahren Namen nicht
