3432 4136
897 429 2939 661 war ein Streik.Militär musste ausrücken.
877 588 2887 814 Einige Arbeiter wurden getötet und ver.
895 741 2968 970 wundet. In einer hierauf bezüglichen Par-
903 957 2976 1129 lamentsdebatte erhob sich Graf Niederhof
897 1077 2874 1298 und sprach im Namen der Ordnung, ja des
1579 1251 1753 1350 Aber
900 1275 2890 1462 Absolutismus und den Unwert des Lebens
910 1386 2835 1615 Einzelner.Hierüber grosse Entrüstung,
926 1537 3002 1738 insbesondere in den sozialdemokratischen
926 1688 2859 1907 und liberalen Blättern.Für den Grafen
929 1849 3010 2047 Niederhof trat ein Artikel in der kleri-
929 1980 2848 2224 kal angehauchten aus einem Sportblatt
931 2130 2825 2354 sich allmählich zu einer politischen
934 2344 3025 2502 Zeitschrift entwickelt habenden Zeitung
960 2430 2874 2711 „Salon" (eventuell aus „Hohen Kreisen,"
952 2601 3030 2861 ebentuell „Blaublut“) ein. Es wurde darin
955 2750 2994 2968 Aristokratie,Rassenreinheit ausgespielt
957 2924 2986 3179 gegenüber dem Pöbel, ja sogar der arbei-
973 3051 2999 3301 tenden Bevölkerung.Es ist die schon be-
970 3226 3049 3441 kannte Feder eines gewissen Fink (besser
965 3428 2076 3639 irgend eine Chiffre).
