3496 4280
895 454 1047 629 Er
2856 396 2992 615 14
892 593 3080 737 behauptet, dass er sicher fällen werde. Sie
886 776 2540 906 schickt ihn für alle Fälle weg.
1415 917 3102 1086 Er weiss nicht was tun. Endlich,
889 1100 3075 1224 da die Zeit drängt, und doch einer aus der
892 1216 2975 1396 Welt verschwinden muss,kommt er auf die
892 1377 2870 1571 Idee als Fink einen Abschiedsbrief zu
889 1557 3011 1676 schreiben. Er geht in die weite Welt. Oder
881 1717 3025 1886 er bringt sich um. Doch muss er das auch
889 1864 2875 1997 noch an Egon und an Schromm schreiben,
884 1994 3083 2127 früh genug, dass sie nicht mehr an den ver¬
873 2155 3086 2285 abredeten Rendez-vous-Platz kommen können.
1454 2330 3091 2493 Auch folgendes wäre zu erwägen
881 2427 2992 2629 Er uyt zuerst entschlossen einen Selbst
861 2609 2632 2800 mord als Fliederbusch zu begehen.
1457 2770 3011 2936 Könnte ihm nicht Kausik diese
881 2945 2374 3127 Idee im 3.Akt gegeben haben?
1449 3100 2942 3266 Das wäre vielleicht das Ein¬
867 3202 2859 3404 fachste. Er schreibt als Fliederbusch
856 3404 3086 3562 Abscheidsbriefe, fühlt sich zuhause im Haus
864 3557 3011 3734 der Fürstin und stellt sich den weiteren
870 3692 3075 3859 Vorgang so vor, dass er mit Schromm und Sa¬
