3368 4088
598 477 1976 689 Im sozialdemokratischen Blatt.
577 648 1882 869 Fink wird freudig empfangen.
577 804 1773 981 Sensation seines Artikels
562 948 2892 1178 Muss abreisen wegen eines Berichts. Versammlung.Er
568 1137 833 1293 muss.
565 1255 1911 1455 Schneider und Flögel kommen.
560 1419 2904 1599 Der sozialdemohratische Redakteur Engelbert tritt
586 1584 1543 1785 sofort für Fink ein.
586 1699 2427 1882 Zwei Freunde, die das Formelle abmachen.
589 1864 2565 2085 Wer sind diese Beiden? (St. Jr.- und?
595 1988 2966 2247 Vielleicht trgend einer schon einen Verdacht gegen
583 2194 848 2391 Fink.
580 2285 2586 2556 Man könnte ihn da oder dort gesehen haben.
