5880 8536
2177 336 5529 453 in die Knie gezwungen sein. (Hört, hörtl links.) Die Frist; Abg. Graf Westarp beantragt die Fortsetzung der Aussprach¬
466 331 2118 457 vollständig die Ruhe bewahren. Wir haben nichts zu befürchten
461 403 1447 491 Wenn einzelne aus unseren Reihen
1435 420 2865 524 zur Vaterlandspartei über- war am 1. August um.
3864 420 5516 491 über die heutige Interpellation abzusetzen. Es entspricht nich
1430 461 2123 587 zer Zeit erkennen, in welchen
3880 470 5516 566 dem Brauche des Hauses, wenn eine Interpellation abgebrochen
2253 474 3780 587 Ist es wirklich gut, solche Hoffnungen zu erwecken,
3880 537 5537 633 wurde, dieselbe Frage auf die Tagesordnung der nächsten Sitzung
478 579 1980 646 schichte wird den Mehrheitsparteien recht geben. Die Vate
2647 571 3432 680 e Enttäuschung um so
3880 583 4497 688 zu setzen. (Widerspruch.)
3419 566 3826 659 größer sein
2169 562 2660 663 wo nachher die
470 612 2068 709 partei hat dem gegenwärtigen Reichstag das Recht abgesproch
2798 625 3654 701 riks.) Die Herren haben ja ge
3641 638 3838 705 par feine
2177 642 2655 722 muß. (Sehr richt.)
3910 612 5521 726 Abg. Ledebour (U. Soz.): Das entspricht durchaus der Geschäfts¬
461 671 2127 776 eine Vertretung des Volkswillens zu sein und der Abg. v. Gräf
2173 688 3826 755 Ahnung von der Seele des deutschen Soldaten und de
3880 705 5357 768 ordnung. Die Interpellationsaussprache wurde nur dann
5361 701 5533 793 nicht
2169 751 3834 810 deutschen Volkes. (Lebhafte Zustimmung bei der Mehrheit.) De
461 726 1300 818 hat ähnliche Töne angeschlagen.
3947 759 5349 831 rtgesetzt, wenn alle Parteien zu Worte gekommen waren.
2173 801 3834 873 deutsche Soldat kämpft so lange, bis unsere Feinde zum Frieden
3947 810 5537 910 Abg. Dr. Paasche (Natl.) hält ebenfalls den Einspruch des Grafen
701 793 1942 923 Röge man ruhig den Reichstag auflösen,
2173 839 3826 910 bereit sind, und wenn es noch Jahre dauern sollte. Aber man so
3893 856 4443 969 Westarp für unrichtig.
2186 902 3696 977 dem Soldaten nicht vormachen, daß er nur noch ein wenig
915 881 2114 998 Beinverstanden. (Lebh. Zustimmung bei der
482 894 818 990 wir sind 8
4291 902 5533 1019 Pestary (Kons): Im Interesse des Landes wäre es
3927 923 4304 1015 Abg. Graf W
3356 898 3838 1082 Reichskanzler
915 944 2131 1040 Sie es auf Wahlen ankommen, Sie würden
3968 977 4304 1074 er, wenn diese
4291 940 5542 1061 Aussprache nicht fortgesetzt wurde. (Widerspruch.)
537 965 818 1049 ehrheit.)
3968 994 4942 1124 Der Antrag Westarp wird abgelehnt.
545 1024 2118 1103 das erleben! Wenn taktisch Zentrum, Fortschrittler und Sozial,
2165 1040 3834 1116 keit.) hat hier ausdrücklich gesagt. Deutschland werde auch nich
495 1070 1754 1137 demokraten zusammengehen würden, wie wen
3897 1082 4375 1183 Schluß 3/4 Uhr.
1905 1091 2114 1170 würde
2169 1112 3826 1170 einen Tag länger Krieg führen, wenn ein ehrenvoller Frieden
575 1133 1749 1208 Ihnen (nach rechts) noch übrig bleib
1905 1141 2114 1212 Lebh. Zu
2173 1170 3838 1229 haben ist, das heißt, daß wir bereit sind, Frieden zu schließen, auch
571 1137 2123 1267 einung bei der Mehrheit. Widerspruch rechts.) Wehe Ihnen um
2173 1225 3843 1279 ohne daß wir Eroberungen machen. Wir verlangen Achtung
3901 1183 5537 1279 Die Vorlage über die Ergänzung der Beisitzer der Ge¬
449 1225 2043 1309 der Vaterlandspartei! Sie kennen die wahre Stimm
2177 1271 3788 1330 vor den deutschen Soldaten. Draußen kämpfen Anhän
3935 1263 5529 1342 verbe-, Kaufmanns= und Innungsgerichte beschäftigte einen
461 1288 1779 1351 des Voltes nicht, wenn Sie ein anderes We=
1762 1284 2047 1368 Bahlergebnis
2232 1321 3784 1384 ller Parteien, und es geht nicht an, daß Anhänger der Mehrheit ger
466 1330 1774 1414 möglich halten. (Sehr richtig! bei der Mehrheit. —
1758 1313 2127 1430 — Zuruf rechts
3935 1338 5529 1405 igenen Ausschuß des Reichstags. Von den Abgg. Giebel (Soz
2232 1363 3847 1439 werden durch fortgesetzte Schimpfereien auf die Reichstagsmehrheit
3922 1389 5533 1456 und Giesberts (Zentr.) war der Antrag gestellt worden, daß
466 1384 2118 1468 Abwarten!) Das deutsche Volk, das eine so ungeheure Kraft in
3918 1418 5521 1498 ###orschlags= und Kandidatenlisten von den wirtschaftlichen Organi
2169 1418 3838 1489 Uns läßt dieses Geschimpfe ja kalt. Aber der einfache Mann draußen
1200 1456 3612 1527 at das Recht, die Dinge nüchtern und I dem seine Partei alles ist, fühlt sich gekränkt und verletzt,
466 1439 1179 1523 diesem Kriege gezeigt hat,
3595 1472 3834 1535 zumal e
3885 1485 5521 1544 sationen der Arbeitgeber und Arbeiter eingefordert werden sollen
466 1489 2127 1569 mit klaren Augen zu sehen. Wenn dieses starke Volk bei nüchterne###
2987 1531 3759 1598 Erbitterung und Aer
2169 1523 3004 1602 nicht erwidern darf. Du bleibt
3893 1535 5533 1594 Die Regierung stimmte dem Grundgedanken des Antrages zu, hatte
466 1548 2098 1623 Prüfung zu dem Ergebnis kommt, ein baldiger Frieden wäre
2177 1573 3654 1665 zurück, und bas tut nicht gut. (Zustimmung b. d. Mehrheit.
3964 1582 5533 1682 ser formelle Bedenken. Die Beratung kam noch nicht zum Ab¬
457 1598 2098 1674 wohl für Deutschland wie für Europa gut und notwendig, dan
2676 1628 3658 1703 schrift der sechs Verbände bei den Solda
2186 1632 2643 1716 1915 hat die Den
466 1644 2118 1728 darf dieses Volk seinen Friedenswillen äußern. (Sehr wahr! links
2186 1678 2895 1762 heerend gewirkt. Der einfas
2932 1691 3834 1766 Mann lehnt es ab, sein Blut z
3989 1665 5529 1783 Das Gesetz über die Vereinfachung der Rechtspflege wurde
466 1699 1783 1766 Es spricht dabei nicht zu den feindlichen Re
1825 1712 2118 1795 erungen
2169 1745 3847 1816 opfern für irgendwelche großindustriellen Interessen. „Die dahein
3994 1754 5542 1821 dem dafür eingesetzten Reichstagsausschuß in veränderter
1540 1749 2114 1837 in, es spricht zu de
449 1749 1422 1829 denn die scheinen unbelehrbar
1410 1766 3851 1871 Zustimmung bei der Mehrheit.) am warmem Ofen haben gut reden“, so denkt der einfache Soldat
3893 1762 4463 1913 Fassung angenommen.
508 1808 1397 1863 feindlichen Völkern. (Lebh.
2177 1850 3339 1921 und lehnt die Eroberungsziele der Heimat ab.
508 1863 1397 1921 auch dort sind Kriegshetzer an.
1384 1858 1976 1930 der Arbeit, und das
466 1913 1976 1980 Volk weiß, daß der Appell an die feindlichen Völker seine
1963 1930 2127 1993 Wir
2240 1892 3801 2005 Die überwältigende Mehrheit der Armee ist gegen
466 1959 2118 2030 kung nicht von heute auf morgen tun wird. Aber
4052 1850 5374 2056 Die Wahlreform in Preußen.
2572 1984 3469 2077 überspannte Eroberungspläne.
461 2014 2127 2089 müßte von Volk zu Volk gesprochen werden. un
2181 2005 3847 2165 Das Kriegsministerium hat Leitsätze für die Aufklärungsarbeit her
487 2060 2139 2144 wir sind überzeugt, die Weltgeschichte wird lehren, daß die
3893 2039 5533 2156 Die Verabschiedung der Vorlagen nicht vor April 1918
1741 2102 3700 2181 und verständig ausgegeben. Ihre Ausführung wird in jeder Kompagnie
491 2110 1754 2181 Sprache der Reichstagsmehrheit notwendig, gut
3910 2131 5546 2219 Der preußische Landtag, der am 16. Oktober seine Ar¬
2177 2169 3851 2228 Hände eines Obmannes gelegt. Das ist eine ganz gefährliche Methode
461 2173 2139 2269 war. (Beifall bei der Mehrheit.) Wir verlangen von der
2177 2215 3838 2303 Denken Sie nur daran, was ein alldeutscher Obmann machen wir
3893 2202 5529 2286 beiten wieder aufnimmt, wird an diesem Tage die mit Spannun-
461 2219 1946 2328 Regierung und insbesondere vom Reichskanzler
3289 2261 3838 2341 den Feind wecken
2186 2278 3218 2349 Diese Obmänner sollen den Haß geg
3885 2257 5542 2337 erwartete Wahlrechtsvorlage noch nicht vorfinden
3289 2303 3851 2391 Welchen Eindruck muß
2186 2328 3054 2391 selbst in den Lazaretten soll das
772 2295 1858 2416 rücksichtslose Offenheit und Klarheit.
3893 2328 5546 2391 Wie eine Nachrichtenstelle aus parlamentarischen Kreisen erfährt, wird
3159 2362 3776 2454 ein junger Offizier, der
2177 2374 3058 2450 es auf die Verwundeten machen,
3893 2387 5554 2458 diese erst etwa am 25. Oktober dem Landtage unterbreitet
461 2383 1561 2488 Wie steht der Reichskanzler zu diese
2177 2429 3776 2513 gar nicht draußen war, ihnen, die alles mitgemacht haben,
1548 2391 2118 2509 reiben, das sie
3893 2450 5554 2513 werden und nicht nur das allgemeine, gleiche, geheime und direkte
3117 2462 3805 2551 (Sehr gut! links.) Schleg.)
470 2479 1561 2546 doch auch gegen die Regierung richtet
1548 2450 2127 2559 Sehr gut! links
2177 2492 3129 2542 gegen den Feind beibringen will.
3889 2500 5546 2567 Wahlrecht bringen, sondern auch eine Neueinteilung der
457 2521 612 2588 Die
642 2509 2127 2613 Vaterlandspartei will nach ihrem Aufruf die Regierun
2177 2521 3390 2597 icturen werden zu Mißbräuchen ihrer Vorge
3671 2567 5542 2647 en Volk. Wahlkreise. Umfangreiche Vorarbeiten haben die Einbringung
591 2580 2144 2651 en und ihr Rückhalt sein für eine kraftvolle Politik
2186 2584 3683 2651 angereizt. Wir verlangen auch Achtung vor dem deutschen
3893 2618 5558 2693 der Wahlreform bisher verzögert. Mit dieser Neugestaltung der
545 2634 2139 2697 Will die Regierung diese Unterstützung annehmen? Legt sie Wer
2190 2634 3599 2723 Das Kriegspresseamt hat Tausende von Le
2509 2693 3285 2752 für „Aufklärung“ im Lande
2186 2689 2483 2760 auftragt
3268 2681 3469 2752 zu sorg
487 2672 2131 2752 auf diese Schutztruppe? Ist diese Unterstützung überhaupt erbeten
3906 2685 5558 2748 Wahlrechtsbestimmungen für die zweite Kammer soll eine Reform
3268 2718 3843 2790 ein Aufklärungs
491 2735 2123 2798 worden? Oder will sich etwa die Regierung auf den gefährliche
2186 2731 3209 2798 wart des kommandierenden Generals hat
3906 2739 5537 2802 des Herrenhauses verbunden werden. Der Entwurf dieser Vor
3008 2781 3507 2865 auf einer Hindenbur
3536 2777 3767 2857 =Feier geg
482 2790 2051 2857 Boden stellen, dem Ausland gegenüber eine andere Pol
2324 2790 3020 2861 ptmann in Altona an-
3885 2798 5558 2865 lage muß zunächst dem preußischen Abgeordnetenhause zugehen, wo er
3536 2823 3767 2907 Sparfans
2790 2823 3427 2911 des Krieges sei die enghe
1519 2836 2047 2916 (ut! lints.) Eine dera
495 2844 1070 2916 zu treiben als im
2320 2836 2676 2911 der langen Dat
1099 2836 1397 2928 anland? (So
3897 2857 5542 2916 — vielleicht mit einigen Abänderungen — eine Mehrheit finden wird
1099 2882 1393 2966 terer Notwerke
1519 2869 2060 2966 eit Schiffbruch lei¬
478 2882 990 2953 Politik müßte mit
2790 2882 3197 2957 Nicht des Reichstags
3570 2886 3776 2949 rt, hört!
2332 2886 2651 2966 kleinliche Par
470 2932 994 3008 (Sehr wahr! links.)
3570 2932 3780 3012 hauptune
3893 2907 5546 2974 Der Reichskanzler wird in seiner Eigenschaft als preußi¬
1032 2924 2060 3012 Nicht nur der Reichstag, sondern auch die
2332 2932 3197 2999 Mehrheit.) Wie kommt der Mann
2186 2886 2353 3020 der
3239 2928 3847 3062 solchen ist ein fort
2177 2970 3255 3075 Kein General hat ihn zurecht gewiesen.?
3906 2966 5529 3037 scher Ministerpräsident diese beiden Vorlagen selbst ein
491 2995 2026 3058 gierung in Uebereinstimmung mit der Obersten Heeresleitung
3432 3037 5546 3104 zu Reden für die bringen. Die erste Lesung, für dre man etwa fünf Tage rechnet
1191 3104 2093 3159 st, dann stehen wir vor einem vollenden
2559 3029 3444 3121 ner Abgeordneter, der sich zu
2186 3037 2572 3117 schrittliche
466 3041 680 3108 ihre Fr
667 3050 2026 3113 riedensbereitschaft erklärt. Wenn sie gleichwohl die allde
3222 3062 3868 3176 von einem ostpreußischen
2299 3100 3239 3176 egsanleihe bereit erklärt hatte, v
3906 3083 5542 3155 soll bereits in den letzten Tagen des Oktober stattfinden
482 3100 1170 3171 Werbetätigkeit im Heer zulä
2299 3150 3427 3230 drat abgelehnt worden. (Hört, hi
3478 3125 3830 3230 links.)
1187 3155 2114 3213 teung heute lösen muß. (Lebh. Zustg. b.
3910 3138 5563 3213 nachdem die Fraktionen sich mit den Gesetzentwürfen beschäftigt haben.
3478 3192 3729 3276 le même avait été
2953 3184 3390 3280 etzt nicht mehr
2274 3201 2634 3280 rlin kann
3906 3197 5558 3264 Darauf folgt die Beratung in einem besonderen Wahlreform¬
3016 3234 3398 3331 man von
3499 3230 3725 3327 teutschen
1741 3247 2542 3335 schaffen, mit schaft setzen
470 3213 1754 3331 landspartei eine Art Refervetruppe
3897 3251 5558 3322 Ausschuß, in dem alle Parteien vertreten sein werden. Diese Aus¬
3184 3255 3817 3385 st großzügig organisie
2819 3293 3197 3369 Aufklärung ist
2525 3272 2836 3369 rd. Die A
466 3301 2131 3373 der sie unter Umständen doch noch gegen die Reichstags
3184 3327 5558 3402 zu einem nationalliberaten schußberatungen werden — so glaubt man — erst im Januar des
2811 3339 3197 3419 Das alles?"
466 3356 2144 3423 mehrheit vorgehen kann? Oder gibt es schließlich im Heer
3906 3364 5558 3448 neuen Jahres ihren Abschluß finden. Dann könnte die zweite Lesung
2177 3406 3851 3478 Journalisten hat jüngst der Inhaber eines großen Berliner Gast
478 3402 1053 3478 vielleicht einige obere
1040 3411 2118 3482 Stellen, die unter vollständiger Verkennung d
3906 3427 5563 3503 in der Vollversammlung erfolgen. Man rechnet dafür etwa acht Tage
2177 3448 3859 3515 hauses gesagt, er solle vorsichtig mit seinen Aeußerungen sein, e
466 3473 2118 3524 Pychologie des Soldaten und unseres Volkes glauben, daß mit al
3897 3490 5554 3562 und für die anschließende dritte Lesung noch drei Tage. Dann
2387 3511 2903 3578 zu unangenehmen
2890 3499 3851 3566 Folgen kommen, wir hätten in
453 3515 2118 3574 deutschen Kraftworten am besten die Stimmung aufrecht erhalte
2173 3515 2404 3574 könnte
2395 3557 3859 3645 n jetzt Zustände, die der Camorra ähnelten
461 3566 2135 3633 werden kann? Die Abgeordneten, die von der Front zurückgekehr
3897 3545 5563 3616 erst müßte die Vorlage noch an das Herrenhaus gehen, was
2177 3562 2408 3629 Berli
3906 3604 5558 3675 im April oder Mai nächsten Jahres geschehen dürfte
2190 3612 3067 3700 (Hört, hört! links und Bewegung.)
478 3620 2152 3687 sind, haben uns ja heitere Dinge erzählt. (Hört! hört!) Einzelne
461 3666 1233 3746 Generale haben die St
3910 3658 5554 3734 Dort ist ihr Schicksal noch ungewiß, da, wie gesagt, in einer Neben
1217 3683 2135 3759 timmung ihrer Leute gan
2437 3650 3629 3776 Wer ist für diese Dinge verantwortlich?
466 3725 2144 3784 falsch beurteilt. Sobald die Soldaten mit den Abgeordneten
3906 3725 5558 3792 vorlage die völlige Umgestaltung des Herrenhauses beantragt werden
2177 3729 3771 3843 Wer ist so erbärmlich und so kleinlich, durch bezahlte A
466 3776 2026 3847 allein waren, haben sie erklärt, sie dächten gar nicht daran, daß
3914 3784 5567 3847 soll und letztere in diesen Kreisen begreiflicherweise nicht viele
2190 3822 3759 3885 ten solche Gegensätze im Volke zu entfesseln. Wenn
466 3830 1733 3939 recht zu erhalten, was sie in Anwesenheit
1720 3834 2030 3922 der Gene
3914 3830 5567 3906 Freunde hat. Man hofft allerdings, daß die Widerstände nicht un
1720 3843 3864 3943 Mehrheit.) Wir Regierung diese Zustände beseitigen will, sie wird schwer kämpfen
524 3872 1368 3960 sagt hätten: (Lebh. Hört!
3910 3893 5563 3968 überwindlich sein werden, da in das Herrenhaus jederzeit mit der
524 3914 1217 3985 rauchen Einheit;
1414 3885 1938 4006 Reichspoliti
1200 3935 1376 3994 n d
2542 3922 3809 3985 starke Mächte stehen hinter dies
2311 3931 2509 3998 en, der
3910 3952 5563 4010 Ernennung neuer Mitglieder durch den König ein reformfreund
461 3977 1493 4040 Politik widerspruchsvoller Gedanken
3482 3956 3692 4040 das die nur
1661 3985 1930 4044 ar imm
2815 3977 3092 4040 ger der alte
3897 3994 5563 4069 licher Zug gebracht werden kann. Auf keinen Fall darf vo
470 4002 1913 4094 möglich. Darüber möge sich der Reichskaus,
2840 4023 3004 4124 kalen
3486 4019 3700 4166 bergebr ant.
3906 4052 5575 4119 April 1918 eine Verabschiedung der Wahlreform
2647 4027 2836 4170 gehaben
3394 4119 3704 4212 lassen, es kan
1535 4082 1913 4140 Eindruck. als
1099 4073 1368 4145 manchmal
3994 4111 4807 4199 durch die gesetgebenden Ärz.
4887 4107 5479 4203 perschaften erwar¬
2932 4140 3411 4203 es auf dem Gewit
3163 4187 3776 4254 keres Volk als das deut
2202 4187 2848 4262 jammern. Es gibt kein
2932 4191 3150 4262 edfertig
466 3989 1980 4317 ge gibt ein Ras von ärugbett, das in ita
3528 4233 3822 4296 im Ausland
482 4250 1980 4308 scheitern muß. (Sehr richtig! links.) Wenn man in
2597 4241 2848 4317 Beschauung
3155 4241 3402 4304 an über 1
2223 4245 2517 4317 und welche
2223 4300 2517 4363 Aur das 7.
2504 4258 3276 4371 wole und leichtfertige Geschäft=
3989 4254 5563 4346 Von verschiedenen Seiten wird zugleich mit der großen Wahl¬
3390 4279 3876 4363 atz der Alldentschen
482 4304 2139 4367 will. dann verdirbt man alles. Daran mag der Reichs¬
2198 4342 3696 4430 ist daran schuld. (Sehr wahrl links.) 1914 haben sie de
3906 4304 5563 4405 reform auch eine Abschaffung des Dreiklassenwahl
478 4350 2110 4417 kanzler steis denken. Auch mit ihm werden die Alldeutschen nie
3914 4392 5588 4476 systems bei den Gemeindewahlen in Preußen gefordert.
478 4409 2110 4476 mehr lange zufrieden sein, denn es gibt keinen Kanzler, der es diese
2244 4405 3834 4518 Eintritt Englands in den Krieg als politischen Gewinn
3897 4463 5571 4547 Wie eine Nachrichtenstelle hört, verschließt man sich bei den maß¬
478 4463 2160 4526 Herren recht machen kann. Ich hätte gewünscht, daß nicht
2911 4484 3180 4573 begrüßt,
491 4510 2148 4577 Dr. Michaelis Reichskanzler geworden wäre (Viel
3922 4514 5575 4585 gebenden Stellen nicht der Ansicht, daß auch hier eine Reform an¬
508 4568 1183 4656 faches Sehr richtig
1170 4564 2144 4631 gl), sondern ein stockkonser
2202 4539 5575 4648 „zumal er uns militärisch gar nicht weiter belastet“. gebracht sei; die Regierung beabsichtigt jedoch, erst=dem neuen, auf
1170 4606 2139 4682 ein Anhänger alldeutscher Ge
491 4623 1183 4698 vativer Mann, ein
2202 4635 3868 4703 (Lachen links.) Leute mit solchen falschen Anschau
3922 4635 5584 4698 Grund des gleichen Wahlrechts zusammengesetzten Landtag eine
466 4665 2144 4740 danken. Vielleicht hätte uns das am schnellsten die politische Ge¬
2202 4686 3868 4749 ungen sollten sich still in ihr Kämmerlein ver
3914 4682 5575 4774 diesbezügliche Vorlage zugehen zu lassen, über deren genauen In¬
491 4719 2144 4782 sundung gebracht, denn auch dieser Kanzler hätte mit Wasser kochen
2202 4736 3864 4807 kriechen. Von der Reichsregierung verlangen wir ein
3910 4749 4745 4833 halt bisher noch nichts verlautet.
491 4770 2165 4854 müssen. (Sehr richtig! b. d. Mehrheit.) Auch er hätte die Neu¬
2211 4786 3864 4849 klare und eindeutige Stellungnahme. Entweder wir
5235 4753 5571 4862 G.C.H.F.P
571 4820 1795 4904 dientierung machen müssen, denn sie ist unvermeid
2211 4833 3880 4904 treiben eine Politik ehrlichen Friedenswillens oder eine solche all¬
571 4841 2160 4942 Wir wenden uns gegen die alldeutsche Werbetätigkeit im Heere
2211 4891 3876 4954 deutscher Maßlosigkeit. Wir wollen gewiß keine Friedhofsruhe
4426 4854 5089 5026 Groß-Berlin.
470 4917 2165 4992 auch deshalb, weil wir gerade jetzt dringend Einigkeit brauchen.
2198 4946 3876 5013 Meinungsverschiedenheiten müssen bestehen auch über Deutschlands
1258 4988 2160 5042 kommenstehen. Es gibt keine
478 4979 1124 5042 Wir müssen alle
2202 4996 3876 5068 Zukunft. Aber über alle Meinungsverschiedenheiten hinweg dürfen
4107 4975 5403 5135 Die Konstituierung des Bürgerausschusses.
1112 5038 3872 5114 nach eine Vaterlandspartei wäre. wir niemals vergessen, daß der gemeinsame Feind draußen steht
495 5034 998 5126 Kartei, die nicht
491 5068 998 5156 Wir wenden uns de
1032 5051 1833 5143 gen, daß die alte vergiftende Ma¬
1821 5084 2102 5160 ethode aus
2202 5105 3146 5193 (Stürmischer Beifall b. d. Mehrheit.)
3968 5089 5579 5202 Der Bürgerausschuß Groß=Berlin hat sich vorgestern im
495 5122 1833 5244 Zeit vor dem Kriege jetzt wieder mitten durch unser An¬
1821 5130 2102 5214 soll geht. Y
2269 5151 3381 5244 Vizepräsident Dove teilt mit, daß folgender
3910 5160 5575 5282 Schöneberger Rathaus unter dem Vorsitz des Oberbürger¬
495 5172 2148 5248 oft hörte man früher das Wort von den „vaterlandsloser
2483 5206 3595 5332 Antrag der Unabhängigen Sozialisten
482 5244 2144 5302 Gesellen“. Wir wären zugrundegegangen, wenn es wirklich
3910 5235 5563 5315 meisters Dominicus konstituiert. Die Leitsätze des neugebil
491 5294 2609 5403 vaterlandslose Gesellen gewesen wären. (Sehr wahr! links.) Von eingegangen ist:
3914 5302 5575 5374 deten Ausschusses stellen, wie erinnerlich, die starken Gemein¬
491 5349 2148 5412 uns und vom Zentrum hat man als von „Reichsfeinden“ ge¬
3927 5357 5546 5428 schaftsinteressen der Groß=Berliner Gemeinden fest, weisen an¬
2832 5340 3679 5445 g der den Gegenstand der
3662 5349 3859 5445 Inter
2261 5365 2844 5462 „Die Behandlung
512 5403 2165 5462 sprochen. Als dann der August 1914 kam, da standen alle wie ein
3922 5407 5575 5483 die Unzulänglichkeit des Zweckverbandes hin und wünschen
2832 5412 3671 5500 den Angelegenheit dur
3658 5420 3868 5491 :ch der
508 5437 2118 5516 Mann für unser Volk und unsere Zukunft auf! Wie unsagbar traur
2551 5470 5575 5592 zler entspricht nicht der Auffassung des eine Form für die Gemeindeverfassung von Groß=Berlin, die
491 5500 2114 5563 wir armselig ist es, wenn jetzt, wo draußen Soldaten aller Partei
2211 5290 2584 5613 Reichstag
3914 5533 5571 5600 die Befriedigung der Gemeinschaftsinteressen voranstellt, vor
482 5550 2035 5625 gemeinsam kämpfen, der eine behauptet, sein Vaterland meh=
2253 5546 3784 5672 Abg. Werner=Gießen (D. Fr.): Die Volksbewegung, die hi
3927 5588 5571 5663 allem die Schaffung einer auf unmittelbarer Wahl der Groß¬
1242 5609 2035 5680 Sehr richtig! links.) Die Vater
482 5605 1254 5684 zu haben als der andere. (
2211 5630 3788 5718 der Vaterlandspartei steht, will man als alldeutsch bloßstellen.
3935 5642 5588 5714 Berinner Bürgerschaft beruhenden Gesamtgemeinde¬
482 5663 1435 5739 partei aber glaubt, von der Mehr
1422 5667 2160 5743 heit als von Landesverrätern
2211 5701 3868 5772 Alldeutsche Verband aber hat durch den Krieg eine Rechtfertigun
3922 5705 5575 5768 verwaltung, jedoch unter Wahrung der Einzelver¬
482 5714 2177 5781 von bewußten oder unbewußten Agenten des Feindes sprechen
2211 5764 3809 5814 seiner Politik erfahren. Wenn von alldeutscher Seite
491 5751 2156 5831 zu können. Scheidemann soll im englischen Solde stehen
3927 5760 5567 5835 waltungen zur Erfüllung der nicht gemeinschaftlichen Auf
2211 5806 3700 5873 Kriegersehnt wurde, so deshalb, weil er zu einem
508 5818 2148 5881 so weit ist es gekommen. (Puirufe bei der Mehrheit.) Der Landtags
3922 5818 5584 5898 gaben. Nach einer langen Reihe von Zustimmungserklärungen
2207 5844 3700 5928 Zeitpunkt nicht mehr Aussicht auf Erfolg gehabt hätte.
3675 5797 3868 5915 der Alle,
1116 5873 2160 5936 ottmannsdorf) — und jetzt fängt wieder der
491 5856 1045 5944 abgeordnete Meyer,
3922 5877 5575 5949 wurden die Leitsätze und der Satzungsentwurf gebilligt. Wir
1112 5877 1930 5990 sprach vom Reichstag als eine
826 5919 1049 5986 Heiterkeit
1972 5898 3868 5999 dioten= deutsche Verband wird weiter wachsen und blühen. Die Alldeutsche
3922 5936 5584 6016 begrüßen den Bürgerausschuß, weil wir ihn als ein taugliches
944 5965 1930 6041 In der Politik gibt es keine absoluten
1976 5974 2156 6041 dergleich geschiedenenen.
2202 5965 3868 6032 haben keineswegs Amerita in den Krieg hineingetrieben. Wilso
3922 5990 5575 6070 Mittel ansehen, die Groß=Berliner Interessen gegenüber einer
503 6016 1569 6079 sonst müßten alle gescheiten Leute bei der
1556 6016 3864 6079 einen und alle dummen, beteiligte sich am Krieg, weil Amerika der Entente schon zu viel Gel
2202 6070 3880 6150 geliehen hatte und es nicht verlieren wollte. Das wiederholte Be
3927 6058 5571 6133 zögernden und unfreundlichen Bureaukratie mit Nachdruck zu
491 6066 1691 6150 Leute bei der anderen Partei sein. (Heiterkeit.)
2211 6121 3889 6188 tonen der Friedenssehnsucht hat uns gar nichts genützt. Die All¬
3922 6116 5596 6209 vertreten, und weil wir von seiner Tätigkeit eine Verwirklichung
2202 6188 5282 6246 deutschen haben den Sansibarvertrag nicht bekämpft, weil der Lebensnotwendigkeiten Groß=Berlins erhoffen.
873 6150 1821 6263 Die Gescheiten und die Dummen
2215 6225 3876 6297 sie Helgeland nicht haben wollten, sondern weil ihnen der Kaufprei
491 6234 1099 6343 vertellen sich so ziemlich
1087 6238 2156 6339 ch gleichmäßig auf alle Parteien. (Heiterkeit.
2408 6284 3872 6381 zu hoch war. Das „Berliner Tageblatt“, die „Frankfurte
2207 6284 2421 6364 dafür d
491 6313 1099 6414 Aber xxxs habe ich imm
1087 6313 2160 6414 ner gefunden: es sind immer die dummer
2408 6339 3876 6393 1° und andere Weisen aus dem Morgenland treiben ein
881 6351 2421 6473 jeder Partei, die glauben, die Esel | Zeitung
4153 6313 5365 6448 Die neuen Eisenbahnfahrpreise.
2211 6385 3885 6452 Politik, die dem deutschen Wesen fremd ist. Bei einem Frieden nach
487 6372 894 6473 Kerle in
881 6414 2085 6515 der anderen. (Heiterkeit und
2202 6439 3872 6506 ihrem Sinne müßte das deutsche Volk ewig im Schatten des engli
3994 6406 5596 6506 Die Vorverhandlungen über die bereits angekündigte Er¬
495 6427 860 6511 wären bey
495 6485 2085 6544 stimmung). Auch ein Mitglied des Reichstags, der
2215 6477 3885 6561 schen Kolosses vegetieren. Mit Hindenburg im Felde und mit Tirpitz
3935 6485 5588 6574 höhung der Personentarife, die auf den preußischen und in der Folge
503 6540 2148 6620 Rogallav. Bieberstein hat von einer Befreiung unseres Volke
2219 6557 3851 6620 in der Heimat werden wir den Sieg erringen, den wir brauchen.
3935 6565 5596 6628 auch auf den bundesstaatlichen Eisenbahnen vom nächsten Jahr ab
503 6595 2148 6662 „von dem gefährlichen inneren Feind“ gesprochen. Ist das etwa all=
2286 6582 3885 6670 Präsident Dr. Kaempf teilt mit, daß eine Resolution de
3935 6607 5596 6678 Platz greifen wird, sind nunmehr abgeschlossen. Wie wir hören
482 6649 2160 6716 nicht Parteipolitik. mit der doch die Vaterlandspartei angeblich nicht
2232 6645 3885 6716 Zeutrums über den gewerblichen Mittelstand eingegangen ist
3935 6670 5600 6737 steyt die Bekanntgabe der neuen Tarife — es haudelt sich um eine
877 6704 2156 6771 Herr v. Bieberstein hat sich auch gegen die „demokratisch
491 6704 835 6775 zu tun hat?
2215 6720 3880 6813 Ferner liegt ein Vertagungsantrag vor, der von sämtlicher
839 6716 1183 6821 „der Reich=
642 6754 839 6825 eblajenh=
3935 6729 5420 6817 voraussichtlich beträchtliche Erhöhung — nahe bevor.
2295 6758 3620 6834 arteien außer den Konservativen unterzeichnet ist.
1170 6746 2131 6842 stagsmehrheit gewendet. Ein naiver G,
2295 6775 3893 6880 Abg. Graf Westarp widerspricht der Vertagung
482 6808 1183 6888 danke, daß nach diesem Krie¬
1170 6783 2131 6871 age im Innern nichts geändert würde.
2215 6846 3897 6930 Sie stimmt mit den Abmachungen des Aeltestenausschusses nicht
503 6855 2177 6926 können noch eine Vaterlandspartei gründen, die nächste Zeit
747 6918 2160 6997 mokratischer sein als die Zeit vor dem Kriege. (Leb
2219 6926 3876 6997 überein. Wie sich jetzt die Lage gestaltet hat, sollte man die Ding
4560 6859 4942 6993 Schach.
503 6909 759 6985 wird de
1158 6960 2026 7048 Mehrheit.) Eine Regierung, die ver=
2211 6964 3880 7056 nicht unerledigt ins Land hinausgehen lassen. Es sind nur noch
491 6976 1170 7052 hafte Zustimmung bei der
4409 6955 5080 7073 Redigiert von J. Mieses
591 7027 2173 7094 sirde, sich dieser Entwicklung entgegenzustellen, würde über der
2261 7014 3914 7119 zwei Redner gemeldet, die Aussprache kann also zu Ende geführt
1997 7069 2177 7190 Wievi,
4329 7039 5189 7161 Lösung der Aufgabe Nr. 167.
587 7060 2018 7144 aufen gerannt werden. (Sehr richtig! links.) Eine klug
2261 7090 2450 7165 werden.
516 7127 2022 7211 gierung würde die Führung übernehmen.
4413 7111 4644 7215 Lf2—d4
4828 7094 5479 7262 2. Sc8—e7t usw. Tp7Xe4
2286 7102 3906 7245 Die Vertagung wird gegen die Stimmen der Kon¬
4203 7132 4438 7253 Lest usw.
814 7173 1590 7253 es gewesen, wenn die O
1577 7169 2098 7262 sterootschaft bei Kri
503 7182 826 7257 besser wäre
2215 7178 2949 7287 servativen beschlossen.
508 7232 1116 7312 beginn gekommen wäre.
1095 7232 2169 7308 (Sehr richtig! links.) Wir wenden uns
4401 7207 4635 7320 Tg7—d7
5261 7220 5479 7324 Lf2 — c5
2341 7220 3893 7320 erfönlich stellt Abg. Landsberg (Soz.) gegenüber dem Staats
4140 7241 4405 7371 -f6i uswä-
747 7295 2156 7371 gen die alldeutsche Werbetätigkeit im Heer, weil wir kein
4841 7249 5277 7362 2. Dg3—d6f usw.
495 7291 763 7362 weiter ge=
2337 7299 3910 7371 tär Dr. Helfferich fest, daß Beitrittserklärungen
520 7337 2047 7413 jalschen Hoffnungen entstehen lassen wo
2865 7354 3885 7442 in Potsdam im lgl. Recierungs
4149 7320 5382 7434 Im übrigen droht sowohl 2. Dg3—d67, wie Sg4—f67.
2219 7366 2886 7434 für die Vaterlandspartei
2869 7362 3893 7501 entgegengenommen werden. (Lebhafte
2215 7396 2886 7517 gebäude Zimmer 22
495 7400 1972 7463 Fürst Salm hat im August 1914 gesagt, in wenig
4526 7392 4740 7505 vorzück zu erhalten.
4912 7396 5546 7492 Dieser Lösern werden wir dara=
4044 7400 4543 7505 Eu Aufgabe Nr. 16
508 7438 1972 7501 naten würden die Feinde zerschmettert an
4371 7455 4552 7534 cht, da
4522 7459 4740 7530 Das diese
4912 7471 5546 7538 ehe Problem leider folgen
2290 7467 2509 7543 hört, hört
4044 7475 4258 7538 merksam
2290 7475 3885 7601 Der Präsident beraumt die nächste Sitzung an für Montag
579 7496 2173 7568 regen. Wie kann ein überlegter Mann so etwas sagen! Es ist ein
4363 7509 5563 7610 est: 1. St7, e5 2. Tal, Ke2: 3. Se3;, Ke3 4. Tei matt.
3935 7522 4262 7610 Nebenlösung
579 7555 2160 7627 orheit, solche Behauptungen aufzustellen. Herr v. Heydebran
2219 7559 3885 7639 12 Uhr: Ergänzungsgesetz über die Privatversicherung=Unter
4447 7564 5135 7656 Schachbriefwechsel.
1271 7589 1825 7660 t. Im Heer wird die
508 7589 1284 7673 hat ähnlich prophezeit
1988 7597 2160 7677 „Deutsch
1993 7635 3897 7715 Weshalb nehmungen, Aenderung des Reichsstempelgesetzes, Fortsetzung
1510 7635 1842 7723 Verlag verbr
503 7639 1527 7715 lands Zukunft“ aus dem Lehmannschen
3989 7614 4493 7723 J. S. in Cholm. Ihr
4644 7647 5101 7719 tiger ist korrekt und
5357 7627 5588 7719 construiert
1116 7685 3880 7769 ungeheuerliche Nachwert? Nach der heutigen Aussprache, Interpellation über das Ver¬
4224 7694 4409 7769 Siehhalt.
4858 7694 5097 7761 in Stegli
5399 7702 5584 7752 an recht.
524 7706 1128 7773 gerade ausgesucht dieses
4547 7698 5172 7828 muss nach 1. Kf2. Kes 2.
508 7748 1133 7824 dieser Schrift hat Groß=
1116 7710 3230 7849 xxmiral v. Tirpitz erklärt, sechs Konate einsrecht. Zentrumsinterpellation überall.
3369 7719 3595 7799 den Mitte
4195 7740 4413 7794 tung von I
3952 7773 4417 7903 wie irrtümlich an
4396 7748 4724 7908 repen) folgen.
5391 7744 5600 7828 nicht be
3369 7773 3604 7882 G.C.F.P.
512 7794 3016 7908 nach Beginn des rücksichtslosen U. Boot=Krieges würde England / tragsetat, Besoldungsordnung.
