3480 4280
2795 286 2930 451 16
806 432 2837 655 dem satan und so weiter nichts mehr zu
814 655 1351 787 tun haben.
1343 737 2930 935 Nun erfolgt auf bekannte Weise
872 924 2947 1103 das Abholen des Fliederbusch durch Egon
825 1065 2949 1227 Satan, die Entdeckung der Identität durch
825 1183 2996 1384 den Eintritt Kajetans und die Abfahrt der
834 1392 3015 1585 Fürstin mit dem Grafen auf den Duellplatz.
1362 1521 2947 1687 Im fünften Akt,auf dem Duell¬
1414 1654 2063 1761 Fliederbusch
836 1681 2960 1863 platz, ahnt Fink anfangs nicht, dass auch
836 1863 2941 2019 Abendstern und Obendorfer kommen werden,
847 1978 2809 2173 denen er ja seine Abreise oder seinen
856 2157 2911 2352 selbstmord gemeldet hat.Es wäre doch das
853 2333 2773 2490 Beste,wenn er konsequent vom zweiten
2248 2399 2693 2498 tick =
853 2449 3046 2630 bis zum tierten Akt zur Fliederbuschrolle
867 2605 2982 2806 entschlossen wäre und erst jetzt im fünf
875 2787 2916 2936 ten zuerst durch die äussere Constella-
878 2936 2782 3101 tion und dann durch Einsicht für ihn
872 3095 2823 3244 die äussere und innere Lösung käme.Er
861 3227 3048 3417 fühlt am Ende, wo er hingehört.Die Fürstin
875 3384 2944 3546 ist hergekommen,um ihn fallen zu sehen.
861 3535 3079 3731 Durch Kausik wird auch Fanny hiehergeführt.
