3288 4008
1543 472 1682 570 124
890 518 2400 648 Lager des Herrn Fliederbusch — als Meister Ihres
882 642 1545 749 Metiers gezeigt hätten.
947 720 2358 817 Graf:—In gesellschaftlichem Sinne sozusagen
893 823 2414 907 nicht im moralischen. Heute wenigstens... Wovon
893 903 2421 991 aber wahrscheinlich nur mein Mangel — an politischem
890 968 2358 1078 Training schuld ist... Mit der Zeit... Wer weiß
956 1063 2416 1170 Fliederbusch: So muten Sie mir also allen Ernstes
905 1154 2341 1274 zu, daß ich Ihre Rede nicht als den Ausdruck einer
899 1257 2421 1347 vielleicht etwas extremen Parteiansicht — als Bekennt¬
1806 1324 2429 1444 eine Art von Fechter=
899 1349 1777 1444 nis — sondern daß ich es als —
903 1436 1495 1537 kunststück betrachte?
968 1488 2435 1596 Graf (zuerst etwas betroffen, dann leicht): Muß das in
932 1596 2042 1711 jedem Fall — was Geringeres sein —?
983 1671 2435 1787 Fliederbusch: Das vielleicht nicht; — aber es ist
920 1783 2450 1876 doch in jedem Fall etwas — durchaus andres — Herr
926 1884 1229 1974 Graf, und.
987 1937 2440 2035 Graf: Und wenn Sie meinen Standpunkt früher
920 2048 2435 2143 gekannt hatten — meinen Sie, — so hätten Sie wahr-
928 2113 2444 2238 scheinlich darauf verzichtet — Blutzeugenschaft für mich
939 2233 1349 2328 abzulegen —?
1004 2278 2448 2402 Fliederbusch (würdig): Ich weiß nun wenigstens,
935 2381 2214 2486 daß ich sie — für mich allein zu leisten habe.
989 2469 2459 2593 Graf: Immerhin — Ihr Artikel wäre unter diesen
935 2558 2450 2657 Umständen anders ausgefallen — Sie hätten ihn viel-
939 2675 1699 2768 leicht gar nicht geschrieben.
1019 2764 1694 2856 Fliederbusch: — Oh!!
1013 2817 2473 2920 Graf: Nun, sicher ist — daß er keine solchen Folgen
951 2899 2473 3058 nach sich gezogen hätte, und ich sehe immer mehr, daß
