3384 4200
2738 447 2875 725 63
664 662 2658 879 Engler, sein Sohn Egon,Freiwilliger (?)
682 773 2723 1025 Egon: Hast du schon gelesen? Unser Herr
289 862 616 982 Fortunit
226 948 636 1074 deu Burck
676 988 2878 1217 Fink wird heute im „Tagewerk“, albener Snob
687 1200 1111 1326 genannt.
670 1309 2878 1446 Engler: Geschieht ihm recht. Ich war immer
682 1420 2827 1641 gegen den scharfen Ton. Wozu brauchen wir
682 1589 2890 1758 Politik zu treiben? Ich hätte nicht nachge¬
684 1793 1297 1936 ben sollen.
682 1930 2984 2091 Egon: Unser Glück. Wir werden ein Tagesblatt
693 2019 2847 2242 ein wahrhaft reaktionäre Blatt,ein echtes
690 2208 2801 2414 Adelsblatt. Aber Fink darf sich das nicht
704 2314 2721 2575 gefallen lassen. Jetzt wirdsichsjeigen
713 2557 1501 2738 was an ihm ist.
702 2675 2809 2950 Engler: Zweifelst du? Ihr seid ja intime
704 2861 1143 3047 Freunde.
710 2912 2709 3184 Egon: Er mit mir. Uebrigens ein netter
702 3084 2930 3342 Kerl. Fabelhaftes Glück bei Frauen. Gestrn
713 3313 2932 3451 scheint es hat sich die Baronin in ihn ver
725 3442 2832 3623 schossen. Solltest du's für möglich hal-
730 3600 2890 3789 ten,während des Rennens war er mit ihr in
