3336 4008
581 407 1989 665 Im feudalen Blatt (Sportblatt)
566 593 2863 821 Redakteur Schnetder zu Fink: Haben Sie schon gele
575 773 2687 958 sen. Sie sind wieder wahns innig angegriffen.S
578 952 2660 1081 müssen den sozialdemohratischen Kerl fordern
572 1075 1935 1237 Fink: Er wird nicht annehmen.
572 1210 2977 1399 Schneider: Da lassen Sie mich dafür sorgen. Es wird
581 1369 2800 1593 auch für unser Blatt gut sein. Ich gehe für Sie
590 1530 1294 1719 hin mit Flögel.
566 1629 2938 1887 Dem Flögel vertraut sich Fink an(?) Ich selbst bin
587 1854 2980 2025 der Verfasser der soztaldemohratischen Artikel.Dort
596 1974 2716 2174 ist nämlich meine Ueberzeugung. Zwei Seelen in
581 2144 2968 2342 meiner Brust. Hier habe ich mich engagteren lassen,
587 2306 2806 2447 weil ich gut bezahlt werde, weil Ich für Eleganz
590 2417 2797 2636 etc. schwürme. Aber wenn ich diese Gemeinheiten
581 2600 2929 2779 lese halt ich’s nicht aus und schreibe gegen nich.
581 2734 2842 2962 Ob er es nicht lieber der Modeberichterstatterin
596 2926 1348 3100 erzählen sollte.
581 3028 2893 3253 Viel leicht hat er auch xxx rauen, führt überhaupt
593 3232 1953 3438 ein vollkommenes Doppelleben.
