3416 4232
2661 415 2784 580 77
197 615 646 818 25. / 11. 1913.
700 632 838 855 8.
700 783 1258 992 Funk-Egon
703 912 2867 1121 Zu Beginn der Szene ist vielleicht Wendra
723 1101 1312 1298 noch hier...
735 1258 1569 1464 Egon etwas kühl.
738 1361 2864 1601 Funk bemerkt es zuerst nicht,hat offenbar
752 1504 2930 1727 das Bedürfnis ihm sein Herz auszuschütten.
740 1690 1993 1930 Erzählt von der Baronin.
752 1801 2999 2070 Egon selbst war es, der ihn vorgestellt hat.
749 2007 2833 2216 Er scheint sich irgendwie am Ziel seiner
769 2190 1178 2353 Wünsche.
772 2318 3027 2519 Er wird verschiedene Leute aus den höchsten
763 2493 1927 2682 Kreisen kennen lernen.
778 2601 2561 2804 End ich fällt ihm Egons Kühle auf.
786 2739 2904 2956 Egon :Sie haben den Artikel im „Tagewerk'
783 2882 3085 3122 nicht gelesen? Alberner Snob sind Sie genannt
795 3065 3005 3299 Funk: Ich habe nicht die Absicht mihh darum
798 3288 1392 3448 zu kümmern.
795 3368 3045 3602 Egon: Oho! War eben in einem Kreis, (im Café)
809 3485 3059 3731 wo man ganz anders über die Sache denkt.Sie
818 3725 2024 3934 müssenden Kerl fordern.
