3528 4312
2776 349 2903 520 11
830 512 2917 714 besaffaire,was ihnentrüstet,da man eine
841 661 3036 869 so nette junge Frau nicht betrüge. Flieder-
847 855 2997 1024 busch geht. Abendstern und Obendorfer re-
852 988 2925 1182 den über ihn; dann kommen Egon Satan und
858 1168 2906 1359 Schromm. Ein blutiges Duell wird verein-
858 1342 2864 1492 bart, für morgen zwölf Uhr. Alle gehen.
1326 1458 2992 1649 Nun sehr fraglich, ob Fanny noch
863 1616 2961 1796 zurückkommen soll (sie ist, misstrauishh
863 1768 3047 1962 nicht abgereist). Bald nach ihr erscheint
877 1912 3041 2120 eventuell Kausik.Sie verlangt Aufklärung,
888 2095 3014 2275 sie vermutet ein Duell. Kausik verspricht
888 2244 3011 2444 ihr, dass er es verhindern werde. Er wird
897 2375 3111 2560 etwas zudringlich und sie weist ihn hinaus
1420 2543 3080 2726 Im vierten Akt verwacht Flieder¬
886 2654 2928 2914 busch im Park der Fürstin. Sonderbarster
897 2851 2939 3050 Traum meines Lebens. Wird sie böse sein
905 3014 2986 3196 mich noch hier zu finden? Seine Absicht
913 3180 3000 3398 war es heute Morgens wieder herzukommen
924 3332 3111 3506 und die Fürstin zu gemeinsamer Abreise zu
922 3484 3147 3664 bewegen. Zu überlegen wäre auch,ob er nicht
919 3639 3011 3891 die Nacht über hier vergeblich gewartet
