3384 4104
602 605 938 773 reist.
614 623 2861 938 Der Redakteur erklärt,dass er die Leute die
611 875 2778 1083 Treppe herunterschmeisst, die Satisfaktion
614 1077 1046 1269 fordern.
623 1158 2754 1402 Der einstige Student Huber bleibt zurück.
605 1347 1839 1549 Gespräch mit irgendwem.
605 1480 2786 1697 Der junge Engel und Graf Y. kommen,wollen
626 1593 2830 1880 den Verfasser jenes beleidigenden Artikels
623 1726 2917 2004 sprechen. Huber übernimmt die Verantwortung,
620 1906 2948 2123 wird seine beiden Sekundanten abends ins Kal¬
1529 2056 2838 2198 Hiebe erklärt: ich werde mit sprechen
628 2149 2595 2329 Seehaus schicken. — xxx
637 2207 2966 2415 Er erzählt dann irgend jemandem aus dem Blatt
605 2358 2795 2653 was sich zugetragen. (wie Fink selbst kommt zurück,
628 2557 2888 2795 3. Die Wohnung Ficks, Aermlich Seine hübsche
657 2746 2792 2945 junge Frau. Sie hat keine Ahnung von der
634 2908 2120 3082 Doppelexistenz ihres Gatten.
637 2995 2951 3267 Eventuell irgend ein Brief von einem Aristo-
640 3192 2178 3409 kraten, der sie stutzig macht.
637 3273 2902 3562 Der junge Engel und Graf Y. erscheinen. Sie
655 3516 1874 3687 haben Fink zu sprechen.
