<?xml version="1.0" encoding="UTF-8" standalone="yes"?>
<PcGts xmlns="http://schema.primaresearch.org/PAGE/gts/pagecontent/2013-07-15" xmlns:xsi="http://www.w3.org/2001/XMLSchema-instance" xsi:schemaLocation="http://schema.primaresearch.org/PAGE/gts/pagecontent/2013-07-15 http://schema.primaresearch.org/PAGE/gts/pagecontent/2013-07-15/pagecontent.xsd">
    <Metadata>
        <Creator>prov=READ-COOP:name=TrHtr:version=2.1.0:model_id=51170:date=30_07_2023_05:01</Creator>
        <Created>2023-05-10T13:29:24.526+02:00</Created>
        <LastChange>2023-07-30T05:01:39.460+02:00</LastChange>
        <TranskribusMetadata docId="1428576" pageId="55412958" pageNr="179" tsid="131483505" status="IN_PROGRESS" userId="64420" imgUrl="https://files.transkribus.eu/Get?id=UDNFKMZUHQNOPEPHCBVTARDA&amp;fileType=view" xmlUrl="https://files.transkribus.eu/Get?id=DYHLGBDLPCPRGTQUYMQPMFVJ" imageId="44687099"/>
    </Metadata>
    <Page imageFilename="1428576_0179.jpg" imageWidth="3336" imageHeight="4184">
        <ReadingOrder>
            <OrderedGroup id="ro_1711792001384" caption="Regions reading order">
                <RegionRefIndexed index="0" regionRef="tr_2"/>
                <RegionRefIndexed index="1" regionRef="tr_1"/>
            </OrderedGroup>
        </ReadingOrder>
        <TextRegion id="tr_2" custom="readingOrder {index:0;}">
            <Coords points="710,337 2957,337 2957,1696 710,1696"/>
            <TextLine id="tr_2_tl_1" custom="readingOrder {index:0;}">
                <Coords points="2503,443 2559,432 2593,435 2604,446 2638,443 2646,435 2669,438 2674,258 2641,255 2559,295 2537,289 2526,300 2509,300"/>
                <Baseline points="2518,393 2542,393 2587,390 2632,390 2676,387"/>
                <TextEquiv>
                    <Unicode>110</Unicode>
                </TextEquiv>
            </TextLine>
            <TextLine id="tr_2_tl_2" custom="readingOrder {index:1;}">
                <Coords points="707,688 2509,564 2750,629 2826,441 1636,539 716,488"/>
                <Baseline points="725,617 769,617 814,617 859,617 904,614 949,611 993,611 1038,608 1083,605 1128,605 1172,605 1217,602 1262,599 1307,599 1351,596 1396,596 1441,593 1486,593 1530,590 1575,590 1620,587 1665,584 1710,581 1754,581 1799,581 1844,578 1889,575 1933,572 1978,572 2023,570 2068,570 2112,570 2157,567 2202,564 2247,564 2291,564 2336,561 2381,561 2426,558 2471,558 2515,555 2560,552 2605,549 2650,546 2694,546 2739,546 2784,546 2829,546"/>
                <TextEquiv>
                    <Unicode>12. Wie die Herren eben fort gehen, wollen,</Unicode>
                </TextEquiv>
            </TextLine>
            <TextLine id="tr_2_tl_3" custom="readingOrder {index:2;}">
                <Coords points="696,800 2918,758 2955,572 2225,665 1757,620 1353,718 702,693"/>
                <Baseline points="713,769 719,772 763,769 808,769 853,769 898,766 943,766 987,766 1032,763 1077,760 1122,758 1166,758 1211,758 1256,755 1301,755 1345,752 1390,749 1435,746 1480,746 1524,743 1569,743 1614,743 1659,740 1704,740 1748,737 1793,734 1838,734 1883,731 1927,728 1972,725 2017,725 2062,725 2106,722 2151,722 2196,719 2241,719 2285,713 2330,713 2375,710 2420,710 2465,707 2509,707 2554,704 2599,701 2644,698 2688,695 2733,695 2778,692 2823,695 2867,692 2912,692 2957,698"/>
                <TextEquiv>
                    <Unicode>kommt Sabine zurück.Sie ist im höchste Grad</Unicode>
                </TextEquiv>
            </TextLine>
            <TextLine id="tr_2_tl_4" custom="readingOrder {index:3;}">
                <Coords points="702,957 2267,943 2402,923 2405,833 2138,766 2015,831 707,856"/>
                <Baseline points="719,922 755,925 799,925 844,922 889,922 934,919 978,919 1023,916 1068,916 1113,916 1157,910 1202,907 1247,907 1292,907 1336,904 1381,901 1426,898 1471,898 1516,898 1560,895 1605,895 1650,892 1695,892 1739,889 1784,889 1829,886 1874,883 1918,883 1963,880 2008,880 2053,877 2097,877 2142,874 2187,874 2232,868 2277,865 2321,865 2366,865 2411,862"/>
                <TextEquiv>
                    <Unicode>erstaunt, hält Silberstein zurück.</Unicode>
                </TextEquiv>
            </TextLine>
            <TextLine id="tr_2_tl_5" custom="readingOrder {index:4;}">
                <Coords points="696,1108 1490,1142 2310,1019 2537,1097 2832,1075 2837,926 1010,1010 702,957"/>
                <Baseline points="710,1080 737,1080 781,1077 826,1077 871,1074 916,1071 960,1071 1005,1068 1050,1068 1095,1065 1140,1062 1184,1065 1229,1065 1274,1059 1319,1056 1363,1056 1408,1056 1453,1056 1498,1053 1542,1050 1587,1047 1632,1044 1677,1041 1721,1041 1766,1041 1811,1038 1856,1035 1901,1035 1945,1035 1990,1032 2035,1035 2080,1032 2124,1029 2169,1023 2214,1020 2259,1020 2303,1017 2348,1017 2393,1014 2438,1011 2482,1011 2527,1008 2572,1008 2617,1008 2662,1005 2706,1002 2751,999 2796,996 2841,993"/>
                <TextEquiv>
                    <Unicode>Sabine:Was geht hier vor? Ich bin von der</Unicode>
                </TextEquiv>
            </TextLine>
            <TextLine id="tr_2_tl_6" custom="readingOrder {index:5;}">
                <Coords points="699,1260 2708,1221 2876,1204 2882,1050 702,1156"/>
                <Baseline points="713,1229 737,1229 781,1226 826,1226 871,1226 916,1223 960,1223 1005,1217 1050,1220 1095,1217 1140,1214 1184,1214 1229,1214 1274,1211 1319,1208 1363,1208 1408,1208 1453,1202 1498,1205 1542,1205 1587,1199 1632,1196 1677,1193 1721,1193 1766,1190 1811,1187 1856,1187 1901,1187 1945,1187 1990,1184 2035,1184 2080,1181 2124,1178 2169,1178 2214,1175 2259,1172 2303,1169 2348,1169 2393,1169 2438,1166 2482,1163 2527,1163 2572,1160 2617,1160 2662,1157 2706,1154 2751,1154 2796,1151 2841,1148 2885,1142"/>
                <TextEquiv>
                    <Unicode>Bahn wieder her,weil mir allerlei verdäch-</Unicode>
                </TextEquiv>
            </TextLine>
            <TextLine id="tr_2_tl_7" custom="readingOrder {index:6;}">
                <Coords points="710,1389 963,1442 1487,1369 1642,1431 2032,1428 2180,1350 2728,1389 2823,1358 2829,1215 716,1277"/>
                <Baseline points="725,1375 728,1375 772,1381 817,1381 862,1378 907,1375 951,1375 996,1375 1041,1375 1086,1375 1131,1369 1175,1366 1220,1366 1265,1363 1310,1363 1354,1363 1399,1360 1444,1357 1489,1357 1533,1354 1578,1351 1623,1351 1668,1348 1712,1348 1757,1342 1802,1342 1847,1342 1892,1339 1936,1339 1981,1336 2026,1331 2071,1331 2115,1331 2160,1328 2205,1328 2250,1322 2294,1322 2339,1322 2384,1322 2429,1319 2473,1316 2518,1316 2563,1316 2608,1310 2653,1310 2697,1307 2742,1307 2787,1304 2832,1301"/>
                <TextEquiv>
                    <Unicode>tig erschien. Er hat ein Duell? Wegen einer</Unicode>
                </TextEquiv>
            </TextLine>
            <TextLine id="tr_2_tl_8" custom="readingOrder {index:7;}">
                <Coords points="707,1566 2091,1580 2871,1476 2924,1355 713,1448"/>
                <Baseline points="725,1530 734,1530 778,1530 823,1527 868,1530 913,1530 957,1530 1002,1530 1047,1524 1092,1524 1137,1521 1181,1519 1226,1519 1271,1516 1316,1513 1360,1513 1405,1510 1450,1510 1495,1507 1539,1504 1584,1501 1629,1501 1674,1498 1718,1498 1763,1495 1808,1495 1853,1495 1898,1492 1942,1489 1987,1489 2032,1486 2077,1483 2121,1483 2166,1480 2211,1477 2256,1474 2300,1474 2345,1474 2390,1471 2435,1471 2479,1471 2524,1465 2569,1465 2614,1465 2659,1462 2703,1462 2748,1459 2793,1453 2838,1453 2882,1447 2927,1438"/>
                <TextEquiv>
                    <Unicode>Frau? Oh, ich werde ihn nicht auf den Kampf</Unicode>
                </TextEquiv>
            </TextLine>
            <TextLine id="tr_2_tl_9" custom="readingOrder {index:8;}">
                <Coords points="727,1715 777,1706 901,1745 1010,1709 1246,1740 1398,1698 1403,1614 1291,1614 1274,1594 1195,1614 1148,1577 1117,1597 1055,1577 831,1619 789,1597 730,1611"/>
                <Baseline points="746,1677 781,1686 826,1686 871,1683 916,1683 960,1680 1005,1680 1050,1677 1095,1674 1140,1671 1184,1671 1229,1668 1274,1668 1319,1668 1363,1665 1408,1668"/>
                <TextEquiv>
                    <Unicode>platz lassen.</Unicode>
                </TextEquiv>
            </TextLine>
        </TextRegion>
        <TextRegion id="tr_1" custom="readingOrder {index:1;}">
            <Coords points="358,1707 2981,1707 2981,3680 358,3680"/>
            <TextLine id="tr_1_tl_1" custom="readingOrder {index:0;}">
                <Coords points="730,1855 1021,1903 2436,1774 2882,1810 2910,1670 732,1751"/>
                <Baseline points="746,1838 763,1835 808,1835 853,1832 898,1832 943,1829 987,1826 1032,1826 1077,1826 1122,1823 1166,1823 1211,1820 1256,1817 1301,1817 1345,1814 1390,1811 1435,1811 1480,1811 1524,1808 1569,1808 1614,1808 1659,1805 1704,1802 1748,1802 1793,1799 1838,1796 1883,1793 1927,1793 1972,1787 2017,1784 2062,1784 2106,1784 2151,1781 2196,1781 2241,1781 2285,1775 2330,1775 2375,1775 2420,1772 2465,1772 2509,1775 2554,1769 2599,1766 2644,1763 2688,1760 2733,1757 2778,1757 2823,1757 2867,1757 2912,1757"/>
                <TextEquiv>
                    <Unicode>Silberstein beruhigt sie vielleicht.Es war</Unicode>
                </TextEquiv>
            </TextLine>
            <TextLine id="tr_1_tl_2" custom="readingOrder {index:1;}">
                <Coords points="735,2009 965,2051 2105,1976 2220,2012 2332,1998 2338,1875 2037,1841 738,1917"/>
                <Baseline points="752,1987 772,1987 817,1987 862,1984 907,1984 951,1981 996,1978 1041,1978 1086,1975 1131,1975 1175,1972 1220,1969 1265,1969 1310,1966 1354,1966 1399,1963 1444,1963 1489,1960 1533,1957 1578,1957 1623,1957 1668,1954 1712,1954 1757,1951 1802,1951 1847,1945 1892,1945 1936,1942 1981,1942 2026,1942 2071,1939 2115,1936 2160,1936 2205,1936 2250,1936 2294,1939 2339,1936"/>
                <TextEquiv>
                    <Unicode>eine redaktionelle Besprechung.</Unicode>
                </TextEquiv>
            </TextLine>
            <TextLine id="tr_1_tl_3" custom="readingOrder {index:2;}">
                <Coords points="721,2175 1788,2197 2464,2077 2646,2164 2918,2152 2927,1959 727,2063"/>
                <Baseline points="740,2139 781,2139 826,2139 871,2139 916,2139 960,2136 1005,2133 1050,2133 1095,2133 1140,2133 1184,2124 1229,2124 1274,2121 1319,2121 1363,2121 1408,2118 1453,2118 1498,2115 1542,2115 1587,2115 1632,2109 1677,2109 1721,2106 1766,2103 1811,2100 1856,2100 1901,2097 1945,2097 1990,2097 2035,2094 2080,2092 2124,2092 2169,2089 2214,2086 2259,2086 2303,2086 2348,2083 2393,2083 2438,2077 2482,2074 2527,2074 2572,2074 2617,2074 2662,2074 2706,2071 2751,2068 2796,2065 2841,2062 2885,2056 2930,2056"/>
                <TextEquiv>
                    <Unicode>Sabine: Bei der Fink selbst nicht anwesend</Unicode>
                </TextEquiv>
            </TextLine>
            <TextLine id="tr_1_tl_4" custom="readingOrder {index:3;}">
                <Coords points="744,2304 808,2301 856,2321 884,2304 898,2312 909,2301 960,2310 960,2220 932,2228 920,2220 890,2234 862,2211 847,2225 808,2209 800,2217 783,2211 769,2220 744,2217"/>
                <Baseline points="760,2291 787,2291 832,2288 877,2291 922,2291 966,2288"/>
                <TextEquiv>
                    <Unicode>war?</Unicode>
                </TextEquiv>
            </TextLine>
            <TextLine id="tr_1_tl_5" custom="readingOrder {index:4;}">
                <Coords points="741,2464 1005,2534 2001,2397 2455,2416 2520,2402 2523,2270 1673,2357 746,2338"/>
                <Baseline points="760,2444 781,2441 826,2441 871,2438 916,2435 960,2435 1005,2432 1050,2432 1095,2429 1140,2429 1184,2426 1229,2426 1274,2426 1319,2426 1363,2423 1408,2420 1453,2417 1498,2417 1542,2414 1587,2411 1632,2411 1677,2411 1721,2408 1766,2405 1811,2402 1856,2402 1901,2399 1945,2399 1990,2396 2035,2396 2080,2393 2124,2393 2169,2390 2214,2390 2259,2387 2303,2384 2348,2384 2393,2381 2438,2378 2482,2378 2527,2381"/>
                <TextEquiv>
                    <Unicode>Silberstein: Wo ist denn das Kind?</Unicode>
                </TextEquiv>
            </TextLine>
            <TextLine id="tr_1_tl_6" custom="readingOrder {index:5;}">
                <Coords points="741,2674 2537,2610 2680,2593 2683,2455 746,2512"/>
                <Baseline points="758,2593 760,2596 805,2593 850,2593 895,2590 940,2590 984,2590 1029,2587 1074,2587 1119,2587 1163,2584 1208,2581 1253,2578 1298,2575 1342,2575 1387,2575 1432,2569 1477,2569 1521,2569 1566,2569 1611,2569 1656,2563 1701,2563 1745,2560 1790,2557 1835,2557 1880,2554 1924,2551 1969,2551 2014,2551 2059,2551 2103,2548 2148,2548 2193,2548 2238,2545 2282,2542 2327,2539 2372,2539 2417,2539 2462,2539 2506,2536 2551,2530 2596,2530 2641,2527 2685,2527"/>
                <TextEquiv>
                    <Unicode>Sabine: Indess beim Vater.Ich habe ja</Unicode>
                </TextEquiv>
            </TextLine>
            <TextLine id="tr_1_tl_7" custom="readingOrder {index:6;}">
                <Coords points="749,2775 923,2759 979,2809 1050,2820 1131,2792 1513,2787 1535,2669 1442,2629 1339,2632 1271,2680 1122,2643 1047,2691 752,2660"/>
                <Baseline points="766,2748 778,2751 823,2748 868,2745 913,2742 957,2742 1002,2742 1047,2742 1092,2739 1137,2736 1181,2733 1226,2733 1271,2730 1316,2727 1360,2727 1405,2727 1450,2724 1495,2724 1539,2727"/>
                <TextEquiv>
                    <Unicode>niemand andern.</Unicode>
                </TextEquiv>
            </TextLine>
            <TextLine id="tr_1_tl_8" custom="readingOrder {index:7;}">
                <Coords points="763,2910 1044,2972 1350,2907 2152,2930 2324,2862 2851,2871 2933,2843 2935,2730 1440,2775 1333,2848 769,2803"/>
                <Baseline points="781,2894 790,2894 835,2894 880,2894 925,2894 969,2894 1014,2894 1059,2891 1104,2888 1148,2885 1193,2885 1238,2885 1283,2882 1328,2882 1372,2879 1417,2876 1462,2879 1507,2876 1551,2873 1596,2870 1641,2870 1686,2867 1730,2867 1775,2864 1820,2861 1865,2858 1909,2858 1954,2858 1999,2855 2044,2852 2089,2852 2133,2852 2178,2850 2223,2847 2268,2847 2312,2844 2357,2844 2402,2841 2447,2838 2491,2838 2536,2838 2581,2835 2626,2835 2670,2829 2715,2826 2760,2826 2805,2826 2850,2829 2894,2829 2939,2832"/>
                <TextEquiv>
                    <Unicode>Vielleicht erklärt Silberstein erst jetzt,</Unicode>
                </TextEquiv>
            </TextLine>
            <TextLine id="tr_1_tl_9" custom="readingOrder {index:8;}">
                <Coords points="769,3064 1066,3135 2478,3031 2829,3092 2834,2924 772,2975"/>
                <Baseline points="784,3052 826,3049 871,3049 916,3049 960,3049 1005,3046 1050,3046 1095,3043 1140,3043 1184,3041 1229,3038 1274,3038 1319,3035 1363,3032 1408,3032 1453,3029 1498,3029 1542,3026 1587,3023 1632,3023 1677,3023 1721,3023 1766,3017 1811,3014 1856,3014 1901,3011 1945,3008 1990,3005 2035,3002 2080,3002 2124,3002 2169,2999 2214,2999 2259,2996 2303,2996 2348,2993 2393,2993 2438,2993 2482,2990 2527,2987 2572,2987 2617,2987 2662,2984 2706,2981 2751,2981 2796,2984 2841,2984"/>
                <TextEquiv>
                    <Unicode>dass er bereit ist für Fink einzutreten.</Unicode>
                </TextEquiv>
            </TextLine>
            <TextLine id="tr_1_tl_10" custom="readingOrder {index:9;}">
                <Coords points="365,3135 407,3146 455,3123 485,3146 500,3135 514,3146 536,3123 578,3140 589,3129 631,3137 654,3121 704,3143 713,3003 645,3008 578,3045 542,3034 514,3045 497,3028 446,3020 370,3034"/>
                <Baseline points="381,3118 399,3118 444,3115 489,3112 534,3109 578,3103 623,3103 668,3103 713,3100"/>
                <TextEquiv>
                    <Unicode>Ober-Sie</Unicode>
                </TextEquiv>
            </TextLine>
            <TextLine id="tr_1_tl_11" custom="readingOrder {index:10;}">
                <Coords points="777,3236 1024,3283 1288,3205 2091,3210 2175,3160 2296,3210 2571,3165 2573,3087 2245,3045 1936,3126 1706,3073 783,3151"/>
                <Baseline points="796,3211 832,3208 877,3205 922,3202 966,3202 1011,3199 1056,3199 1101,3196 1145,3193 1190,3193 1235,3193 1280,3193 1325,3190 1369,3190 1414,3187 1459,3187 1504,3184 1548,3181 1593,3181 1638,3181 1683,3178 1727,3178 1772,3172 1817,3172 1862,3166 1906,3166 1951,3163 1996,3163 2041,3163 2086,3160 2130,3157 2175,3154 2220,3154 2265,3151 2309,3151 2354,3148 2399,3148 2444,3148 2488,3148 2533,3142 2578,3145"/>
                <TextEquiv>
                    <Unicode>um ihn kümmert sich ja niemand etc,</Unicode>
                </TextEquiv>
            </TextLine>
            <TextLine id="tr_1_tl_12" custom="readingOrder {index:11;}">
                <Coords points="359,3272 455,3261 522,3227 564,3250 648,3238 682,3264 724,3269 730,3154 637,3168 606,3135 550,3163 497,3149 441,3177 396,3171 362,3188"/>
                <Baseline points="376,3234 420,3232 465,3226 510,3226 555,3223 599,3220 644,3220 689,3220 734,3214"/>
                <TextEquiv>
                    <Unicode>geht dreif</Unicode>
                </TextEquiv>
            </TextLine>
            <TextLine id="tr_1_tl_13" custom="readingOrder {index:12;}">
                <Coords points="772,3370 2840,3339 2977,3309 2980,3191 777,3269"/>
                <Baseline points="787,3363 832,3360 877,3357 922,3354 966,3354 1011,3354 1056,3351 1101,3351 1145,3351 1190,3345 1235,3345 1280,3345 1325,3342 1369,3339 1414,3339 1459,3336 1504,3336 1548,3333 1593,3333 1638,3333 1683,3327 1727,3327 1772,3324 1817,3321 1862,3318 1906,3315 1951,3315 1996,3312 2041,3312 2086,3312 2130,3309 2175,3309 2220,3306 2265,3303 2309,3300 2354,3300 2399,3297 2444,3294 2488,3294 2533,3294 2578,3291 2623,3291 2667,3291 2712,3288 2757,3285 2802,3282 2847,3279 2891,3276 2936,3276 2981,3276"/>
                <TextEquiv>
                    <Unicode>Sabine: Was fällt Ihnen ein? Sie müssen die</Unicode>
                </TextEquiv>
            </TextLine>
            <TextLine id="tr_1_tl_14" custom="readingOrder {index:13;}">
                <Coords points="337,3396 354,3396 373,3379 404,3410 427,3404 441,3415 474,3415 511,3396 595,3404 603,3286 505,3306 485,3286 449,3289 438,3275 421,3283 373,3269 345,3278"/>
                <Baseline points="358,3330 384,3333 429,3327 474,3324 519,3324 564,3318 608,3315"/>
                <TextEquiv>
                    <Unicode>ein -</Unicode>
                </TextEquiv>
            </TextLine>
            <TextLine id="tr_1_tl_15" custom="readingOrder {index:14;}">
                <Coords points="763,3527 2812,3483 2820,3337 769,3429"/>
                <Baseline points="781,3512 808,3515 853,3512 898,3512 943,3509 987,3509 1032,3506 1077,3503 1122,3500 1166,3500 1211,3500 1256,3497 1301,3494 1345,3494 1390,3494 1435,3494 1480,3488 1524,3488 1569,3485 1614,3485 1659,3482 1704,3479 1748,3479 1793,3476 1838,3476 1883,3476 1927,3473 1972,3470 2017,3467 2062,3467 2106,3464 2151,3464 2196,3461 2241,3458 2285,3455 2330,3455 2375,3455 2420,3452 2465,3452 2509,3446 2554,3446 2599,3443 2644,3443 2688,3443 2733,3440 2778,3437 2823,3437"/>
                <TextEquiv>
                    <Unicode>Sache eben verhindern. Ich werde einfach</Unicode>
                </TextEquiv>
            </TextLine>
            <TextLine id="tr_1_tl_16" custom="readingOrder {index:15;}">
                <Coords points="777,3701 982,3721 1341,3668 1476,3721 1591,3651 1731,3673 1734,3572 1701,3564 1619,3592 1529,3561 1392,3612 1350,3572 1274,3598 1221,3572 783,3586"/>
                <Baseline points="796,3670 799,3670 844,3670 889,3670 934,3667 978,3667 1023,3664 1068,3664 1113,3661 1157,3661 1202,3658 1247,3658 1292,3658 1336,3658 1381,3658 1426,3655 1471,3652 1516,3649 1560,3649 1605,3649 1650,3646 1695,3643 1739,3643"/>
                <TextEquiv>
                    <Unicode>zur Polizei gehen.</Unicode>
                </TextEquiv>
            </TextLine>
        </TextRegion>
    </Page>
</PcGts>
