3416 4168
2698 389 2897 579 109
690 603 1321 785 schwere war.
606 745 2666 902 E gon: Unser Mandant findet sie tötlich.
693 859 2622 1098 Schromm: Wir finden überhaupt, dass die
709 1035 2794 1258 journalistischen Gebräuche sehr gewinnen
707 1188 2791 1421 würden, wenn Uebergriffe solcher Art etc.
704 1304 2709 1535 Egon: Das gehört wohl nicht hieher. Ich
707 1505 1823 1704 denke,wir sind einig.
717 1636 2818 1821 Schromm: Ort und Zeit. Ich schlage morgen
715 1821 2182 1992 Mittags zwölf Uhr Auhof vor.
728 1905 2859 2179 Obendorfer und Silberstein sehen eSnander
728 2160 897 2291 an.
731 2193 2883 2487 Schromm: Die Herren haben vielleicht etwas
750 2440 1185 2609 dage gen?
766 2549 2677 2783 (Es könnte dabei verblieben sein, dass
750 2698 2935 2910 Obendorfer und Silberstein 6 Uhr vorschla-
750 2845 2688 3041 gen wollen, aber Egon erklärt:12 Uhr.)
747 2970 2764 3207 Somit wäre das Offizielle erledigt.Man
764 3171 2848 3353 komplementiert sich gegenseitig zur Türe
764 3389 1152 3544 hinaus.
