3512 4280
758 588 2830 761 Als von politischen Wetterfahnen in der
772 746 2844 953 Presse gesprochen wurde, erzählte er aus
772 895 2887 1065 seiner Erfurter Zeit, dass er damals eine
772 1016 3062 1246 sehr gewandte, aber auch sehr vielseitige Fe-
784 1203 2991 1375 der zur Verfügung gehabt habe. Der betref-
786 1358 3008 1535 fende Publizist habe eine und dieselbe em-
798 1501 3048 1708 pfangene Mitteilung unter Umständen so ver-
2428 1607 2704 1728 tiven
795 1670 3025 1845 wertet, dass es in einem konservaten Blatte
801 1785 2962 2003 so geheissen habe: „Mit hoher Befriedigung
812 2018 2890 2175 begrüssen wir die Absicht der Regierung
809 2144 3085 2322 in einem liberalen Organ aber: „Mit tiefster
806 2299 3117 2491 Besorgnis erfüllt uns die Absicht der Regie¬
818 2440 3120 2617 rung, während in einem demokratischen Blatte
829 2597 2887 2804 schliesslich der Eingang gelautet habe:
841 2761 2956 2945 „Schamlos reisst die Regierung jetzt die
835 2913 3062 3114 Maske herunter, mit der sie bisher heuchle-
841 3105 2597 3266 risch ihr Antlitz verhüllt hatte.
1834 3260 3160 3484 Poschinger.Tischgespräche
2569 3392 2890 3553 10.96
