3368 4216
2749 314 2844 387 er
2606 393 2797 547 106
648 502 2648 766 Silberstein:Wir müssen doch jedesfalls
668 726 2020 942 vorher noch mit dir reden.
662 858 2875 1083 Obendorfer: Wenn Sie eine so unaufschiebba-
654 1018 2710 1203 re Reise haben, könnten wir ja das Duell
668 1195 1834 1405 auf den Abend verlegen.
676 1307 2934 1537 Fink: Das ist unmöglich.Es muss rascher ett
684 1489 1431 1677 schieden sein.
710 1616 2870 1834 (Eigentlich müsste ihm diese Idee des Auf-
690 1787 2746 1994 schubs willkommen sein.Aber Silberstein
701 1969 2059 2129 will nichts davon wissen.)
704 2067 2914 2303 Da es immer später wird, und Fink fürchten
707 2230 2937 2460 muss Egon und Schromm auf der Stiege zu be-
715 2421 2140 2614 gegnen, eilt er brüsk davon.
