3352 4088
2697 281 2815 474 22
836 463 2770 668 Das Gespräch zwischen Fink und ihr zu
836 623 2944 831 Zweien wird intimer. Sie haben sich schon
850 777 2890 982 öfters in der Gesellschaft getroffen,er
845 892 2907 1134 wird dringender, verlangt ein Redez-vous,
859 1086 2871 1285 er hat vielleicht nicht mehr viel Zeit,
862 1201 2888 1456 deutet an, dass er einem Duell entgegen-
862 1395 2775 1605 sieht, glaubt vielleicht selbst daran.
853 1535 2904 1726 Egon Engel und ein anderer junger Mann,
864 1628 3123 1880 eventuell auch der Duellgegner, der nur
876 1835 2899 2043 selbst aus religiösen Gründen gegen das
873 1973 2840 2203 Duell ist, treten ein, die Baronesse be-
878 2122 2916 2315 greift,die beiden Herren entfernen sich
884 2281 2899 2500 wieder,die Baronesse bewilligt Fink für
884 2453 2823 2663 heute Nacht ein Rendez-vous,nennt ihn
898 2618 1858 2832 „mein junger Held).
884 2778 2860 2972 Nun Fink und sei ne beiden Sekundanten.
890 2921 2997 3118 Sie haben schon Erkundigungen eingezogen.
878 3064 2989 3252 Dieser Müller ist ein verheirateter Mann,
892 3210 3017 3446 hat sogar ein Kind, Fink findet,man müsste
906 3365 2778 3550 ihn schonen. Egon gibt nicht nach, die
892 3491 2801 3696 Ehre des Balttes steht auf dem Spiel
