3384 4200
2817 473 2960 619 83
761 576 855 758 10
753 673 2806 864 Funk allein, hin und her.Also, was jetzt?
744 844 3031 987 Er vergewissert sich zuerst, dass die Freunde
744 972 3037 1186 weg sind, dann telefoniert er.Hier Fink - wer
2404 1115 2643 1220 Tobber
753 1166 2843 1340 dort? Redaktion, aber wer? Ha,Kohnberger.
753 1286 2942 1446 Ich wollte nur sagen. Ich kann heute um 12.
345 1431 687 1562 sie même
747 1483 2994 1602 nicht ins Bureau (Gerichtsverhandlung.) (even-
359 1548 627 1657 were but
756 1634 3028 1785 tuell krankes Kind).Wie,wer war dort? Wieder
758 1771 2854 1916 um 12? Voll hat meinen Namen genannt? Sie
753 1916 2937 2093 finden, ich soll mich schlagen? Na ja. (Bes-
408 1936 679 2099 Siefin
348 2061 659 2158 out-
758 2096 2894 2230 ser telefoniert er mit Obendorfer) Also,
331 2138 693 2307 menard
756 2215 2808 2386 wollen Sie meine Vertretung übernehmen?
744 2367 2900 2521 Aber da ist ja noch so viel zu überlegen.
756 2506 3002 2712 Sagen sie den Herrn, sie möchten mich abends
758 2720 2495 2848 um 6 in meiner Wohnung aufsuchen.
756 2806 2686 2991 Jetzt tritt der Redaktionsdiener ein.
753 2960 3039 3202 Funk: (zu Tod erschrocken; Ich rufe später wie-
758 3145 1754 3333 der an. (läutet ab).
756 3259 2130 3481 Diener: (bringt eine Karte).
744 3450 1879 3641 Funk: Ist es möglich?
