<?xml version="1.0" encoding="UTF-8" standalone="yes"?>
<PcGts xmlns="http://schema.primaresearch.org/PAGE/gts/pagecontent/2013-07-15" xmlns:xsi="http://www.w3.org/2001/XMLSchema-instance" xsi:schemaLocation="http://schema.primaresearch.org/PAGE/gts/pagecontent/2013-07-15 http://schema.primaresearch.org/PAGE/gts/pagecontent/2013-07-15/pagecontent.xsd">
    <Metadata>
        <Creator>prov=READ-COOP:name=TrHtr:version=2.1.0:model_id=51170:date=30_07_2023_05:01</Creator>
        <Created>2023-05-10T13:29:19.862+02:00</Created>
        <LastChange>2023-07-30T05:01:30.060+02:00</LastChange>
        <TranskribusMetadata docId="1428576" pageId="55412725" pageNr="143" tsid="131483464" status="IN_PROGRESS" userId="64420" imgUrl="https://files.transkribus.eu/Get?id=YENWOETZPXQBHEAKEZNMNZWU&amp;fileType=view" xmlUrl="https://files.transkribus.eu/Get?id=NLESLBJHIZXFBPWCNXVUVAGB" imageId="44686866"/>
    </Metadata>
    <Page imageFilename="1428576_0143.jpg" imageWidth="3400" imageHeight="4184">
        <ReadingOrder>
            <OrderedGroup id="ro_1711791969638" caption="Regions reading order">
                <RegionRefIndexed index="0" regionRef="tr_1"/>
                <RegionRefIndexed index="1" regionRef="tr_2"/>
            </OrderedGroup>
        </ReadingOrder>
        <TextRegion id="tr_1" custom="readingOrder {index:0;}">
            <Coords points="772,415 3064,415 3064,2316 772,2316"/>
            <TextLine id="tr_1_tl_1" custom="readingOrder {index:0;}">
                <Coords points="2751,570 2800,562 2814,567 2843,547 2854,553 2883,547 2883,365 2860,359 2851,368 2846,362 2814,388 2800,382 2780,396 2751,393"/>
                <Baseline points="2766,465 2811,465 2855,465 2891,465"/>
                <TextEquiv>
                    <Unicode>76</Unicode>
                </TextEquiv>
            </TextLine>
            <TextLine id="tr_1_tl_2" custom="readingOrder {index:1;}">
                <Coords points="781,622 2874,653 2874,553 2389,505 2233,567 781,519"/>
                <Baseline points="796,599 841,599 886,599 931,602 975,605 1020,602 1065,605 1110,605 1154,608 1199,611 1244,611 1289,611 1333,611 1378,614 1423,614 1468,614 1513,614 1557,611 1602,611 1647,611 1692,611 1736,611 1781,611 1826,614 1871,614 1915,617 1960,614 2005,617 2050,617 2094,620 2139,617 2184,617 2229,617 2274,617 2318,617 2363,617 2408,617 2453,620 2497,617 2542,617 2587,620 2632,617 2676,620 2721,620 2766,623 2811,623 2855,620 2882,623"/>
                <TextEquiv>
                    <Unicode>für das zu gründende grössere Blatt eine</Unicode>
                </TextEquiv>
            </TextLine>
            <TextLine id="tr_1_tl_3" custom="readingOrder {index:2;}">
                <Coords points="781,784 2968,813 2914,687 781,676"/>
                <Baseline points="796,752 841,752 886,755 931,755 975,758 1020,758 1065,760 1110,760 1154,760 1199,760 1244,760 1289,763 1333,763 1378,763 1423,763 1468,763 1513,763 1557,760 1602,760 1647,760 1692,763 1736,766 1781,766 1826,769 1871,769 1915,769 1960,769 2005,769 2050,769 2094,772 2139,772 2184,769 2229,772 2274,772 2318,772 2363,775 2408,772 2453,772 2497,775 2542,775 2587,772 2632,772 2676,772 2721,772 2766,775 2811,775 2855,778 2900,778 2945,781 2975,784"/>
                <TextEquiv>
                    <Unicode>besser dotierte Stelle in Aussicht stellt.</Unicode>
                </TextEquiv>
            </TextLine>
            <TextLine id="tr_1_tl_4" custom="readingOrder {index:3;}">
                <Coords points="784,932 2099,927 2600,1001 2971,949 2971,864 2526,810 2295,870 2067,795 1822,870 1103,784 784,838"/>
                <Baseline points="799,907 844,907 889,910 934,910 978,910 1023,913 1068,916 1113,913 1157,913 1202,916 1247,916 1292,916 1336,916 1381,916 1426,919 1471,919 1516,919 1560,919 1605,919 1650,919 1695,919 1739,922 1784,922 1829,922 1874,925 1918,925 1963,925 2008,925 2053,925 2097,925 2142,925 2187,925 2232,928 2277,925 2321,925 2366,928 2411,928 2456,922 2500,925 2545,925 2590,925 2635,925 2679,925 2724,925 2769,928 2814,928 2858,928 2903,931 2948,928 2978,928"/>
                <TextEquiv>
                    <Unicode>Jedenfalls droht von Jondra her die Gefahr</Unicode>
                </TextEquiv>
            </TextLine>
            <TextLine id="tr_1_tl_5" custom="readingOrder {index:4;}">
                <Coords points="790,1121 2962,1109 3059,1098 3057,989 787,987"/>
                <Baseline points="802,1056 847,1062 892,1065 937,1065 981,1065 1026,1065 1071,1065 1116,1068 1160,1068 1205,1068 1250,1068 1295,1071 1339,1068 1384,1071 1429,1071 1474,1071 1519,1074 1563,1074 1608,1077 1653,1077 1698,1077 1742,1074 1787,1077 1832,1077 1877,1077 1921,1080 1966,1080 2011,1077 2056,1080 2100,1080 2145,1080 2190,1080 2235,1077 2280,1077 2324,1077 2369,1077 2414,1077 2459,1080 2503,1077 2548,1080 2593,1080 2638,1083 2682,1083 2727,1083 2772,1080 2817,1083 2861,1083 2906,1083 2951,1083 2996,1083 3041,1083 3064,1083"/>
                <TextEquiv>
                    <Unicode>der Entdeckung. Aber irgendwie müsste es doh</Unicode>
                </TextEquiv>
            </TextLine>
            <TextLine id="tr_1_tl_6" custom="readingOrder {index:5;}">
                <Coords points="773,1235 2820,1272 3031,1255 3031,1180 770,1115"/>
                <Baseline points="787,1217 832,1217 877,1217 922,1217 966,1220 1011,1220 1056,1220 1101,1223 1145,1220 1190,1223 1235,1223 1280,1223 1325,1226 1369,1223 1414,1223 1459,1223 1504,1226 1548,1223 1593,1226 1638,1226 1683,1226 1727,1226 1772,1226 1817,1226 1862,1226 1906,1226 1951,1229 1996,1229 2041,1229 2086,1229 2130,1232 2175,1232 2220,1232 2265,1229 2309,1232 2354,1232 2399,1232 2444,1235 2488,1232 2533,1232 2578,1235 2623,1235 2667,1235 2712,1235 2757,1235 2802,1235 2847,1238 2891,1238 2936,1238 2981,1235 3026,1235 3038,1232"/>
                <TextEquiv>
                    <Unicode>auch schon in diesem Akte klar werden,warum</Unicode>
                </TextEquiv>
            </TextLine>
            <TextLine id="tr_1_tl_7" custom="readingOrder {index:6;}">
                <Coords points="781,1397 1677,1383 2315,1505 3062,1440 3039,1303 781,1275"/>
                <Baseline points="796,1366 841,1366 886,1369 931,1369 975,1369 1020,1372 1065,1369 1110,1372 1154,1375 1199,1375 1244,1375 1289,1375 1333,1378 1378,1381 1423,1381 1468,1381 1513,1381 1557,1381 1602,1378 1647,1378 1692,1378 1736,1378 1781,1375 1826,1375 1871,1378 1915,1381 1960,1384 2005,1384 2050,1387 2094,1387 2139,1387 2184,1390 2229,1387 2274,1387 2318,1387 2363,1384 2408,1384 2453,1384 2497,1387 2542,1384 2587,1384 2632,1387 2676,1387 2721,1387 2766,1390 2811,1390 2855,1390 2900,1387 2945,1390 2990,1387 3035,1387 3064,1384"/>
                <TextEquiv>
                    <Unicode>er diese Doppelrolle spielt,zumindest schein</Unicode>
                </TextEquiv>
            </TextLine>
            <TextLine id="tr_1_tl_8" custom="readingOrder {index:7;}">
                <Coords points="767,1560 890,1571 924,1554 938,1568 998,1560 1024,1537 1169,1565 1203,1545 1240,1557 1237,1426 984,1457 930,1423 858,1460 764,1437"/>
                <Baseline points="784,1519 829,1519 874,1521 919,1521 963,1524 1008,1524 1053,1524 1098,1524 1142,1524 1187,1527 1232,1530 1247,1533"/>
                <TextEquiv>
                    <Unicode>bar klar.</Unicode>
                </TextEquiv>
            </TextLine>
            <TextLine id="tr_1_tl_9" custom="readingOrder {index:8;}">
                <Coords points="758,1716 1950,1694 2156,1754 2429,1696 2515,1754 2837,1725 2837,1651 2010,1631 1657,1511 756,1577"/>
                <Baseline points="775,1674 820,1674 865,1671 910,1671 954,1674 999,1674 1044,1674 1089,1677 1134,1677 1178,1677 1223,1680 1268,1680 1313,1677 1357,1677 1402,1680 1447,1680 1492,1680 1536,1683 1581,1680 1626,1680 1671,1680 1715,1683 1760,1686 1805,1686 1850,1686 1895,1686 1939,1686 1984,1689 2029,1689 2074,1689 2118,1689 2163,1689 2208,1689 2253,1689 2297,1689 2342,1686 2387,1689 2432,1689 2476,1692 2521,1692 2566,1692 2611,1692 2656,1692 2700,1692 2745,1695 2790,1698 2835,1698 2841,1698"/>
                <TextEquiv>
                    <Unicode>Eventuell könnte der Eindruck entstehen,</Unicode>
                </TextEquiv>
            </TextLine>
            <TextLine id="tr_1_tl_10" custom="readingOrder {index:9;}">
                <Coords points="770,1885 1745,1850 2270,1959 2914,1913 2911,1793 2560,1739 767,1742"/>
                <Baseline points="784,1826 829,1826 874,1826 919,1826 963,1829 1008,1829 1053,1829 1098,1829 1142,1829 1187,1829 1232,1829 1277,1832 1322,1829 1366,1829 1411,1832 1456,1835 1501,1835 1545,1835 1590,1832 1635,1835 1680,1838 1724,1841 1769,1841 1814,1841 1859,1841 1903,1841 1948,1841 1993,1841 2038,1841 2083,1841 2127,1844 2172,1841 2217,1841 2262,1844 2306,1844 2351,1841 2396,1847 2441,1847 2485,1847 2530,1847 2575,1847 2620,1847 2664,1847 2709,1847 2754,1847 2799,1847 2844,1850 2888,1847 2921,1847"/>
                <TextEquiv>
                    <Unicode>dass die Liebesgeschichte mit der Baronin</Unicode>
                </TextEquiv>
            </TextLine>
            <TextLine id="tr_1_tl_11" custom="readingOrder {index:10;}">
                <Coords points="758,2004 1642,2010 1639,1850 1431,1862 1303,1919 1215,1888 1138,1916 1049,1893 758,1916"/>
                <Baseline points="775,1975 820,1978 865,1978 910,1981 954,1981 999,1981 1044,1981 1089,1984 1134,1984 1178,1984 1223,1984 1268,1984 1313,1984 1357,1987 1402,1984 1447,1987 1492,1987 1536,1987 1581,1990 1626,1993 1650,1993"/>
                <TextEquiv>
                    <Unicode>ihn dahin treibt.</Unicode>
                </TextEquiv>
            </TextLine>
            <TextLine id="tr_1_tl_12" custom="readingOrder {index:11;}">
                <Coords points="758,2164 2908,2207 2905,2056 2258,2084 1950,1990 756,2059"/>
                <Baseline points="772,2127 817,2130 862,2130 907,2130 951,2133 996,2133 1041,2133 1086,2136 1131,2139 1175,2136 1220,2136 1265,2139 1310,2139 1354,2142 1399,2139 1444,2139 1489,2139 1533,2142 1578,2145 1623,2142 1668,2145 1712,2142 1757,2142 1802,2142 1847,2142 1892,2145 1936,2145 1981,2145 2026,2145 2071,2145 2115,2145 2160,2148 2205,2148 2250,2148 2294,2148 2339,2148 2384,2148 2429,2151 2473,2151 2518,2151 2563,2151 2608,2151 2653,2154 2697,2154 2742,2154 2787,2151 2832,2154 2876,2154 2912,2157"/>
                <TextEquiv>
                    <Unicode>Wondra steht irgendwie mit der Polizei in</Unicode>
                </TextEquiv>
            </TextLine>
            <TextLine id="tr_1_tl_13" custom="readingOrder {index:12;}">
                <Coords points="756,2298 2238,2307 2569,2389 2851,2344 2794,2204 2056,2258 756,2190"/>
                <Baseline points="772,2277 817,2282 862,2285 907,2288 951,2285 996,2288 1041,2288 1086,2288 1131,2291 1175,2291 1220,2291 1265,2294 1310,2297 1354,2297 1399,2297 1444,2297 1489,2297 1533,2294 1578,2294 1623,2297 1668,2297 1712,2300 1757,2303 1802,2297 1847,2300 1892,2297 1936,2300 1981,2300 2026,2300 2071,2300 2115,2300 2160,2300 2205,2300 2250,2300 2294,2300 2339,2300 2384,2303 2429,2306 2473,2303 2518,2303 2563,2303 2608,2306 2653,2306 2697,2306 2742,2306 2787,2306 2832,2306 2858,2306"/>
                <TextEquiv>
                    <Unicode>Verbindung. Er ist jetzt von der Polizei</Unicode>
                </TextEquiv>
            </TextLine>
        </TextRegion>
        <TextRegion id="tr_2" custom="readingOrder {index:1;}">
            <Coords points="737,2391 3032,2391 3032,3880 737,3880"/>
            <TextLine id="tr_2_tl_1" custom="readingOrder {index:0;}">
                <Coords points="747,2478 2914,2495 2911,2369 2843,2364 2073,2421 1679,2395 1528,2298 747,2367"/>
                <Baseline points="763,2441 808,2441 853,2441 898,2441 943,2444 987,2444 1032,2444 1077,2447 1122,2447 1166,2447 1211,2447 1256,2450 1301,2447 1345,2450 1390,2447 1435,2450 1480,2450 1524,2447 1569,2450 1614,2450 1659,2453 1704,2453 1748,2453 1793,2456 1838,2456 1883,2456 1927,2453 1972,2453 2017,2456 2062,2453 2106,2453 2151,2456 2196,2456 2241,2456 2285,2459 2330,2462 2375,2462 2420,2465 2465,2465 2509,2462 2554,2462 2599,2462 2644,2462 2688,2462 2733,2462 2778,2462 2823,2462 2867,2462 2912,2462 2918,2459"/>
                <TextEquiv>
                    <Unicode>engagiert,weil er sich in den Spielerkrei.</Unicode>
                </TextEquiv>
            </TextLine>
            <TextLine id="tr_2_tl_2" custom="readingOrder {index:1;}">
                <Coords points="741,2615 1907,2617 2081,2717 2791,2683 2789,2535 2540,2498 1893,2558 738,2481"/>
                <Baseline points="758,2593 802,2596 847,2593 892,2596 937,2599 981,2596 1026,2599 1071,2599 1116,2599 1160,2599 1205,2599 1250,2602 1295,2602 1339,2605 1384,2605 1429,2602 1474,2605 1519,2605 1563,2605 1608,2605 1653,2608 1698,2605 1742,2605 1787,2608 1832,2608 1877,2611 1921,2608 1966,2608 2011,2611 2056,2608 2100,2608 2145,2611 2190,2611 2235,2611 2280,2611 2324,2614 2369,2614 2414,2614 2459,2614 2503,2614 2548,2617 2593,2614 2638,2614 2682,2614 2727,2614 2772,2614 2799,2614"/>
                <TextEquiv>
                    <Unicode>sen auskennt,daher wurde der Steckbrief</Unicode>
                </TextEquiv>
            </TextLine>
            <TextLine id="tr_2_tl_3" custom="readingOrder {index:2;}">
                <Coords points="741,2794 827,2766 1811,2789 1839,2683 1608,2714 1354,2660 1212,2694 1078,2660 1012,2703 927,2657 738,2677"/>
                <Baseline points="758,2757 802,2757 847,2754 892,2754 937,2754 981,2757 1026,2757 1071,2754 1116,2754 1160,2754 1205,2754 1250,2757 1295,2754 1339,2760 1384,2760 1429,2760 1474,2760 1519,2760 1563,2763 1608,2763 1653,2763 1698,2763 1742,2763 1787,2766 1832,2766 1847,2769"/>
                <TextEquiv>
                    <Unicode>gegen ihn aufgehoben.</Unicode>
                </TextEquiv>
            </TextLine>
            <TextLine id="tr_2_tl_4" custom="readingOrder {index:3;}">
                <Coords points="736,2940 2118,2923 2603,3002 3028,2960 3028,2854 733,2789"/>
                <Baseline points="752,2900 796,2900 841,2903 886,2906 931,2906 975,2906 1020,2906 1065,2906 1110,2909 1154,2906 1199,2906 1244,2909 1289,2909 1333,2912 1378,2912 1423,2912 1468,2912 1513,2912 1557,2915 1602,2912 1647,2915 1692,2912 1736,2915 1781,2915 1826,2915 1871,2915 1915,2915 1960,2915 2005,2918 2050,2918 2094,2918 2139,2921 2184,2921 2229,2921 2274,2921 2318,2921 2363,2921 2408,2921 2453,2921 2497,2921 2542,2921 2587,2921 2632,2924 2676,2924 2721,2927 2766,2924 2811,2924 2855,2927 2900,2927 2945,2924 2990,2924 3032,2927"/>
                <TextEquiv>
                    <Unicode>War es sein Einfall, dass Fink unter falschen</Unicode>
                </TextEquiv>
            </TextLine>
            <TextLine id="tr_2_tl_5" custom="readingOrder {index:4;}">
                <Coords points="736,3111 1694,3076 2281,3185 2994,3114 2991,3011 2763,2974 733,2968"/>
                <Baseline points="749,3046 790,3055 835,3055 880,3055 925,3058 969,3058 1014,3061 1059,3058 1104,3061 1148,3064 1193,3064 1238,3061 1283,3064 1328,3064 1372,3064 1417,3067 1462,3064 1507,3064 1551,3064 1596,3070 1641,3070 1686,3067 1730,3070 1775,3070 1820,3070 1865,3070 1909,3073 1954,3073 1999,3070 2044,3073 2089,3073 2133,3076 2178,3079 2223,3076 2268,3076 2312,3076 2357,3076 2402,3073 2447,3076 2491,3076 2536,3073 2581,3076 2626,3076 2670,3076 2715,3079 2760,3079 2805,3079 2850,3079 2894,3079 2939,3082 2984,3085 3002,3082"/>
                <TextEquiv>
                    <Unicode>Namen die Redaktion der „Eleganten Welt“ zu</Unicode>
                </TextEquiv>
            </TextLine>
            <TextLine id="tr_2_tl_6" custom="readingOrder {index:5;}">
                <Coords points="724,3273 815,3293 910,3230 1012,3228 1754,3268 1779,3079 1377,3099 1192,3165 1035,3116 721,3128"/>
                <Baseline points="737,3211 781,3211 826,3211 871,3211 916,3211 960,3214 1005,3214 1050,3214 1095,3217 1140,3217 1184,3220 1229,3220 1274,3220 1319,3220 1363,3220 1408,3220 1453,3220 1498,3217 1542,3217 1587,3217 1632,3220 1677,3220 1721,3220 1766,3217 1787,3214"/>
                <TextEquiv>
                    <Unicode>betreten hätte? Ja.</Unicode>
                </TextEquiv>
            </TextLine>
            <TextLine id="tr_2_tl_7" custom="readingOrder {index:6;}">
                <Coords points="895,3393 2908,3350 2911,3225 2569,3307 2130,3239 1483,3310 1103,3236 898,3279"/>
                <Baseline points="913,3345 946,3351 990,3354 1035,3357 1080,3357 1125,3360 1169,3357 1214,3357 1259,3357 1304,3354 1348,3354 1393,3357 1438,3357 1483,3354 1527,3354 1572,3354 1617,3351 1662,3351 1707,3351 1751,3351 1796,3348 1841,3348 1886,3345 1930,3345 1975,3345 2020,3342 2065,3339 2109,3339 2154,3336 2199,3336 2244,3336 2288,3336 2333,3339 2378,3336 2423,3333 2468,3333 2512,3330 2557,3330 2602,3327 2647,3324 2691,3321 2736,3318 2781,3315 2826,3312 2870,3309 2915,3312"/>
                <TextEquiv>
                    <Unicode>Eg u komst inwille deese seve; weiss trorot</Unicode>
                </TextEquiv>
            </TextLine>
            <TextLine id="tr_2_tl_8" custom="readingOrder {index:7;}">
                <Coords points="944,3470 1217,3527 1491,3447 2546,3473 2857,3427 2857,3347 947,3416"/>
                <Baseline points="963,3440 984,3440 1029,3437 1074,3437 1119,3437 1163,3437 1208,3437 1253,3440 1298,3440 1342,3440 1387,3440 1432,3440 1477,3443 1521,3443 1566,3440 1611,3443 1656,3443 1701,3443 1745,3443 1790,3440 1835,3440 1880,3437 1924,3434 1969,3434 2014,3431 2059,3431 2103,3431 2148,3431 2193,3431 2238,3431 2282,3431 2327,3431 2372,3428 2417,3428 2462,3423 2506,3420 2551,3420 2596,3417 2641,3414 2685,3414 2730,3411 2775,3411 2820,3414 2864,3417"/>
                <TextEquiv>
                    <Unicode>die Thür: Wir wollen das Blatt zu hetten.</Unicode>
                </TextEquiv>
            </TextLine>
            <TextLine id="tr_2_tl_9" custom="readingOrder {index:8;}">
                <Coords points="1049,3593 2070,3658 2720,3610 2774,3595 2777,3427 1637,3564 1483,3493 1286,3556 1049,3473"/>
                <Baseline points="1065,3584 1080,3584 1125,3581 1169,3584 1214,3584 1259,3584 1304,3587 1348,3590 1393,3590 1438,3590 1483,3590 1527,3590 1572,3590 1617,3593 1662,3593 1707,3593 1751,3593 1796,3593 1841,3590 1886,3587 1930,3587 1975,3587 2020,3587 2065,3581 2109,3581 2154,3578 2199,3578 2244,3575 2288,3572 2333,3572 2378,3572 2423,3572 2468,3569 2512,3566 2557,3566 2602,3569 2647,3569 2691,3572 2736,3572 2781,3572"/>
                <TextEquiv>
                    <Unicode>Ravick musst hunnen - uit eine</Unicode>
                </TextEquiv>
            </TextLine>
            <TextLine id="tr_2_tl_10" custom="readingOrder {index:9;}">
                <Coords points="1135,3724 1232,3732 1337,3704 1483,3721 1534,3698 1739,3718 1739,3635 1597,3624 1548,3661 1466,3635 1343,3658 1292,3618 1135,3641"/>
                <Baseline points="1151,3694 1196,3694 1241,3694 1286,3694 1331,3694 1375,3697 1420,3697 1465,3697 1510,3697 1554,3697 1599,3697 1644,3697 1689,3697 1733,3694 1745,3694"/>
                <TextEquiv>
                    <Unicode>in kente hold.</Unicode>
                </TextEquiv>
            </TextLine>
            <TextLine id="tr_2_tl_11" custom="readingOrder {index:10;}">
                <Coords points="801,3758 2980,3824 2980,3732 2235,3615 1779,3747 801,3661"/>
                <Baseline points="817,3751 862,3757 907,3760 951,3766 996,3766 1041,3772 1086,3772 1131,3778 1175,3775 1220,3775 1265,3775 1310,3769 1354,3775 1399,3778 1444,3781 1489,3784 1533,3781 1578,3778 1623,3781 1668,3778 1712,3778 1757,3778 1802,3778 1847,3772 1892,3772 1936,3769 1981,3766 2026,3769 2071,3766 2115,3763 2160,3763 2205,3763 2250,3763 2294,3763 2339,3760 2384,3760 2429,3760 2473,3760 2518,3760 2563,3763 2608,3766 2653,3766 2697,3769 2742,3775 2787,3781 2832,3784 2876,3787 2921,3793 2966,3793 2987,3796"/>
                <TextEquiv>
                    <Unicode>die ihm feil - in die StW im Schauspre¬</Unicode>
                </TextEquiv>
            </TextLine>
            <TextLine id="tr_2_tl_12" custom="readingOrder {index:11;}">
                <Coords points="733,3875 830,3855 1115,3889 1246,3858 1494,3923 1565,3901 1562,3809 1491,3789 1437,3824 1320,3786 1266,3821 1163,3775 1038,3835 850,3758 730,3812"/>
                <Baseline points="749,3846 793,3843 838,3849 883,3852 928,3855 972,3858 1017,3861 1062,3858 1107,3861 1151,3861 1196,3858 1241,3858 1286,3858 1331,3861 1375,3858 1420,3861 1465,3864 1510,3870 1554,3870 1572,3870"/>
                <TextEquiv>
                    <Unicode>lerin brachte:</Unicode>
                </TextEquiv>
            </TextLine>
        </TextRegion>
    </Page>
</PcGts>
