3480 4296
2790 269 2928 412 15
864 414 3057 612 tan vergeblich an den Duellort fahren wird.
856 617 2829 776 Doch schon die Behandlung, die ihm die
856 746 2977 969 Fürstin beim Frühstück angedeihen lässt,
870 960 1833 1108 macht ihn stutzig.
1303 1034 2881 1226 Die ankommenden Briefschaften.
1303 1226 3070 1386 Jedenfalls ist seine Stimmung wie¬
892 1353 2892 1547 der schwankend, wenn er, eben weggehend,
892 1583 1907 1712 Niederhof begegnet.
1314 1685 3095 1849 Das Gespräch zwischen ihm und Nie¬
914 1838 3100 2022 derhof muss ausschlaggebend sein. Der fin
914 2003 3100 2154 det, dass Fliederbusch gewissermassen eben¬
897 2124 2873 2329 so recht gehabt habe als Fink. Er hat
930 2305 2966 2480 jetzt erst den Artikel von Fliederbusch
922 2442 2930 2672 gelesen. Der hat ihm grösseren Eindruck
922 2626 2928 2804 gemacht als der von Fink. Denn der war
930 2777 3098 2922 echt. Dieser Fliederbusch hat den Fink so
933 2908 2936 3098 beschimpft, wie wenn sie einmal Freunde
933 3087 3131 3279 gewesen wären. Nehmen sie sich in Acht vor
938 3240 2939 3408 dem, ich glaube, der hasst Sie wirklich.
1364 3394 3144 3539 Er könnte in dieser Scene ihn auch
944 3534 3147 3723 als Sekretär engagieren wollen.Er will mit
