3464 4152
585 305 1180 494 zum IV.Akt.
582 460 2841 643 Fliederbusch: Wenn Sie aber die Wahl hatten
607 625 2835 790 (zwischen beiden Parteien) warum wählten se
576 787 2820 939 doch gerade diese? (den reaktionären Stand-
582 945 905 1101 punkt)
561 1095 2884 1296 Graf: Das andere ist billiger (Freiheit,Men-
567 1216 1427 1409 schenliebe etc.)
564 1409 3009 1585 Fliederbusch: Heute nicht mehr. (Hierpber viel-
561 1527 1555 1698 leicht etwas mehr).
558 1707 2982 1848 Graf: Sie haben recht. Ich habe vielleicht kei-
555 1829 2784 2070 ne Ansicht, aber ich gehöre dorthin., wo man
558 2021 2973 2143 wurzelt, darauf kommt es an.Man kann ein Verrä-
558 2195 2887 2357 ter sein, auch ohne eine bestimmte Ansicht zu
552 2332 875 2482 haben.
552 2485 2774 2585 Dies ist sehr bestimmend für Fliederbusch.
549 2607 2973 2848 Fliederbusch:Und wie stellen Sie sich Flieder-
555 2774 1104 2933 busch vor?
546 2896 2997 3131 Graf: In kleinen Verhältnissen und mit schlech-
555 3107 2976 3287 tem Gewissen. Was er Ihnen vorwirft verspürt er
549 3210 2122 3399 offenbar irgendwo in sich.etc.
546 3357 2927 3530 Fliederbusch geht am Schluss dieser Scene un-
552 3552 2966 3741 gefähr mit den Worten:Nun schlag mich für Ihre
