3512 4312
2830 398 2918 541 8
881 524 3061 675 Sie denkt an eine politische Carrière für
895 659 3074 843 ihn. Ihr Traum ist, dass er den Grafen Nie¬
892 865 3017 985 derhof aus dem Felde schlägt. Sie glaubt
889 1005 3091 1158 an ihn, er hat sich wie dergefunden. Sie wäre
895 1175 3085 1326 bereit ihm manches zu verzeihen. Sie ahnt,
898 1315 2915 1463 dass er ihr untreu gewesen ist. Jemand
898 1499 2910 1647 wünscht dringend Herrn Fliederbusch zu
898 1628 3014 1754 sprechen. Er, in begreiflicher Aengstlich_
889 1784 2912 1922 keit, will nicht zuhause sein; sieht
898 1927 2092 2114 nach,wer es sein könne.
1364 2081 3055 2240 Fliederbusch allein:Kopf beisam
887 2240 3072 2385 men, nicht wieder irre werden. Sollte doch
892 2413 2380 2583 hier? Wohin bin ich geraten?
1304 2542 2910 2704 Kausik tritt ein.Er liess sich
889 2723 3094 2849 nicht abweisen und bittet um eine Unterre-
898 2885 2064 3036 dung unter vier Augen.
1312 3039 3022 3159 Mit seinem Detektivtalent hat er
900 3179 2978 3299 eruiert, dass Fliederbusch und Fink eine
892 3324 3072 3483 Person sind, hat aber natürlich noch keine
898 3514 3055 3637 Ahnung, dass Fliederbusch auch der Verfas-
898 3629 3028 3835 ser jenes Artikels gegen Fink ist.Er ist
