3320 4072
2638 311 2820 434 138
827 452 2492 663 beiden Sekundanten niederschoss.
832 645 2638 827 Egon immer misstrauisch gegen Fink.
840 789 1885 974 Man wird ungeduldig.
843 914 2720 1143 Fink: Haben wir die Verpflichtung so
848 1087 1688 1287 lange zu warten?
845 1220 2908 1415 Schromm: Eine Viertelstunde nach dem Co
858 1421 1079 1582 dex.
853 1523 2769 1744 Fihk: Er wird knifen, ich habs ja ge-
861 1724 1128 1885 sagt.
850 1819 2792 2022 Schromm: (immer dumm) Die Sekundanten
861 1970 2725 2176 des Herrn Fink waren sehr schneidig.
861 2142 2820 2348 Egon könnte eventuell am Schluss des 3.
866 2299 2833 2461 Aktes die Frau von Fink auf der Stiege
866 2445 2769 2643 getroffen haben und von ihr erzählen.
868 2594 2697 2769 Ich wäre imstande, wenn Sie den Kerl
876 2749 2846 2916 niederschiessen die Kleine zu heiraten
899 2908 2743 3111 (mit ihr ein Verhältnis anzufangen.)
881 3072 2322 3267 Es fehlen noch zwei Minuten.
871 3167 2767 3393 Fink: Bedauers,meine Herren, in zwei
884 3398 2849 3553 Minuten können sie nicht mehr da sein,
896 3519 2854 3660 denn der Weg, den wir im Auge haben, ist
