<?xml version="1.0" encoding="UTF-8" standalone="yes"?>
<PcGts xmlns="http://schema.primaresearch.org/PAGE/gts/pagecontent/2013-07-15" xmlns:xsi="http://www.w3.org/2001/XMLSchema-instance" xsi:schemaLocation="http://schema.primaresearch.org/PAGE/gts/pagecontent/2013-07-15 http://schema.primaresearch.org/PAGE/gts/pagecontent/2013-07-15/pagecontent.xsd">
    <Metadata>
        <Creator>prov=READ-COOP:name=TrHtr:version=2.1.0:model_id=51170:date=30_07_2023_05:01</Creator>
        <Created>2023-05-10T13:29:08.247+02:00</Created>
        <LastChange>2023-07-30T05:01:05.226+02:00</LastChange>
        <TranskribusMetadata docId="1428576" pageId="55412239" pageNr="56" tsid="131483367" status="IN_PROGRESS" userId="64420" imgUrl="https://files.transkribus.eu/Get?id=AFUZTYBEGNSUNTRCXUHBDCLW&amp;fileType=view" xmlUrl="https://files.transkribus.eu/Get?id=QUPHOXSTOKRGHOGZTTTFWDEL" imageId="44686381"/>
    </Metadata>
    <Page imageFilename="1428576_0056.jpg" imageWidth="3192" imageHeight="3912">
        <ReadingOrder>
            <OrderedGroup id="ro_1711791891847" caption="Regions reading order">
                <RegionRefIndexed index="0" regionRef="tr_1"/>
                <RegionRefIndexed index="1" regionRef="tr_2"/>
            </OrderedGroup>
        </ReadingOrder>
        <TextRegion id="tr_1" custom="readingOrder {index:0;}">
            <Coords points="863,460 2400,460 2400,1921 863,1921"/>
            <TextLine id="tr_1_tl_1" custom="readingOrder {index:0;}">
                <Coords points="1523,517 1546,525 1559,523 1575,534 1588,527 1607,534 1609,540 1651,534 1670,517 1680,517 1684,449 1663,450 1642,437 1630,449 1624,445 1613,452 1596,435 1567,439 1558,433 1550,441 1527,433"/>
                <Baseline points="1534,516 1549,516 1594,513 1639,510 1684,510"/>
                <TextEquiv>
                    <Unicode>126</Unicode>
                </TextEquiv>
            </TextLine>
            <TextLine id="tr_1_tl_2" custom="readingOrder {index:1;}">
                <Coords points="918,622 1355,588 2357,615 2392,521 2138,544 1991,487 1689,542 918,546"/>
                <Baseline points="928,597 964,600 1009,594 1054,591 1098,591 1143,588 1188,588 1233,588 1278,585 1322,585 1367,585 1412,585 1457,588 1502,588 1546,588 1591,588 1636,588 1681,585 1726,585 1770,585 1815,585 1860,585 1905,585 1950,582 1994,585 2039,585 2084,585 2129,585 2173,585 2218,585 2263,582 2308,585 2353,585 2397,588"/>
                <TextEquiv>
                    <Unicode>Fliederbusch: Herr, Fliederbusch schien Ihnen wohl</Unicode>
                </TextEquiv>
            </TextLine>
            <TextLine id="tr_1_tl_3" custom="readingOrder {index:2;}">
                <Coords points="853,695 1262,710 1306,681 1327,699 1388,678 1481,720 1533,691 1611,693 1613,620 1561,607 1519,638 1470,636 1409,607 1353,634 1199,603 1099,643 1029,618 979,651 855,638"/>
                <Baseline points="863,689 898,686 943,683 988,683 1033,683 1078,680 1122,680 1167,677 1212,674 1257,674 1302,674 1346,674 1391,671 1436,671 1481,671 1525,674 1570,671 1615,671"/>
                <TextEquiv>
                    <Unicode>ein allzu meskiner Gegner</Unicode>
                </TextEquiv>
            </TextLine>
            <TextLine id="tr_1_tl_4" custom="readingOrder {index:3;}">
                <Coords points="912,796 1140,769 1258,807 1395,762 1634,823 1851,762 2187,826 2373,804 2373,725 2208,681 1945,729 1573,687 912,710"/>
                <Baseline points="922,764 967,770 1012,770 1057,767 1101,767 1146,767 1191,764 1236,764 1281,764 1325,764 1370,761 1415,761 1460,764 1505,764 1549,761 1594,761 1639,758 1684,761 1729,758 1773,761 1818,761 1863,761 1908,761 1953,758 1997,758 2042,758 2087,761 2132,761 2176,761 2221,764 2266,761 2311,764 2356,767 2377,770"/>
                <TextEquiv>
                    <Unicode>Graf: Weshalb denn? Es war ein andrer Grund,</Unicode>
                </TextEquiv>
            </TextLine>
            <TextLine id="tr_1_tl_5" custom="readingOrder {index:4;}">
                <Coords points="859,872 1031,891 1061,868 1086,886 1153,868 1191,884 1250,863 1372,882 1422,868 1424,800 1311,815 1237,794 1149,798 1117,819 1073,794 989,825 861,796"/>
                <Baseline points="869,860 889,860 934,860 979,860 1024,860 1069,857 1113,854 1158,854 1203,854 1248,851 1293,851 1337,851 1382,854 1427,851"/>
                <TextEquiv>
                    <Unicode>der mich bestimmte.</Unicode>
                </TextEquiv>
            </TextLine>
            <TextLine id="tr_1_tl_6" custom="readingOrder {index:5;}">
                <Coords points="918,952 1038,977 1147,947 1290,970 1355,937 1399,947 1437,931 1462,954 1483,945 1485,880 1349,891 1254,870 1224,897 1172,882 1109,903 954,874 920,888"/>
                <Baseline points="931,946 952,949 997,946 1042,946 1086,943 1131,940 1176,940 1221,940 1266,940 1310,937 1355,937 1376,934 1397,931 1442,931 1487,931"/>
                <TextEquiv>
                    <Unicode>Fliederbusch: —?</Unicode>
                </TextEquiv>
            </TextLine>
            <TextLine id="tr_1_tl_7" custom="readingOrder {index:6;}">
                <Coords points="924,1040 1069,1080 1393,1033 2374,1040 2374,983 2277,958 924,979"/>
                <Baseline points="934,1030 946,1030 991,1033 1036,1030 1081,1030 1125,1027 1170,1030 1215,1030 1260,1030 1304,1024 1349,1027 1394,1027 1439,1024 1484,1024 1528,1024 1573,1024 1618,1024 1663,1024 1708,1024 1752,1024 1797,1024 1842,1021 1887,1024 1932,1021 1976,1021 2021,1021 2066,1024 2111,1021 2156,1024 2200,1024 2245,1024 2290,1024 2335,1024 2380,1018"/>
                <TextEquiv>
                    <Unicode>Graf: Gleich beim Eintritt in meine politische Kar¬</Unicode>
                </TextEquiv>
            </TextLine>
            <TextLine id="tr_1_tl_8" custom="readingOrder {index:7;}">
                <Coords points="861,1140 2390,1122 2390,1063 2233,1048 1561,1075 1454,1038 863,1088"/>
                <Baseline points="874,1122 916,1122 961,1122 1006,1119 1051,1119 1095,1119 1140,1119 1185,1116 1230,1116 1275,1116 1319,1116 1364,1113 1409,1113 1454,1113 1499,1113 1543,1113 1588,1110 1633,1110 1678,1110 1723,1110 1767,1113 1812,1113 1857,1110 1902,1110 1947,1110 1991,1110 2036,1110 2081,1110 2126,1110 2171,1110 2215,1110 2260,1110 2305,1110 2350,1113 2394,1110"/>
                <TextEquiv>
                    <Unicode>riere hatte ich mir fest vorgenommen, journalistische An¬</Unicode>
                </TextEquiv>
            </TextLine>
            <TextLine id="tr_1_tl_9" custom="readingOrder {index:8;}">
                <Coords points="861,1241 1273,1204 2386,1239 2386,1174 2298,1141 1036,1174 972,1138 861,1174"/>
                <Baseline points="871,1218 910,1215 955,1209 1000,1206 1045,1206 1089,1206 1134,1206 1179,1206 1224,1203 1269,1203 1313,1203 1358,1203 1403,1203 1448,1200 1493,1203 1537,1203 1582,1203 1627,1203 1672,1203 1717,1200 1761,1200 1806,1200 1851,1200 1896,1200 1941,1197 1985,1200 2030,1200 2075,1200 2120,1197 2165,1200 2209,1200 2254,1200 2299,1200 2344,1203 2389,1203"/>
                <TextEquiv>
                    <Unicode>griffe nie als Anlässe zu Ehrenaffären gelten zu lassen.</Unicode>
                </TextEquiv>
            </TextLine>
            <TextLine id="tr_1_tl_10" custom="readingOrder {index:9;}">
                <Coords points="855,1315 2113,1317 2247,1304 2249,1229 857,1243"/>
                <Baseline points="866,1299 910,1299 955,1296 1000,1296 1045,1296 1089,1293 1134,1293 1179,1293 1224,1290 1269,1287 1313,1290 1358,1290 1403,1287 1448,1290 1493,1290 1537,1287 1582,1290 1627,1290 1672,1287 1717,1284 1761,1287 1806,1287 1851,1287 1896,1287 1941,1290 1985,1284 2030,1284 2075,1284 2120,1287 2165,1287 2209,1287 2254,1287"/>
                <TextEquiv>
                    <Unicode>Wo käme ich hin — wenn ich empfindlich wäre!</Unicode>
                </TextEquiv>
            </TextLine>
            <TextLine id="tr_1_tl_11" custom="readingOrder {index:10;}">
                <Coords points="863,1399 2378,1397 2378,1336 2151,1304 863,1325"/>
                <Baseline points="874,1385 904,1385 949,1382 994,1382 1039,1379 1084,1379 1128,1379 1173,1379 1218,1379 1263,1376 1307,1379 1352,1376 1397,1376 1442,1376 1487,1379 1531,1379 1576,1379 1621,1376 1666,1376 1711,1376 1755,1376 1800,1373 1845,1373 1890,1373 1935,1373 1979,1373 2024,1373 2069,1373 2114,1373 2159,1376 2203,1376 2248,1373 2293,1373 2338,1376 2383,1373"/>
                <TextEquiv>
                    <Unicode>Und — wo kämen die andern hin! Ein solches Vorgehen</Unicode>
                </TextEquiv>
            </TextLine>
            <TextLine id="tr_1_tl_12" custom="readingOrder {index:11;}">
                <Coords points="859,1487 2332,1491 2384,1414 1086,1401 859,1437"/>
                <Baseline points="869,1472 907,1472 952,1472 997,1469 1042,1469 1086,1469 1131,1469 1176,1469 1221,1466 1266,1466 1310,1466 1355,1466 1400,1466 1445,1469 1490,1466 1534,1466 1579,1466 1624,1463 1669,1466 1714,1466 1758,1463 1803,1463 1848,1463 1893,1463 1938,1463 1982,1463 2027,1463 2072,1463 2117,1463 2162,1463 2206,1463 2251,1463 2296,1463 2341,1460 2386,1460"/>
                <TextEquiv>
                    <Unicode>meinerseits — da ich ja in Fechter- und ähnlichen Kunst¬</Unicode>
                </TextEquiv>
            </TextLine>
            <TextLine id="tr_1_tl_13" custom="readingOrder {index:12;}">
                <Coords points="870,1600 1107,1563 2321,1577 2386,1561 2386,1489 1346,1529 1138,1485 1063,1535 977,1483 870,1504"/>
                <Baseline points="880,1564 910,1561 955,1558 1000,1558 1045,1558 1089,1558 1134,1555 1179,1555 1224,1555 1269,1555 1313,1555 1358,1555 1403,1555 1448,1555 1493,1552 1537,1552 1582,1552 1627,1549 1672,1552 1717,1552 1761,1549 1806,1549 1851,1552 1896,1549 1941,1549 1985,1549 2030,1549 2075,1552 2120,1552 2165,1549 2209,1552 2254,1552 2299,1552 2344,1549 2389,1549"/>
                <TextEquiv>
                    <Unicode>stücken nicht ganz ungewandt bin, das Gleichgewicht all¬</Unicode>
                </TextEquiv>
            </TextLine>
            <TextLine id="tr_1_tl_14" custom="readingOrder {index:13;}">
                <Coords points="870,1672 2222,1668 2386,1651 2388,1598 872,1601"/>
                <Baseline points="880,1657 910,1651 955,1648 1000,1648 1045,1645 1089,1645 1134,1645 1179,1645 1224,1645 1269,1645 1313,1642 1358,1642 1403,1639 1448,1642 1493,1642 1537,1639 1582,1639 1627,1639 1672,1639 1717,1639 1761,1639 1806,1639 1851,1639 1896,1639 1941,1636 1985,1636 2030,1639 2075,1639 2120,1639 2165,1636 2209,1639 2254,1639 2299,1639 2344,1639 2389,1633"/>
                <TextEquiv>
                    <Unicode>zusehr zuungunsten meiner politischen Gegner zu ver¬</Unicode>
                </TextEquiv>
            </TextLine>
            <TextLine id="tr_1_tl_15" custom="readingOrder {index:14;}">
                <Coords points="876,1764 2357,1745 2395,1663 2239,1699 1878,1659 1512,1701 876,1674"/>
                <Baseline points="886,1735 922,1732 967,1732 1012,1732 1057,1732 1101,1732 1146,1729 1191,1729 1236,1729 1281,1729 1325,1729 1370,1729 1415,1729 1460,1732 1505,1729 1549,1729 1594,1729 1639,1729 1684,1729 1729,1729 1773,1729 1818,1726 1863,1726 1908,1726 1953,1726 1997,1726 2042,1729 2087,1726 2132,1726 2176,1726 2221,1726 2266,1726 2311,1726 2356,1729 2400,1726"/>
                <TextEquiv>
                    <Unicode>schieben — es wäre nicht fair play, könnte man</Unicode>
                </TextEquiv>
            </TextLine>
            <TextLine id="tr_1_tl_16" custom="readingOrder {index:15;}">
                <Coords points="867,1846 2336,1844 2392,1830 2394,1754 868,1764"/>
                <Baseline points="877,1824 919,1821 964,1821 1009,1821 1054,1821 1098,1821 1143,1821 1188,1818 1233,1818 1278,1815 1322,1815 1367,1818 1412,1818 1457,1818 1502,1815 1546,1815 1591,1815 1636,1818 1681,1818 1726,1815 1770,1815 1815,1815 1860,1812 1905,1812 1950,1818 1994,1815 2039,1815 2084,1815 2129,1812 2173,1815 2218,1815 2263,1815 2308,1815 2353,1815 2397,1815"/>
                <TextEquiv>
                    <Unicode>finden. Aber — dies eine Mal — Man soll nicht</Unicode>
                </TextEquiv>
            </TextLine>
            <TextLine id="tr_1_tl_17" custom="readingOrder {index:16;}">
                <Coords points="863,1924 2161,1928 2163,1840 865,1857"/>
                <Baseline points="874,1911 910,1911 955,1908 1000,1911 1045,1911 1089,1911 1134,1908 1179,1908 1224,1908 1269,1908 1313,1905 1358,1908 1403,1905 1448,1905 1493,1905 1537,1905 1582,1905 1627,1905 1672,1905 1717,1905 1761,1905 1806,1905 1851,1905 1896,1902 1941,1902 1985,1902 2030,1902 2075,1902 2120,1902 2165,1896"/>
                <TextEquiv>
                    <Unicode>etwa sagen, daß ich meine Anhänger für mich</Unicode>
                </TextEquiv>
            </TextLine>
        </TextRegion>
        <TextRegion id="tr_2" custom="readingOrder {index:1;}">
            <Coords points="869,1941 2403,1941 2403,2990 869,2990"/>
            <TextLine id="tr_2_tl_1" custom="readingOrder {index:0;}">
                <Coords points="924,2010 2218,2027 2384,2010 2384,1926 924,1937"/>
                <Baseline points="934,2000 955,2000 1000,1997 1045,1997 1089,1997 1134,1994 1179,1994 1224,1994 1269,1997 1313,1994 1358,1994 1403,1994 1448,1991 1493,1991 1537,1991 1582,1991 1627,1994 1672,1991 1717,1991 1761,1994 1806,1994 1851,1991 1896,1991 1941,1991 1985,1991 2030,1991 2075,1994 2120,1991 2165,1991 2209,1991 2254,1991 2299,1991 2344,1994 2389,1991"/>
                <TextEquiv>
                    <Unicode>Fliederbusch (entschieden): Nie und nimmer, Herr Graf.</Unicode>
                </TextEquiv>
            </TextLine>
            <TextLine id="tr_2_tl_2" custom="readingOrder {index:1;}">
                <Coords points="861,2121 1227,2090 1296,2121 1346,2086 1645,2119 1823,2082 1960,2119 2073,2098 2021,2027 1916,2012 1809,2046 1674,2016 1231,2056 1117,2021 861,2035"/>
                <Baseline points="871,2093 913,2090 958,2087 1003,2087 1048,2084 1092,2084 1137,2084 1182,2081 1227,2084 1272,2084 1316,2081 1361,2084 1406,2084 1451,2084 1496,2084 1540,2081 1585,2081 1630,2081 1675,2081 1720,2081 1764,2081 1809,2081 1854,2078 1899,2081 1944,2078 1988,2078 2033,2078 2078,2075"/>
                <TextEquiv>
                    <Unicode>Ich bestehe auf meinen früheren Rechten</Unicode>
                </TextEquiv>
            </TextLine>
            <TextLine id="tr_2_tl_3" custom="readingOrder {index:2;}">
                <Coords points="922,2199 1918,2166 2214,2193 2214,2113 2144,2103 1903,2149 1752,2103 1643,2132 1470,2100 1349,2142 1281,2107 924,2119"/>
                <Baseline points="934,2173 964,2171 1009,2171 1054,2171 1098,2171 1143,2171 1188,2171 1233,2171 1278,2171 1322,2171 1367,2171 1412,2171 1457,2171 1502,2171 1546,2171 1591,2171 1636,2171 1681,2168 1726,2168 1770,2168 1815,2168 1860,2168 1905,2168 1950,2165 1994,2168 2039,2168 2084,2168 2129,2165 2173,2162 2218,2165"/>
                <TextEquiv>
                    <Unicode>Graf: Die ich natürlich respektiere — obwohl</Unicode>
                </TextEquiv>
            </TextLine>
            <TextLine id="tr_2_tl_4" custom="readingOrder {index:3;}">
                <Coords points="930,2283 2384,2287 2384,2218 2237,2197 930,2201"/>
                <Baseline points="940,2266 955,2266 1000,2263 1045,2260 1089,2260 1134,2260 1179,2257 1224,2257 1269,2257 1313,2260 1358,2260 1403,2260 1448,2260 1493,2260 1537,2260 1582,2257 1627,2257 1672,2257 1717,2257 1761,2257 1806,2257 1851,2257 1896,2257 1941,2257 1985,2257 2030,2254 2075,2254 2120,2257 2165,2257 2209,2257 2254,2260 2299,2260 2344,2257 2389,2254"/>
                <TextEquiv>
                    <Unicode>Fliederbusch: Wenn Herr Graf nach Beendigung</Unicode>
                </TextEquiv>
            </TextLine>
            <TextLine id="tr_2_tl_5" custom="readingOrder {index:4;}">
                <Coords points="863,2350 1143,2384 2311,2361 2311,2300 2082,2329 1966,2275 1832,2315 1544,2279 863,2302"/>
                <Baseline points="874,2347 919,2350 964,2350 1009,2347 1054,2350 1098,2347 1143,2350 1188,2350 1233,2350 1278,2350 1322,2350 1367,2353 1412,2350 1457,2353 1502,2353 1546,2353 1591,2356 1636,2353 1681,2353 1726,2353 1770,2353 1815,2353 1860,2353 1905,2356 1950,2353 1994,2353 2039,2350 2084,2350 2129,2350 2173,2350 2218,2353 2263,2353 2308,2353 2317,2350"/>
                <TextEquiv>
                    <Unicode>meiner Affäre noch den Wunsch hegen sollten — dann</Unicode>
                </TextEquiv>
            </TextLine>
            <TextLine id="tr_2_tl_6" custom="readingOrder {index:5;}">
                <Coords points="867,2453 2392,2468 2392,2386 2195,2367 1708,2409 867,2384"/>
                <Baseline points="877,2436 916,2436 961,2436 1006,2436 1051,2436 1095,2436 1140,2439 1185,2439 1230,2436 1275,2439 1319,2439 1364,2442 1409,2442 1454,2442 1499,2442 1543,2442 1588,2442 1633,2442 1678,2439 1723,2442 1767,2442 1812,2442 1857,2442 1902,2442 1947,2442 1991,2442 2036,2442 2081,2439 2126,2439 2171,2442 2215,2442 2260,2439 2305,2439 2350,2439 2394,2433"/>
                <TextEquiv>
                    <Unicode>Aber wenn es mir erlaubt ist, meine ehrliche Meinung</Unicode>
                </TextEquiv>
            </TextLine>
            <TextLine id="tr_2_tl_7" custom="readingOrder {index:6;}">
                <Coords points="861,2546 2367,2562 2390,2466 861,2485"/>
                <Baseline points="871,2535 916,2526 961,2526 1006,2526 1051,2529 1095,2529 1140,2529 1185,2526 1230,2526 1275,2529 1319,2532 1364,2532 1409,2532 1454,2532 1499,2532 1543,2532 1588,2532 1633,2532 1678,2532 1723,2532 1767,2529 1812,2529 1857,2532 1902,2532 1947,2535 1991,2532 2036,2529 2081,2532 2126,2532 2171,2535 2215,2532 2260,2529 2305,2526 2350,2526 2394,2520"/>
                <TextEquiv>
                    <Unicode>zu äußern, so finde ich, daß Herr Graf sich mit Flieder¬</Unicode>
                </TextEquiv>
            </TextLine>
            <TextLine id="tr_2_tl_8" custom="readingOrder {index:7;}">
                <Coords points="867,2646 1953,2646 1953,2598 1834,2558 867,2560"/>
                <Baseline points="877,2612 922,2612 967,2612 1012,2618 1057,2615 1101,2618 1146,2615 1191,2618 1236,2615 1281,2618 1325,2615 1370,2618 1415,2621 1460,2621 1505,2621 1549,2621 1594,2621 1639,2621 1684,2618 1729,2618 1773,2618 1818,2618 1863,2621 1908,2621 1953,2624 1958,2624"/>
                <TextEquiv>
                    <Unicode>busch in keinem Falle schlagen dürfen.</Unicode>
                </TextEquiv>
            </TextLine>
            <TextLine id="tr_2_tl_9" custom="readingOrder {index:8;}">
                <Coords points="924,2720 1567,2735 1630,2709 1735,2735 1880,2714 1880,2644 1407,2647 1384,2670 1290,2640 1216,2665 924,2651"/>
                <Baseline points="934,2702 979,2702 1024,2702 1069,2702 1113,2705 1158,2705 1203,2705 1248,2705 1293,2705 1337,2705 1382,2705 1427,2708 1472,2708 1517,2708 1561,2708 1606,2705 1651,2708 1696,2708 1740,2705 1785,2705 1830,2705 1875,2705 1884,2708"/>
                <TextEquiv>
                    <Unicode>Graf (fast belustigt): Nicht dürfen!!</Unicode>
                </TextEquiv>
            </TextLine>
            <TextLine id="tr_2_tl_10" custom="readingOrder {index:9;}">
                <Coords points="930,2806 2298,2823 2262,2728 1834,2779 1428,2724 1363,2762 1311,2728 930,2730"/>
                <Baseline points="940,2795 958,2792 1003,2795 1048,2795 1092,2795 1137,2795 1182,2795 1227,2795 1272,2795 1316,2795 1361,2795 1406,2798 1451,2798 1496,2798 1540,2798 1585,2798 1630,2798 1675,2798 1720,2798 1764,2798 1809,2795 1854,2795 1899,2795 1944,2795 1988,2798 2033,2798 2078,2795 2123,2795 2168,2795 2212,2795 2257,2792 2302,2789"/>
                <TextEquiv>
                    <Unicode>Fliederbusch: Einfach darum, — weil Sie ja</Unicode>
                </TextEquiv>
            </TextLine>
            <TextLine id="tr_2_tl_11" custom="readingOrder {index:10;}">
                <Coords points="867,2888 1285,2890 1445,2947 2397,2922 2380,2834 867,2821"/>
                <Baseline points="877,2878 922,2875 967,2881 1012,2881 1057,2884 1101,2884 1146,2884 1191,2884 1236,2887 1281,2890 1325,2890 1370,2893 1415,2893 1460,2893 1505,2896 1549,2896 1594,2896 1639,2893 1684,2893 1729,2896 1773,2896 1818,2896 1863,2896 1908,2896 1953,2896 1997,2896 2042,2896 2087,2899 2132,2896 2176,2899 2221,2902 2266,2899 2311,2896 2356,2890 2400,2887 2403,2884"/>
                <TextEquiv>
                    <Unicode>offenbar keine Spur einer feindseligen Regung gegen</Unicode>
                </TextEquiv>
            </TextLine>
            <TextLine id="tr_2_tl_12" custom="readingOrder {index:11;}">
                <Coords points="861,2980 888,2972 985,2995 1044,2983 1094,3001 1174,2983 1191,2999 1214,2985 1269,3004 1311,2987 1348,2993 1346,2901 1067,2905 1017,2888 954,2907 857,2892"/>
                <Baseline points="869,2962 913,2968 958,2971 1003,2971 1048,2971 1092,2971 1137,2974 1182,2977 1227,2974 1272,2977 1316,2980 1352,2980"/>
                <TextEquiv>
                    <Unicode>ihn empfinden!!</Unicode>
                </TextEquiv>
            </TextLine>
        </TextRegion>
    </Page>
</PcGts>
