3384 4168
2679 364 2860 553 115
813 545 2755 758 Baronin: Du hältst mich wohl für eine
820 747 1471 925 Komödiantin
823 875 2860 1077 Fink: Nun, wenn du mich liebst,so erfül-
836 986 2899 1216 le mir den einen Wunsch packe eine Hand-
841 1145 2949 1384 tasche so geschwind als möglich und reise
836 1374 1431 1531 mit mir ab.
839 1473 2852 1680 Baronin: Ja,bist du denn nicht bei Be-
862 1623 2273 1864 sinnung? Du hast ein Duell.
860 1761 2928 1982 Fink: Es wird verschoben. Lass das mein
865 1929 2852 2134 sorge sein. Ich bin bereit zu sterben.
878 2081 2978 2283 Aber nicht heute,nicht nach dieser Nacht.
873 2220 2868 2440 Es wäre zu grausam. Ich will wenigstens
875 2372 2881 2613 noch eine Woche lang mit dir glücklich
886 2556 2781 2742 sein. Und überdies habe ich wirklich
886 2666 2957 2902 noch Angelegenheiten zu ordnen. Du weisst
920 2831 3004 3075 ja nichts.Du kennst mich überhaupt nicht.
902 2996 2828 3219 Ich kann nicht so aus der Welt gehen.
915 3159 2786 3358 Es muss mir eine Frist gegönnt sein.
904 3287 2763 3528 Baronin: (misst ihn) Du hast einfach
915 3465 2228 3720 Angst. Du willst kneifen
