3416 4136
681 490 2944 644 Ich bin so neugierig, dass ich gern zugleich
686 612 2862 777 wissen möchte, wie es dem Henker zumut ist,
672 772 2833 977 der das Schwert schwingt und dem Kopf, der
681 923 1620 1128 in den Korb fällt.
686 1224 2936 1449 Ist Ueberzeugung ein leeres Wort,dann könn-
689 1375 2247 1563 te ja die Welt zugrunde gehen.
678 1558 2839 1740 Das tut sie ja, nur merkt Ihr es nicht und
678 1677 2033 1871 haltet es für Entwicklung.
681 2010 2799 2153 Wir werden so lange bestehen,so lange es
692 2198 2190 2341 eine bürgerliche Presse gibt.
678 2483 2791 2674 Und wenn ich das veröffentlichte, was Sie
723 2654 1691 2822 jetzt gesagt haben?
681 2788 2959 2941 Gleichgültig. Das Wesen der Partei, dass auch
689 2947 1774 3124 Lügen nichts schaden.
1837 3132 2474 3295 in gewisiehn
681 3235 2964 3374 Der Erfolg der Religion: Sie ist das Elegan
689 3437 2816 3591 teste und verursacht keine nennenswerten
686 3568 1059 3744 Kosten.
