3384 4088
2583 336 2786 501 132
888 483 2912 736 Graf: Sollte ich allmählich begreifen,
908 794 2839 1012 Fink: Ja, Sie begreifen es,Herr Graf.
913 966 2887 1202 Und daher sind Sie der einzige Mensch,
923 1111 2803 1321 der mich aus meiner Situation retten
923 1255 2904 1467 kann. Sie ahnen, dass es endlich so weit
929 1440 2866 1644 kommen musste, wie es gekommen ist. In
946 1553 2783 1776 einer Stunde soll ich mir gegenüber.
939 1713 2917 1948 stehen auf Tod und Leben. Wie soll das
949 1951 1288 2085 enden?
946 2044 2884 2254 Graf: Es scheint, dass diese Situation
949 2199 2869 2398 Sie tatsächlich etwas verrückt macht.
972 2343 2826 2543 S Die Sache löst sich ja von selbst.
979 2464 3016 2677 Ich versichere Sie, dass Sie sich in kei-
972 2677 2016 2869 ner Gefahr befinden.
987 2803 3001 3011 Fink: Die Leute werden es nicht verste-
984 2917 3013 3157 hen. Sie werden mich für einen Komödian-
997 3104 2985 3302 ten halten, für einen Gaukler, Wir einen
999 3249 2907 3459 frivolen Menschen. Das bin ich nicht
1007 3443 3018 3613 Ich lodere,ich brenne, ich bin mein Tod-
