3400 4184
2679 253 2870 441 123
819 397 2859 715 Graf Niederhof erscheint an der Garten-
835 725 1051 897 tür.
837 837 2103 994 Baronin: Ah, was soh ich.
850 913 2846 1164 Graf: (der in den Garten tritt) Warum so
866 1049 2966 1294 erstaunt, Frau Baronin? Ich habe mir erlaubt
856 1276 2129 1450 meinen Besuch anzusagen.
863 1315 2705 1594 Baronin: Ich habe meine Briefeheute
879 1602 1920 1756 noch nicht eröffnet.
895 1745 2752 1933 Graf, (sieht die Briefe noch auf dem
892 1839 2948 2110 Tisch liegen) Ganz richtig. Da ist auch
910 2048 2306 2230 einer von dem Herrn Gemahl.
913 2199 2124 2392 Baronin: Aus Toneriffa?
913 2290 2379 2504 Graf: Nein,Poststempel Wien.
923 2473 2515 2684 Baronin: Ah. (sie verschwindet)
