3352 4184
2700 432 2830 564 89
570 550 2813 767 Baronin: Darüber wird sich ja reden lassen.
578 736 2838 931 Funk: Man möchte einmal etwas erleben, etwas
581 925 2096 1103 Herrliches,ehe man dahingeht.
570 1095 2593 1239 Baronin: Sie haben eine Ahnung, dass es
587 1233 1758 1399 schlimm ausgehen wird?
601 1340 2779 1521 Funk: Was tut’s,wenn man nur einmal glück-
595 1555 1540 1715 lich gewesen wäre.
590 1642 2573 1851 Baronin: Sie reden ja wie ein Dichter.
595 1845 2745 1997 Funk: Auch davon hab ich einmal geträumt.
590 1975 2799 2164 Baronin: Es gibt schon Träume,die Wahrheit
592 2170 982 2333 werden.
612 2311 1487 2463 Funk: Mein Traum
601 2412 2872 2587 Baronin: Also, wir sehen uns ja heute Abend
607 2590 1777 2756 bei der Comitésitzung,
609 2731 2677 2897 Funk: Darf man fragen,ob viele Leute da
615 2954 914 3081 sind?
623 2993 2824 3208 Baronin: No ja, es wären eigentlich sieben,
615 3213 2880 3400 aber ich denk, ich werde den andern fünf ab-
632 3397 965 3552 sagen.
632 3501 2254 3718 Funk: Baronin! (ihr zu Füssen).
640 3639 2689 3868 Baronin: Aber was fallt Ihnen denn ein.
