3288 3928
2521 179 2606 239 F A
1156 212 2108 405 Alte Sormung
1529 442 1679 529 123
868 486 2399 612 ich Sie recht verstehe —, sich in jedem Falle — völlig frei
882 623 1158 726 glauben?
1314 708 1783 803 Glauben —?!
942 731 1253 816 Graf: —
938 807 2401 907 Fliederbusch: Es wäre immerhin zu erwägen, Herr
880 899 2397 990 Graf, ob Sie hier nicht — glücklicherweise — in einer
953 975 2221 1081 Selbsttäuschung befangen sind. — Ihre Rede
944 1081 2397 1175 Graf (nicht heftig): Immer diese Rede. Wollen Sie
882 1181 2401 1276 sie nicht endlich aus dem Spiele lassen? Ich glaube,
882 1260 1994 1359 Ihnen doch eben angedeutet zu haben
951 1343 2407 1463 Fliederbusch: Daß Sie — kein Fanatiker sind,
882 1428 2430 1540 Herr Graf. Gut. Aber — Sie haben sich doch mit
882 1534 2411 1627 vollem Bewußtsein auf eine Seite geschlagen — und
896 1619 2412 1725 zwar gerade auf diejenige, wo man nicht sonderlich er¬
2254 1693 2355 1781 N
894 1731 1704 1824 staunt war Sie zu erblicken -
953 1783 2096 1926 Graf (lachend): Irgendwo muß man doch
961 1903 2422 2005 Fliederbusch. Verzeihen Sie, Herr Graf, Sie hatten
888 1986 2422 2104 ja die Wahl — es kann kein Zufall sein, daß Sie gerade
896 2069 2422 2169 dort standen, wo man Sie — zum mindesten Ihrer
896 2177 2021 2285 Geburt nach zu finden erwarten durfte.
957 2258 2430 2358 Graf: Das ist doch weiter nicht merkwürdig! Meiner
919 2343 2438 2470 „Überzeugung“ nach gehör’ ich — weder dahin noch
911 2440 2436 2559 dorthin. Zum Fanatiker bin ich also meiner ganzen
911 2521 2438 2644 Anlage nach nicht geschaffen. Aber das konnte für mich
911 2613 2434 2723 doch noch keinen Grund abgeben — als eine Art von
917 2733 1517 2822 Verräter zutraufeten
973 2802 2355 2897 Fliederbusch: So empfänden Sie es also doch
932 2881 2436 2984 als Verrat, wenn Sie sich auf der Gegenseite... im
