3336 4072
2603 205 2778 426 135
854 413 2757 639 Fink: (verabschiedet sich vom Grafen).
854 577 2837 798 Graf: Fahron Sie getrost,Glück auf den
864 785 1082 959 Weg!
867 849 2909 1088 Schromm: Wir wussten ja, dass es für den
872 1034 2547 1247 Herrn Grafen kein Geheimnis ist.
872 1195 2845 1424 Fihk: (und seine zwei Sekundanten stei-
885 1349 2691 1562 gen in den Wagen und fahren davon).
887 1513 2860 1708 Baronin: (rasch aus dem Haus. Hinter ihr
898 1642 2893 1852 Cajetan und Adele) Wer ist denn da weg.
905 1803 2473 2034 gefahren? Wo ist unser Freund?
905 1957 2937 2180 Graf: Seine Sekundanten haben ihn abge-
913 2162 1188 2329 holt.
913 2265 2339 2468 Baronin: Hier? Sie wussten?
926 2442 2952 2601 Graf: Es scheint. Ich mache Ihnen einen
941 2606 2911 2801 Vorschlag, Baronin. Schauen wir uns die
931 2775 1937 2963 Geschichte doch an.
931 2850 2998 3109 Baronin: Wir sollen dem Duell zuschauen?
946 3019 2909 3232 Graf: Warum nicht? Ich glaube,Sie wer-
949 3183 2457 3376 den sich glänzend unterhalten.
952 3378 3001 3535 Cajetan: (zur Baronin) Wir werden’s heu-
964 3511 2739 3704 te unterbrechen müssen. Ich muss um
