3544 4344
2861 302 2957 474 6
913 518 2978 684 Uhr Abends in seiner Wohnung einfinden,
918 651 3109 886 und Abendstern möge schon um vier bei ihm
935 867 1204 1014 sein.
1245 973 3112 1164 Ja,was tun? Verschwinden? Dann sind
2036 1076 2256 1174 F.J
946 1131 3014 1324 ja beide zugleich fort. Fliehen? Vor mir
943 1262 3008 1439 selbst? Er wird mit Abendstern alles be-
946 1452 2641 1594 sprechen, der wird ihn verstehen.
1262 1594 2973 1760 Die Fürstin kommt, der er gestern
948 1736 3109 1927 beim Rennen vorgestellt wurde. Schon frü
948 1899 3090 2101 her ist von ihr die Rede. Sie kommt wegen
970 2025 3161 2215 des bevorstehenden Festes, wegen der Bilder
967 2185 2978 2360 etc.,wegen der Comitésitzung.Der junge
967 2360 3158 2537 Mensch gefällt ihr.Er soll als Redaktions¬
973 2502 3104 2687 mitglied der „Eleganten Welt“ ins Comité
978 2641 3139 2869 eintreten.Nun wird von Egon telephoniert.
986 2777 3019 3011 Die Fürstin entnimmt aus seinen Antwor
997 2992 3115 3136 ten, dass er ein puell haben soll, was sie
1000 3145 3033 3305 interesiert, sie wird die Comitésitzung
997 3265 2875 3515 auf morgen verschieben,erwartet ihn
997 3493 1837 3671 abends um sechs.
1414 3586 3104 3829 Sie geht und lässt ihn ganz ver.
