3400 4152
2788 306 2926 549 75
668 597 2921 775 merei für Adel echt. Aber als er schwarz auf
671 733 2926 934 weiss jenen Artikel, den er als Funk für den
679 908 2816 1075 Grafen Niederhof schrieb, vor Augen hatte,
688 1039 2940 1217 erfasste ihn selbst eine solche Wut, das s er
676 1206 2813 1387 heftig erwiderte;dass er diese Erwiderung
676 1375 2861 1517 zuerst für sich niederschrieb und dann die
676 1477 2731 1678 Gelegenheit benützte,diesen Artikel in
130 1426 572 1690 Votre ami
682 1678 2765 1834 das Buraau seines Chefs Markus zu legen.
674 1834 2776 1978 Das wiederholt sich (technisch natürlich
676 1956 2955 2151 nicht in gleicher Weise), so kommt es zur Po¬
685 2097 2185 2289 lemik zwischen Fink und Funk.
713 2292 2935 2417 (Dies sollte er doch lieber erst dem Grafen
676 2431 2734 2601 sagen. Wandra gegenüber brauchte er sich
676 2584 2949 2734 nicht preiszugeben. Wohl auch vorteilhafter,
676 2677 2915 2904 wenn die Spannung erst im 4.Akt geföst wird.
676 2895 2841 3056 Die Szene mit Wendra müsste dann anderswo
676 3056 2926 3187 hingehen,eventuell läuft das Ganze auf eine
722 3206 2963 3359 kleine Erpressung himus. Vorläufig vertrös
691 3342 2850 3512 tet er Windra eventuell damit,dass er ihm
682 3441 2838 3702 wieder den Sportbericht überlässt und ihm
