3512 4328
2912 438 2997 596 2
918 601 3127 778 zu kündigen. Die Unzufriedenheit Leuchters
924 758 3094 924 und Frühbecks ist ihm daher eher willkom-
918 987 1155 1086 men.
924 1056 3102 1257 Es ereignet sich nun, dass der von ihm als
943 1260 3130 1423 Fink geschriebene Artikel in seiner Gegen¬
921 1417 3058 1586 wart vorgelesen wird. Er ist im Innersten
918 1564 3036 1734 entrüstet, schreibt sofort den Gegenarti-
938 1715 2887 1875 kel,der von Leuchter akzeptiert wird.
938 1875 3058 2007 In der Ockonomie des Stücks liegt es, dass
940 2021 3022 2159 der Zuschauer im ersten Akt nur Flieder.
927 2156 3127 2311 busch sieht, ohne dessen Identität mit Fik
938 2330 3061 2487 zu ahnen. Sein Vater kommt nicht vor.Hin-
935 2476 3138 2625 gegen tritt seine Frau aufunruhig,je wohl
938 2622 3006 2780 schon etwas misstrauisch,weil er wieder
943 2815 2909 2951 einen Tag vom Hause fortgeblieben ist
979 2956 2904 3108 (oder man hat ihn sonderbar gekleidet
946 3108 3160 3254 beim Rennen gesehen). Hier ergibt sich auch
940 3262 3055 3400 ungezwungen die Einladung an Abendstern.
951 3414 3028 3571 Im zweiten Akt betritt Fliederbusch die
943 3541 2973 3723 Redaktion der „Eleganten Welt“ mit der
940 3764 3053 3905 Absicht dort seine Entlassung zu nehmen.
