3576 4344
252 481 727 733 11./9. 1915
848 599 3150 770 Fliederbusch.Reporter, Hauptsächlich Gerichts
905 782 3127 951 saal beim Tagewerk. Er hat zu gleicher Zeit
919 919 2841 1082 vorsichtigerweise unter anderm Namen
2878 1051 3070 1211 ge-
911 1108 2844 1257 Sportberichte für die „Elegante Welt“
2543 1186 2947 1283 bilder
931 1263 3084 1412 liefert. Später auch Stimmungs
919 1423 3033 1566 selbst in Freude an dem Doppelspiel,
928 1564 3119 1727 viel leicht in Zusammenhang mit einer Lieb¬
919 1701 3096 1876 schaft hatte er unter dem Namen Fink auch
925 1839 3044 2022 eine andere Wohnung.Als Fliederbusch ist
934 2030 3036 2174 er vermählt mit einer jungen Frau,Sozia-
2491 2111 2867 2219 als solite
939 2205 3007 2325 listin vielleicht sogar tätig darin,aus
928 2294 3093 2503 serdem Uebersetzerin. Alles verläuft ohne
934 2486 3130 2640 besondere Störung, bis er als Fink für die
936 2652 3016 2801 „Elegante Welt“ den Artikel schreibt, in
931 2772 3099 2944 dem er für den Grafen Niederhof nach des¬
942 2958 2469 3116 sen Rede begeistert eintritt.
931 3084 3010 3270 Seine Entscheidung scheint getroffen, er
939 3233 3167 3431 will endgiltig zur Aristokratenpartei über
948 3402 3076 3580 gehen, wohl auch seine Frau einweihen und
942 3565 2978 3740 wenn er im ersten Akt in die Redaktion
945 3683 3142 3986 des „Tagewerks" kommt,ist er entschlossen
