<?xml version="1.0" encoding="UTF-8" standalone="yes"?>
<PcGts xmlns="http://schema.primaresearch.org/PAGE/gts/pagecontent/2013-07-15" xmlns:xsi="http://www.w3.org/2001/XMLSchema-instance" xsi:schemaLocation="http://schema.primaresearch.org/PAGE/gts/pagecontent/2013-07-15 http://schema.primaresearch.org/PAGE/gts/pagecontent/2013-07-15/pagecontent.xsd">
    <Metadata>
        <Creator>prov=READ-COOP:name=TrHtr:version=2.1.0:model_id=51170:date=30_07_2023_05:01</Creator>
        <Created>2023-05-10T13:29:26.897+02:00</Created>
        <LastChange>2023-07-30T05:01:44.352+02:00</LastChange>
        <TranskribusMetadata docId="1428576" pageId="55413068" pageNr="197" tsid="131483525" status="IN_PROGRESS" userId="64420" imgUrl="https://files.transkribus.eu/Get?id=SAYBDBITFPFVVVRAOOWUGNUJ&amp;fileType=view" xmlUrl="https://files.transkribus.eu/Get?id=OAKSUVCGUUMMJFJDVABSMYDW" imageId="44687209"/>
    </Metadata>
    <Page imageFilename="1428576_0197.jpg" imageWidth="3416" imageHeight="4232">
        <ReadingOrder>
            <OrderedGroup id="ro_1711792017467" caption="Regions reading order">
                <RegionRefIndexed index="0" regionRef="tr_1"/>
                <RegionRefIndexed index="1" regionRef="tr_2"/>
            </OrderedGroup>
        </ReadingOrder>
        <TextRegion id="tr_1" custom="readingOrder {index:0;}">
            <Coords points="826,334 2963,334 2963,2045 826,2045"/>
            <TextLine id="tr_1_tl_1" custom="readingOrder {index:0;}">
                <Coords points="2602,429 2648,427 2672,406 2682,417 2702,406 2726,424 2803,417 2808,311 2780,319 2769,309 2731,316 2710,301 2697,311 2684,303 2628,309 2610,301"/>
                <Baseline points="2620,396 2629,393 2674,390 2718,387 2763,387 2808,384"/>
                <TextEquiv>
                    <Unicode>128</Unicode>
                </TextEquiv>
            </TextLine>
            <TextLine id="tr_1_tl_2" custom="readingOrder {index:1;}">
                <Coords points="810,684 2546,576 2849,681 2867,414 2219,532 1952,491 1093,589 820,532"/>
                <Baseline points="826,668 850,665 895,665 940,662 984,659 1029,659 1074,656 1119,653 1163,650 1208,644 1253,641 1298,638 1343,635 1387,632 1432,629 1477,629 1522,626 1566,623 1611,623 1656,620 1701,617 1745,611 1790,608 1835,605 1880,599 1924,596 1969,593 2014,590 2059,587 2104,584 2148,581 2193,578 2238,576 2283,573 2327,570 2372,567 2417,564 2462,558 2506,555 2551,555 2596,555 2641,552 2686,549 2730,546 2775,543 2820,540 2865,537"/>
                <TextEquiv>
                    <Unicode>ihm auch Gerechtigkeit widerfahren las-</Unicode>
                </TextEquiv>
            </TextLine>
            <TextLine id="tr_1_tl_3" custom="readingOrder {index:2;}">
                <Coords points="828,833 882,836 908,828 936,846 977,833 990,841 1008,831 1059,838 1062,756 1039,756 1018,741 990,756 972,743 946,764 905,756 864,769 831,753"/>
                <Baseline points="842,822 886,817 931,814 975,814 1020,814 1065,814"/>
                <TextEquiv>
                    <Unicode>sen.</Unicode>
                </TextEquiv>
            </TextLine>
            <TextLine id="tr_1_tl_4" custom="readingOrder {index:3;}">
                <Coords points="831,1016 2312,885 2664,923 2756,903 2769,735 2340,810 2201,743 1954,813 841,838"/>
                <Baseline points="847,969 889,972 934,966 978,966 1023,963 1068,963 1113,961 1157,955 1202,952 1247,949 1292,946 1337,946 1381,946 1426,940 1471,934 1516,934 1560,931 1605,928 1650,925 1695,922 1739,919 1784,913 1829,910 1874,907 1919,904 1963,904 2008,901 2053,901 2098,898 2142,892 2187,892 2232,886 2277,883 2321,877 2366,874 2411,871 2456,868 2500,865 2545,862 2590,859 2635,856 2680,856 2724,859 2769,859"/>
                <TextEquiv>
                    <Unicode>Fink: Dass Sie es aber tun Herr Graf,</Unicode>
                </TextEquiv>
            </TextLine>
            <TextLine id="tr_1_tl_5" custom="readingOrder {index:4;}">
                <Coords points="851,1154 1252,1100 1383,1134 1527,1082 1759,1139 1856,1100 1988,1116 2039,1106 2044,995 1859,939 1754,985 859,1005"/>
                <Baseline points="865,1122 883,1119 928,1119 972,1119 1017,1116 1062,1113 1107,1110 1152,1107 1196,1104 1241,1101 1286,1098 1331,1095 1375,1092 1420,1089 1465,1086 1510,1086 1554,1080 1599,1077 1644,1074 1689,1071 1733,1071 1778,1068 1823,1062 1868,1059 1913,1059 1957,1056 2002,1053 2047,1053"/>
                <TextEquiv>
                    <Unicode>wundert mich noch mehr.</Unicode>
                </TextEquiv>
            </TextLine>
            <TextLine id="tr_1_tl_6" custom="readingOrder {index:5;}">
                <Coords points="854,1309 2641,1206 2888,1162 2893,1093 864,1154"/>
                <Baseline points="871,1277 880,1277 925,1274 969,1271 1014,1268 1059,1268 1104,1265 1149,1259 1193,1259 1238,1256 1283,1253 1328,1250 1372,1250 1417,1241 1462,1238 1507,1238 1551,1235 1596,1235 1641,1232 1686,1226 1731,1223 1775,1217 1820,1214 1865,1214 1910,1208 1954,1205 1999,1202 2044,1199 2089,1196 2133,1196 2178,1193 2223,1187 2268,1184 2312,1184 2357,1181 2402,1178 2447,1172 2492,1172 2536,1166 2581,1163 2626,1160 2671,1157 2715,1152 2760,1152 2805,1149 2850,1143 2894,1143"/>
                <TextEquiv>
                    <Unicode>Graf (erst jetzt) Der Mann hat schliess¬</Unicode>
                </TextEquiv>
            </TextLine>
            <TextLine id="tr_1_tl_7" custom="readingOrder {index:6;}">
                <Coords points="867,1448 1748,1378 2080,1404 2330,1360 2335,1250 1381,1268 1118,1376 874,1337"/>
                <Baseline points="883,1429 904,1426 949,1426 993,1423 1038,1420 1083,1420 1128,1417 1172,1411 1217,1408 1262,1405 1307,1402 1351,1399 1396,1396 1441,1393 1486,1390 1531,1387 1575,1381 1620,1381 1665,1378 1710,1375 1754,1372 1799,1369 1844,1366 1889,1360 1933,1357 1978,1354 2023,1354 2068,1354 2113,1351 2157,1346 2202,1346 2247,1343 2292,1340 2336,1346"/>
                <TextEquiv>
                    <Unicode>lich geradeso Recht wie Sie.</Unicode>
                </TextEquiv>
            </TextLine>
            <TextLine id="tr_1_tl_8" custom="readingOrder {index:7;}">
                <Coords points="900,1602 1054,1581 1082,1612 1244,1592 1298,1556 1545,1594 1664,1556 1736,1571 1769,1561 1774,1455 1556,1455 1507,1419 1373,1458 1288,1435 1147,1514 908,1484"/>
                <Baseline points="917,1576 963,1575 1008,1572 1053,1572 1098,1569 1143,1569 1187,1563 1232,1557 1277,1557 1322,1551 1366,1548 1411,1545 1456,1542 1501,1539 1545,1537 1590,1534 1635,1531 1680,1528 1725,1525 1769,1525 1778,1522"/>
                <TextEquiv>
                    <Unicode>Fink: Sie finden?</Unicode>
                </TextEquiv>
            </TextLine>
            <TextLine id="tr_1_tl_9" custom="readingOrder {index:8;}">
                <Coords points="882,1733 1427,1741 1574,1694 1800,1718 1903,1674 2047,1715 2057,1563 1993,1540 1761,1604 1702,1556 1550,1594 1388,1556 1121,1648 887,1651"/>
                <Baseline points="895,1731 937,1728 981,1725 1026,1722 1071,1722 1116,1722 1160,1719 1205,1716 1250,1716 1295,1710 1340,1704 1384,1704 1429,1698 1474,1695 1519,1692 1563,1689 1608,1686 1653,1683 1698,1680 1742,1677 1787,1674 1832,1668 1877,1668 1922,1665 1966,1662 2011,1665 2056,1659"/>
                <TextEquiv>
                    <Unicode>Graf: No ja, natürlich.</Unicode>
                </TextEquiv>
            </TextLine>
            <TextLine id="tr_1_tl_10" custom="readingOrder {index:9;}">
                <Coords points="892,1905 2756,1766 2952,1818 2960,1692 2242,1666 2103,1728 1676,1694 900,1782"/>
                <Baseline points="907,1886 949,1880 993,1877 1038,1874 1083,1874 1128,1871 1172,1871 1217,1865 1262,1862 1307,1859 1351,1856 1396,1853 1441,1847 1486,1847 1531,1841 1575,1841 1620,1838 1665,1829 1710,1829 1754,1826 1799,1823 1844,1820 1889,1817 1933,1814 1978,1814 2023,1811 2068,1805 2113,1805 2157,1802 2202,1799 2247,1790 2292,1787 2336,1787 2381,1784 2426,1781 2471,1778 2515,1775 2560,1772 2605,1772 2650,1772 2694,1763 2739,1760 2784,1760 2829,1754 2874,1751 2918,1748 2963,1748"/>
                <TextEquiv>
                    <Unicode>Fink: Diese Objektivität jemanden gelten</Unicode>
                </TextEquiv>
            </TextLine>
            <TextLine id="tr_1_tl_11" custom="readingOrder {index:10;}">
                <Coords points="905,2057 1964,1967 2468,1995 2895,1934 2900,1851 2029,1833 1926,1887 1486,1867 1250,1972 910,1959"/>
                <Baseline points="919,2035 931,2035 975,2032 1020,2029 1065,2026 1110,2023 1154,2020 1199,2020 1244,2020 1289,2014 1334,2014 1378,2011 1423,2005 1468,2002 1513,1996 1557,1990 1602,1990 1647,1990 1692,1987 1736,1984 1781,1981 1826,1978 1871,1975 1916,1972 1960,1966 2005,1966 2050,1960 2095,1960 2139,1954 2184,1954 2229,1948 2274,1945 2318,1942 2363,1939 2408,1933 2453,1933 2498,1930 2542,1927 2587,1924 2632,1924 2677,1922 2721,1916 2766,1913 2811,1910 2856,1904 2900,1901"/>
                <TextEquiv>
                    <Unicode>lassen, der genau die gegenteiligen An¬</Unicode>
                </TextEquiv>
            </TextLine>
        </TextRegion>
        <TextRegion id="tr_2" custom="readingOrder {index:1;}">
            <Coords points="925,2063 3026,2063 3026,3728 925,3728"/>
            <TextLine id="tr_2_tl_1" custom="readingOrder {index:0;}">
                <Coords points="910,2216 1185,2170 1468,2191 1535,2147 1993,2152 2000,2060 1946,2078 1795,2018 1617,2060 1481,2013 913,2150"/>
                <Baseline points="925,2190 928,2190 972,2187 1017,2181 1062,2175 1107,2175 1152,2172 1196,2169 1241,2169 1286,2166 1331,2160 1375,2160 1420,2157 1465,2151 1510,2151 1554,2145 1599,2145 1644,2142 1689,2139 1733,2136 1778,2133 1823,2130 1868,2127 1913,2121 1957,2116 2002,2113"/>
                <TextEquiv>
                    <Unicode>sichten hat als Sie -</Unicode>
                </TextEquiv>
            </TextLine>
            <TextLine id="tr_2_tl_2" custom="readingOrder {index:1;}">
                <Coords points="921,2355 2756,2255 2849,2232 2854,2160 2394,2121 928,2229"/>
                <Baseline points="934,2342 978,2336 1023,2333 1068,2330 1113,2330 1157,2327 1202,2324 1247,2318 1292,2315 1337,2312 1381,2312 1426,2309 1471,2307 1516,2304 1560,2301 1605,2295 1650,2295 1695,2292 1739,2289 1784,2283 1829,2280 1874,2277 1919,2274 1963,2268 2008,2268 2053,2262 2098,2259 2142,2256 2187,2256 2232,2253 2277,2250 2321,2247 2366,2247 2411,2241 2456,2238 2500,2235 2545,2232 2590,2229 2635,2226 2680,2220 2724,2217 2769,2214 2814,2208 2859,2205"/>
                <TextEquiv>
                    <Unicode>Graf: wieso? Ich habe überhaupt keine</Unicode>
                </TextEquiv>
            </TextLine>
            <TextLine id="tr_2_tl_3" custom="readingOrder {index:2;}">
                <Coords points="921,2510 2780,2420 2813,2319 1442,2317 928,2417"/>
                <Baseline points="937,2495 981,2492 1026,2489 1071,2486 1116,2480 1160,2480 1205,2474 1250,2474 1295,2471 1340,2468 1384,2465 1429,2462 1474,2459 1519,2459 1563,2456 1608,2453 1653,2447 1698,2444 1742,2441 1787,2435 1832,2432 1877,2432 1922,2429 1966,2426 2011,2420 2056,2417 2101,2414 2145,2411 2190,2408 2235,2405 2280,2402 2324,2399 2369,2396 2414,2393 2459,2390 2503,2387 2548,2384 2593,2381 2638,2378 2683,2375 2727,2372 2772,2366 2817,2363"/>
                <TextEquiv>
                    <Unicode>Ansichten. Wenn ich Ihnen damit eine</Unicode>
                </TextEquiv>
            </TextLine>
            <TextLine id="tr_2_tl_4" custom="readingOrder {index:3;}">
                <Coords points="936,2664 2936,2561 2998,2427 944,2569"/>
                <Baseline points="952,2644 984,2644 1029,2638 1074,2638 1119,2635 1163,2632 1208,2629 1253,2626 1298,2623 1343,2620 1387,2617 1432,2614 1477,2614 1522,2611 1566,2605 1611,2605 1656,2599 1701,2599 1745,2593 1790,2590 1835,2587 1880,2584 1924,2581 1969,2581 2014,2575 2059,2575 2104,2572 2148,2566 2193,2563 2238,2560 2283,2557 2327,2554 2372,2551 2417,2548 2462,2545 2506,2542 2551,2536 2596,2533 2641,2533 2686,2530 2730,2527 2775,2524 2820,2518 2865,2515 2909,2515 2954,2515 2999,2518"/>
                <TextEquiv>
                    <Unicode>Enttäuschung bereite, so tut es mir leid.</Unicode>
                </TextEquiv>
            </TextLine>
            <TextLine id="tr_2_tl_5" custom="readingOrder {index:4;}">
                <Coords points="946,2808 1430,2828 1671,2759 2731,2713 2787,2607 954,2690"/>
                <Baseline points="961,2805 996,2799 1041,2796 1086,2790 1131,2790 1175,2787 1220,2784 1265,2781 1310,2775 1354,2775 1399,2772 1444,2766 1489,2766 1534,2760 1578,2760 1623,2757 1668,2751 1713,2748 1757,2748 1802,2745 1847,2742 1892,2739 1936,2736 1981,2733 2026,2730 2071,2724 2116,2721 2160,2715 2205,2712 2250,2709 2295,2706 2339,2703 2384,2700 2429,2700 2474,2697 2518,2694 2563,2692 2608,2689 2653,2686 2697,2683 2742,2680 2787,2677"/>
                <TextEquiv>
                    <Unicode>Aber gerade Ihnen, der sich für mich</Unicode>
                </TextEquiv>
            </TextLine>
            <TextLine id="tr_2_tl_6" custom="readingOrder {index:5;}">
                <Coords points="995,2975 2949,2880 2957,2759 1005,2816"/>
                <Baseline points="1011,2945 1032,2945 1077,2945 1122,2945 1166,2942 1211,2939 1256,2936 1301,2930 1346,2930 1390,2924 1435,2921 1480,2918 1525,2915 1569,2912 1614,2909 1659,2906 1704,2903 1748,2903 1793,2900 1838,2897 1883,2891 1927,2888 1972,2885 2017,2880 2062,2877 2107,2874 2151,2874 2196,2871 2241,2865 2286,2865 2330,2862 2375,2859 2420,2859 2465,2856 2509,2853 2554,2850 2599,2847 2644,2841 2689,2841 2733,2838 2778,2832 2823,2826 2868,2826 2912,2826 2957,2826"/>
                <TextEquiv>
                    <Unicode>jetzt in eine solche Gefahr begöht,bin</Unicode>
                </TextEquiv>
            </TextLine>
            <TextLine id="tr_2_tl_7" custom="readingOrder {index:6;}">
                <Coords points="964,3129 1687,3073 1777,3111 2173,3032 2420,3062 2515,3029 2520,2924 975,2975"/>
                <Baseline points="981,3106 999,3103 1044,3100 1089,3097 1134,3094 1178,3091 1223,3088 1268,3085 1313,3085 1357,3079 1402,3079 1447,3077 1492,3074 1537,3071 1581,3068 1626,3065 1671,3062 1716,3056 1760,3053 1805,3053 1850,3047 1895,3044 1939,3041 1984,3038 2029,3035 2074,3032 2118,3029 2163,3026 2208,3023 2253,3020 2298,3017 2342,3014 2387,3014 2432,3014 2477,3011 2521,3011"/>
                <TextEquiv>
                    <Unicode>ich es einigermassen schuldig.</Unicode>
                </TextEquiv>
            </TextLine>
            <TextLine id="tr_2_tl_8" custom="readingOrder {index:7;}">
                <Coords points="964,3263 2954,3175 3024,3062 2610,3014 2168,3106 975,3121"/>
                <Baseline points="978,3259 1011,3259 1056,3256 1101,3253 1146,3250 1190,3250 1235,3244 1280,3241 1325,3238 1369,3238 1414,3232 1459,3229 1504,3226 1548,3223 1593,3220 1638,3220 1683,3217 1728,3211 1772,3211 1817,3205 1862,3202 1907,3202 1951,3196 1996,3193 2041,3190 2086,3187 2130,3184 2175,3181 2220,3175 2265,3172 2309,3172 2354,3169 2399,3166 2444,3163 2489,3160 2533,3157 2578,3154 2623,3151 2668,3148 2712,3145 2757,3145 2802,3139 2847,3139 2891,3133 2936,3130 2981,3127 3026,3127"/>
                <TextEquiv>
                    <Unicode>Fink: Darf ich um nähero Aufklärung bit-</Unicode>
                </TextEquiv>
            </TextLine>
            <TextLine id="tr_2_tl_9" custom="readingOrder {index:8;}">
                <Coords points="993,3445 1013,3448 1067,3417 1082,3422 1103,3412 1144,3427 1216,3430 1221,3273 1203,3265 1175,3276 1165,3263 1126,3273 1088,3265 1070,3276 1000,3271"/>
                <Baseline points="1008,3408 1044,3408 1089,3405 1134,3405 1178,3402 1223,3399"/>
                <TextEquiv>
                    <Unicode>ten?</Unicode>
                </TextEquiv>
            </TextLine>
            <TextLine id="tr_2_tl_10" custom="readingOrder {index:9;}">
                <Coords points="995,3577 2265,3530 2934,3458 2983,3373 1813,3345 1003,3448"/>
                <Baseline points="1008,3563 1017,3560 1062,3563 1107,3560 1152,3560 1196,3560 1241,3557 1286,3551 1331,3548 1375,3545 1420,3542 1465,3539 1510,3533 1554,3530 1599,3527 1644,3521 1689,3518 1733,3518 1778,3515 1823,3512 1868,3509 1913,3506 1957,3503 2002,3503 2047,3500 2092,3494 2136,3488 2181,3485 2226,3482 2271,3482 2315,3482 2360,3476 2405,3470 2450,3467 2495,3464 2539,3464 2584,3459 2629,3456 2674,3456 2718,3450 2763,3447 2808,3444 2853,3438 2897,3435 2942,3432 2987,3429"/>
                <TextEquiv>
                    <Unicode>Graf: Ich finde, alles ist gleich rich-</Unicode>
                </TextEquiv>
            </TextLine>
            <TextLine id="tr_2_tl_11" custom="readingOrder {index:10;}">
                <Coords points="1000,3721 2129,3705 2931,3610 2983,3525 1011,3577"/>
                <Baseline points="1014,3712 1059,3715 1104,3718 1149,3718 1193,3715 1238,3712 1283,3709 1328,3709 1372,3703 1417,3697 1462,3694 1507,3691 1551,3685 1596,3679 1641,3679 1686,3676 1731,3673 1775,3673 1820,3670 1865,3667 1910,3661 1954,3658 1999,3655 2044,3653 2089,3650 2133,3647 2178,3644 2223,3641 2268,3635 2312,3635 2357,3629 2402,3626 2447,3626 2492,3623 2536,3617 2581,3617 2626,3608 2671,3608 2715,3605 2760,3602 2805,3599 2850,3596 2894,3590 2939,3587 2984,3581"/>
                <TextEquiv>
                    <Unicode>tig. Von seinem Standpunkt hat am Ende</Unicode>
                </TextEquiv>
            </TextLine>
        </TextRegion>
    </Page>
</PcGts>
