3368 4184
2693 438 2830 623 86
680 646 2741 828 Funk: Baronin waren schon so gütig mich
680 788 1274 961 einzuladen.
682 907 2881 1115 Baronin: Ja richtig. Sie könnten ins Comité
685 1095 2892 1257 eintreten. Wir brauchen welche von den Zei.
685 1234 2815 1410 tungen. Und da Sie ausserdem „von“ sind -
714 1382 2812 1575 (also das früher von dem bürgerlich fort)
688 1553 2952 1729 Funk: Bitte sehr, das „Von“,das ist nur Pseu
685 1695 2522 1888 donym. Ich heisse schlechtweg Funk.
682 1860 1851 2042 Baronin: (lacht) Ah so.
700 2013 1561 2204 Tunk: Allerdings
680 2156 2531 2326 Baronin: Also was wollen Sie sagen?
691 2306 2886 2474 Funk: Verzeihen Frau Baronin, das wäre eine
711 2471 2687 2667 Indiskretion gegen meine Familie. Mein
682 2659 2972 2804 Grossvater oder mein Urgrossvater - es heiss
685 2776 2776 2926 wenigstens so - aber wir tragen den Adel
694 2952 2977 3091 nicht mehr. Wir sind verarmt. (erfindet noch
691 3088 2889 3262 allerlei) Aber ich lange eile Frau Baronin.
697 3287 2861 3438 Baronin: Was fällt Ihnen ein.Sie erzählen
702 3438 1223 3580 so hübsch.
700 3532 2932 3813 Funk: Frau Baronin flössen mir solches Ver-
