3368 4120
2652 381 2787 530 56
680 565 2787 725 Während dieser Szene, vielleicht schon zu
680 734 2933 898 Anfang erscheint wieder Fink, der sich even-
674 869 2833 1095 tuell bescheiden an der Diskussion betei-
680 1038 955 1244 ligt.
674 1319 2942 1480 Markus, kommt mit Voll aus seinem Bureau.Der
682 1477 2793 1666 Artikel über Ebstein wird neuerdings ge-
680 1634 2572 1815 kürzt". Ueber Politik.Ueber Niederhof.
685 1781 2936 1996 Er war früher Sporteman, jetzt in die Poli
691 1981 903 2122 tik.
685 2108 2882 2283 Voll:Der wird einmal Oesterreich regieren.
685 2248 2936 2423 Dann werden die Juden überhaupt aus Oester-
685 2443 1689 2595 reich herausgejagt.
682 2575 2004 2779 Markus: Ich bin ajüdisch.
700 2675 3002 2928 Wovon wirnicht schreiben, das existiert nicht,
748 2885 2836 3017 Fink verschwindet für kurze Zeit in das
682 3025 2936 3214 Bureau des Chefs und kommt wieder rasch zu-
685 3235 972 3398 rück.
