3416 4232
2812 216 2960 377 127
892 411 2887 572 Finkä Es freut mich, dass er Ihren Bei-
882 544 2848 739 fall gefunden hat. Im übrigen habe ich
908 718 2997 869 ja nur Ihre eigenen Ansichten wiederholt.
908 890 2950 1035 Graf: Meine Ansichten? (Sie meinen wegen
905 1009 1816 1194 Edelrasse u.s.w.?
903 1106 2841 1345 Fink: Ich glaube wenigstens Ihre Rede
897 1298 2362 1483 richtig verstanden zu haben.
910 1488 2890 1647 Graf: Ich habe überhaupt keine Ansich-
918 1641 1139 1784 ten.
913 1712 2255 1951 Fink: wieso? Na, das würde
918 1912 2942 2073 Graf: Na, das würde zu weit führen.Also,
923 2047 2817 2245 ich wünsche Glück für heute, aber tun
923 2201 2802 2430 Sie dem Burschen nichts. Es täte mir
918 2398 1556 2554 leid um ihn.
921 2487 2924 2770 Fink: Sie meinen den, der Sie so heftig
918 2674 1779 2841 angegriffen hat?
929 2760 2968 2994 Graf: Ja. Er hat (am Ende geradeso Recht
947 2958 2820 3189 oder Unrecht wie Sie. Und mindestens
931 3148 1982 3340 geradesüviel Talent.
942 3324 1829 3470 Fink: Nicht wahr?
936 3449 2887 3644 Graf: (Lachend) Es freut mich, dass Sie
