3368 4104
2832 333 2937 477 18
981 466 3011 686 tert ist, sagt zu Silberstein:Das werden
1017 647 1818 868 Sie nie können.
970 813 3066 1008 Müller müsste vorher schon einige sonder
967 959 2940 1116 bare Geschichten aus seiner Jugend er¬
975 1108 3064 1276 zählt haben, zum Beispiel, dass sein Vater
978 1245 3066 1452 nahe daran war sehr reich zu werden oder
981 1400 3102 1565 es war und sein Vermögen verloran hat und
981 1557 2923 1777 ähnliches. Von seiner Frau spricht er
981 1711 2882 1887 nichts oder spricht heute zum ersten
975 1840 3028 2044 Mal davon, lädt Silberstein eventuell zu
986 2019 2821 2193 sich ein.Silberstein:Wir müssen uns
989 2182 2050 2386 aneinander schliessen.
989 2361 2986 2496 Markus kommt,er oder ein Anderer liest
995 2460 3083 2650 ein Stück aus Müllers Artikel vor.Er be-
995 2637 3207 2816 handelt den Verfasser jenes Artikels in Ha-
2055 2785 2160 2865 urt
995 2785 2986 2967 schonungslos. Jemand aanr tihn; er würde
1008 2929 3025 3121 Unannehmlichkeiten haben.Er unterzeich-
989 3088 3083 3331 net den Artikel mit seinem ganzen Namen.
