3464 4120
830 478 3070 635 Fliederbusch: Für welche Sache Sie kämpfen
821 597 2956 795 und den Sieg erfechten wäre Ihnen gleich¬
833 766 1235 947 gültig?
833 885 3003 1118 Graf: Vollkommen. Es ist in jedem Fall die
827 1101 1150 1252 meine.
833 1235 3038 1407 Fliederbusch: Aber Sie haben doch gewählt,
821 1381 3041 1523 Herr Graf. Wenn es ihnen ganz egal ist,auf
821 1544 2988 1745 welcher Seite Sie stehen, warum gerade auf
821 1710 2991 1881 dieser? Gerade dort, wo man Sie nach yhrer
821 1838 2059 2042 Geburt vermuten durfte?
830 2010 3079 2187 Graf: Ein Fanatiker bin ich freilich nicht,
833 2141 3175 2313 das kann ich nach meiner inneren Organisation
821 2298 2991 2481 nicht sein. Aber wenn es einem versagt ist
824 2476 2953 2586 Fanatiker zu sein, ja gerade weil dazu in
816 2598 2918 2784 mir nicht im Geringsten das Zeug steckt,
824 2787 3116 2953 liegt für mich nicht der geringste Grund vor
824 2936 2945 3099 als Renogat aufzutreten.Ein Renegat kann
816 3087 2945 3268 man nämlich auch ohne Ueberzeugung sein.
824 3247 2924 3370 Ronegatentum hat damit nichts zu tun.Auf
824 3346 2950 3545 der Seite, wo ich jetzt stehe,verrate ich
821 3533 2179 3719 doch niemanden und nichts.
