3384 4136
2797 325 2925 502 61
1183 553 1671 721 12.Szene.
659 738 1776 892 Die Zurückbleibenden.
684 815 2729 1075 Voll, Obendorfer,Kohnberger,Silberstein.
670 972 2940 1178 Silberstein: Ich hab’s immer gewusst,er ist
684 1186 1691 1346 ein grosses Talent.
696 1280 2803 1486 Voll: Wahrscheinlich wird er keine Sach-
704 1451 2911 1719 lichkeit haben. Ohne Sachlichkei ist leicht
699 1657 1557 1842 talentiert sein.
707 1745 3000 1976 Obendorfer: (zu Voll) Von morgen an gehen Sie
707 1973 1765 2130 in den Gerichtssaal.
716 2073 2877 2310 Voll: Ich widme mich der aktiven Politik,
733 2261 1882 2452 und lasse mich wählen.
719 2335 3014 2595 Silberstein will sein Referat weiter schrei
730 2632 955 2783 ben.
738 2823 2846 3042 Ganz zum Schluss sollte noch Kajetan mit
758 3005 2991 3225 irgend einer burlesk-unwichigen Meldung er.
801 3222 2694 3447 dit von Rats? In der morgen Vortell der Operells
750 3188 1209 3362 scheinen
904 3333 2885 3553 und Herr.. die bisher gemielt Rolle u bemehmen.
855 3447 2692 3672 Ses heutig Verstes wbels seie kein haben.
