3256 3928
1582 424 1743 534 128
882 502 2400 628 Beruf ist es nun einmal, mir — wie soll ich nur sagen,
889 589 2385 702 mir — Höchstleistungen abzufordern — auf allen Ge¬
884 689 2394 783 bieten — je nach den Jahren. Früher war es — allerlei
888 770 2392 872 andres — jetzt — kommt eben die Politik dran! Wird
893 865 1963 973 hoffentlich auch ganz amûsant werden.
959 944 2388 1050 Fliederbusch: Es sieht ganz danach aus... Aber
893 1037 2135 1162 keineswegs, Herr Graf, kann man behaupten
965 1137 1378 1241 Graf: — —?
965 1211 2405 1347 Fliederbusch: Daß Sie das Leben besonders ernst
907 1325 1149 1417 nehmen
963 1382 2352 1510 Graf: Pardon, Herr Fink! Vielleicht nicht so wichtig
916 1484 2403 1592 so pedantisch, aber gewiß ebenso ernst als — andre Leute;
988 1567 2407 1673 nur eben in andrer Weise. Hat das Leben für mich
908 1664 2415 1747 vielleicht weniger Spannung, w eniger Inhalt — oder
912 1732 2409 1858 weniger — Gefahren als für — diese andre Seite?
914 1838 2417 1940 Und wer weiß, ob meine politische Sportkarriere nicht
920 1930 2421 2014 damit endet, — daß mich ein paar Fanatiker — oder
933 2010 2192 2104 Pedanten — an einer Laterne aufhängen —?
975 2099 2424 2207 Fliederbusch: Wir wollen nicht hoffen. Aber in
912 2173 2426 2286 Ihrem letzten Augenblick, Herr Graf, würden Sie sich
920 2273 2434 2405 doch einbilden — daß Sie für Ihre Überzeugung den
924 2385 1313 2477 Tod erleiden!
992 2426 2430 2540 Graf: Glauben Sie das wirklich — Herr Fink?"
927 2540 2432 2644 Wie immer es mit mir endet — ich würde mit dem
920 2631 2434 2740 tröstlichen Bewußtsein aus dem Dasein scheiden, — daß
924 2725 2441 2818 ich stets nur ein Sporteman und — keine Sekunde
927 2807 2424 2941 lang, — auch in der letzten nicht — ein Monomane ge¬
929 2918 1236 3020 wesen bin.
