<?xml version="1.0" encoding="UTF-8" standalone="yes"?>
<PcGts xmlns="http://schema.primaresearch.org/PAGE/gts/pagecontent/2013-07-15" xmlns:xsi="http://www.w3.org/2001/XMLSchema-instance" xsi:schemaLocation="http://schema.primaresearch.org/PAGE/gts/pagecontent/2013-07-15 http://schema.primaresearch.org/PAGE/gts/pagecontent/2013-07-15/pagecontent.xsd">
    <Metadata>
        <Creator>prov=READ-COOP:name=TrHtr:version=2.1.0:model_id=51170:date=30_07_2023_05:01</Creator>
        <Created>2023-05-10T13:29:29.549+02:00</Created>
        <LastChange>2023-07-30T05:01:50.361+02:00</LastChange>
        <TranskribusMetadata docId="1428576" pageId="55413201" pageNr="219" tsid="131483549" status="IN_PROGRESS" userId="64420" imgUrl="https://files.transkribus.eu/Get?id=WJYRXMVLRPAKVGWHWDSALMTA&amp;fileType=view" xmlUrl="https://files.transkribus.eu/Get?id=IEGICUVZHYQXJQHHOLMIFAUX" imageId="44687342"/>
    </Metadata>
    <Page imageFilename="1428576_0219.jpg" imageWidth="3288" imageHeight="4008">
        <ReadingOrder>
            <OrderedGroup id="ro_1711792035233" caption="Regions reading order">
                <RegionRefIndexed index="0" regionRef="tr_2"/>
                <RegionRefIndexed index="1" regionRef="tr_1"/>
            </OrderedGroup>
        </ReadingOrder>
        <TextRegion id="tr_2" custom="readingOrder {index:0;}">
            <Coords points="967,389 2891,389 2891,1542 967,1542"/>
            <TextLine id="tr_2_tl_1" custom="readingOrder {index:0;}">
                <Coords points="2548,466 2568,466 2588,483 2617,466 2636,468 2646,458 2675,468 2709,451 2734,456 2734,378 2722,378 2658,334 2609,354 2563,334 2548,337"/>
                <Baseline points="2562,442 2607,439 2652,439 2696,439 2741,442"/>
                <TextEquiv>
                    <Unicode>150</Unicode>
                </TextEquiv>
            </TextLine>
            <TextLine id="tr_2_tl_2" custom="readingOrder {index:1;}">
                <Coords points="968,627 1656,651 2195,610 2370,649 2373,495 2105,498 1968,449 1251,507 971,454"/>
                <Baseline points="982,612 1027,612 1072,615 1116,612 1161,612 1206,612 1251,612 1296,612 1340,612 1385,609 1430,609 1475,612 1520,609 1564,612 1609,609 1654,606 1699,609 1744,606 1788,603 1833,606 1878,606 1923,606 1968,603 2012,606 2057,603 2102,606 2147,606 2192,606 2236,603 2281,603 2326,606 2371,612 2377,612"/>
                <TextEquiv>
                    <Unicode>Ihren Gehalt zu verdoppeln.</Unicode>
                </TextEquiv>
            </TextLine>
            <TextLine id="tr_2_tl_3" custom="readingOrder {index:2;}">
                <Coords points="954,783 1258,824 1497,766 2885,754 2885,651 2641,710 1785,617 956,695"/>
                <Baseline points="967,767 1009,767 1054,767 1099,767 1143,767 1188,767 1233,767 1278,764 1323,764 1367,761 1412,761 1457,761 1502,761 1547,758 1591,758 1636,758 1681,758 1726,758 1771,758 1815,758 1860,755 1905,755 1950,755 1995,752 2039,749 2084,752 2129,755 2174,752 2219,752 2263,752 2308,755 2353,752 2398,752 2443,755 2487,752 2532,752 2577,752 2622,749 2667,749 2711,746 2756,746 2801,743 2846,743 2891,749"/>
                <TextEquiv>
                    <Unicode>Engler:Ich bin nicht in der Lage mei-</Unicode>
                </TextEquiv>
            </TextLine>
            <TextLine id="tr_2_tl_4" custom="readingOrder {index:3;}">
                <Coords points="966,941 2805,941 2834,846 2531,805 1905,863 1644,780 1468,854 1344,800 966,856"/>
                <Baseline points="979,922 1003,922 1048,919 1093,916 1137,919 1182,916 1227,913 1272,916 1317,913 1361,916 1406,916 1451,916 1496,916 1541,916 1585,916 1630,916 1675,913 1720,913 1765,913 1809,910 1854,907 1899,907 1944,907 1989,907 2033,907 2078,907 2123,907 2168,904 2213,904 2257,904 2302,904 2347,904 2392,901 2437,901 2481,904 2526,901 2571,901 2616,901 2661,898 2705,898 2750,901 2795,901 2840,904"/>
                <TextEquiv>
                    <Unicode>nen Vertrag mit Herrn Funk zu lösen.</Unicode>
                </TextEquiv>
            </TextLine>
            <TextLine id="tr_2_tl_5" custom="readingOrder {index:4;}">
                <Coords points="1015,1093 2566,1083 2568,939 1939,915 1488,1010 1297,949 1017,983"/>
                <Baseline points="1027,1072 1048,1072 1093,1072 1137,1072 1182,1069 1227,1069 1272,1069 1317,1069 1361,1066 1406,1066 1451,1066 1496,1066 1541,1066 1585,1066 1630,1063 1675,1066 1720,1063 1765,1063 1809,1060 1854,1060 1899,1057 1944,1057 1989,1057 2033,1057 2078,1057 2123,1057 2168,1057 2213,1057 2257,1057 2302,1057 2347,1057 2392,1057 2437,1054 2481,1057 2526,1060 2571,1063"/>
                <TextEquiv>
                    <Unicode>er verdreifacht seinen Gehalt)</Unicode>
                </TextEquiv>
            </TextLine>
            <TextLine id="tr_2_tl_6" custom="readingOrder {index:5;}">
                <Coords points="966,1249 2266,1232 2266,1134 2205,1119 1861,1166 1792,1127 1692,1161 1251,1134 1161,1090 968,1141"/>
                <Baseline points="982,1221 1018,1224 1063,1224 1108,1224 1152,1224 1197,1224 1242,1224 1287,1224 1332,1224 1376,1221 1421,1221 1466,1221 1511,1218 1556,1218 1600,1215 1645,1212 1690,1215 1735,1215 1780,1215 1824,1215 1869,1212 1914,1209 1959,1209 2004,1209 2048,1209 2093,1212 2138,1212 2183,1212 2227,1215 2272,1218"/>
                <TextEquiv>
                    <Unicode>Markus: (steigert weiter).</Unicode>
                </TextEquiv>
            </TextLine>
            <TextLine id="tr_2_tl_7" custom="readingOrder {index:6;}">
                <Coords points="963,1434 2466,1383 2466,1314 2397,1275 1966,1317 1880,1258 1678,1314 1561,1256 1402,1290 1239,1246 1178,1290 966,1251"/>
                <Baseline points="979,1376 994,1376 1039,1373 1084,1376 1128,1376 1173,1376 1218,1376 1263,1379 1308,1376 1352,1376 1397,1376 1442,1376 1487,1373 1532,1367 1576,1367 1621,1367 1666,1367 1711,1370 1756,1367 1800,1367 1845,1367 1890,1367 1935,1367 1980,1364 2024,1364 2069,1364 2114,1364 2159,1364 2204,1361 2248,1364 2293,1361 2338,1361 2383,1364 2428,1364 2472,1367"/>
                <TextEquiv>
                    <Unicode>Fink: (stolziert hin und her).</Unicode>
                </TextEquiv>
            </TextLine>
            <TextLine id="tr_2_tl_8" custom="readingOrder {index:7;}">
                <Coords points="968,1561 2875,1519 2875,1436 2746,1407 1973,1471 1680,1451 1588,1383 968,1434"/>
                <Baseline points="982,1529 1000,1529 1045,1526 1090,1529 1134,1529 1179,1529 1224,1529 1269,1532 1314,1532 1358,1532 1403,1526 1448,1526 1493,1526 1538,1523 1582,1520 1627,1520 1672,1520 1717,1520 1762,1520 1806,1520 1851,1517 1896,1517 1941,1517 1986,1517 2030,1517 2075,1514 2120,1517 2165,1517 2210,1511 2254,1514 2299,1514 2344,1514 2389,1514 2434,1514 2478,1511 2523,1511 2568,1511 2613,1508 2658,1508 2702,1508 2747,1508 2792,1508 2837,1508 2882,1514"/>
                <TextEquiv>
                    <Unicode>Markus: so erklären Sie sich endlich.</Unicode>
                </TextEquiv>
            </TextLine>
        </TextRegion>
        <TextRegion id="tr_1" custom="readingOrder {index:1;}">
            <Coords points="985,1607 2938,1607 2938,3525 985,3525"/>
            <TextLine id="tr_1_tl_1" custom="readingOrder {index:0;}">
                <Coords points="976,1714 2839,1668 2744,1593 2070,1619 1878,1541 1700,1619 1512,1561 1280,1617 976,1563"/>
                <Baseline points="988,1684 1009,1681 1054,1681 1099,1678 1143,1678 1188,1681 1233,1681 1278,1678 1323,1675 1367,1678 1412,1678 1457,1678 1502,1675 1547,1675 1591,1672 1636,1672 1681,1672 1726,1675 1771,1669 1815,1672 1860,1672 1905,1669 1950,1672 1995,1672 2039,1672 2084,1672 2129,1669 2174,1666 2219,1666 2263,1663 2308,1666 2353,1666 2398,1663 2443,1663 2487,1660 2532,1660 2577,1660 2622,1660 2667,1657 2711,1660 2756,1657 2801,1657 2846,1660"/>
                <TextEquiv>
                    <Unicode>Fink: Ich kann nicht. Es ist mir un-</Unicode>
                </TextEquiv>
            </TextLine>
            <TextLine id="tr_1_tl_2" custom="readingOrder {index:1;}">
                <Coords points="976,1851 2887,1814 2887,1751 2739,1714 2507,1785 1907,1773 1729,1707 1653,1758 976,1729"/>
                <Baseline points="988,1833 1012,1833 1057,1833 1102,1830 1146,1833 1191,1833 1236,1833 1281,1833 1326,1830 1370,1827 1415,1827 1460,1827 1505,1824 1550,1827 1594,1824 1639,1824 1684,1821 1729,1821 1774,1824 1818,1821 1863,1821 1908,1821 1953,1821 1998,1821 2042,1821 2087,1821 2132,1824 2177,1821 2222,1824 2266,1824 2311,1821 2356,1821 2401,1818 2446,1818 2490,1815 2535,1815 2580,1812 2625,1812 2670,1812 2714,1809 2759,1809 2804,1809 2849,1809 2894,1809"/>
                <TextEquiv>
                    <Unicode>möglich meine Ueberzeugung zu verkau-</Unicode>
                </TextEquiv>
            </TextLine>
            <TextLine id="tr_1_tl_3" custom="readingOrder {index:2;}">
                <Coords points="980,2014 1015,2024 1068,1990 1119,2019 1144,2012 1163,2024 1193,2005 1212,2012 1210,1861 1180,1875 1129,1861 1078,1878 1066,1866 1032,1875 997,1851 978,1856"/>
                <Baseline points="994,1983 1039,1983 1084,1983 1128,1983 1173,1986 1218,1986"/>
                <TextEquiv>
                    <Unicode>fen.</Unicode>
                </TextEquiv>
            </TextLine>
            <TextLine id="tr_1_tl_4" custom="readingOrder {index:3;}">
                <Coords points="971,2173 2531,2124 2900,2173 2929,2056 2470,1953 1983,2034 1741,1990 973,2046"/>
                <Baseline points="985,2129 1006,2135 1051,2132 1096,2132 1140,2135 1185,2135 1230,2135 1275,2135 1320,2132 1364,2132 1409,2132 1454,2132 1499,2129 1544,2132 1588,2132 1633,2132 1678,2129 1723,2129 1768,2129 1812,2129 1857,2129 1902,2126 1947,2126 1992,2123 2036,2123 2081,2123 2126,2120 2171,2123 2216,2123 2260,2120 2305,2120 2350,2123 2395,2120 2440,2117 2484,2117 2529,2117 2574,2114 2619,2114 2664,2117 2708,2117 2753,2114 2798,2114 2843,2114 2888,2114 2932,2117"/>
                <TextEquiv>
                    <Unicode>Graf: Binden Sie sich nicht,Herr Fink,</Unicode>
                </TextEquiv>
            </TextLine>
            <TextLine id="tr_1_tl_5" custom="readingOrder {index:4;}">
                <Coords points="976,2314 2561,2302 2644,2297 2646,2214 2524,2175 2444,2219 2151,2129 1792,2231 1636,2183 1551,2227 1453,2178 978,2185"/>
                <Baseline points="988,2287 991,2287 1036,2287 1081,2287 1125,2284 1170,2284 1215,2284 1260,2284 1305,2281 1349,2284 1394,2281 1439,2281 1484,2281 1529,2281 1573,2278 1618,2278 1663,2281 1708,2281 1753,2281 1797,2281 1842,2278 1887,2278 1932,2278 1977,2278 2021,2275 2066,2272 2111,2275 2156,2272 2201,2272 2245,2272 2290,2269 2335,2272 2380,2269 2425,2269 2469,2266 2514,2269 2559,2269 2604,2266 2649,2266"/>
                <TextEquiv>
                    <Unicode>wir werden auf unserer Reise die</Unicode>
                </TextEquiv>
            </TextLine>
            <TextLine id="tr_1_tl_6" custom="readingOrder {index:5;}">
                <Coords points="976,2446 2722,2424 2931,2478 2931,2317 2751,2280 2317,2375 1951,2292 1719,2351 1524,2288 976,2341"/>
                <Baseline points="988,2434 1012,2437 1057,2437 1102,2437 1146,2437 1191,2437 1236,2440 1281,2440 1326,2440 1370,2440 1415,2437 1460,2437 1505,2434 1550,2434 1594,2434 1639,2434 1684,2437 1729,2434 1774,2437 1818,2434 1863,2431 1908,2431 1953,2431 1998,2428 2042,2428 2087,2428 2132,2428 2177,2428 2222,2425 2266,2425 2311,2428 2356,2425 2401,2425 2446,2422 2490,2422 2535,2422 2580,2422 2625,2422 2670,2422 2714,2422 2759,2419 2804,2419 2849,2419 2894,2416 2938,2410"/>
                <TextEquiv>
                    <Unicode>Gründung eines grossen Journals bespre-</Unicode>
                </TextEquiv>
            </TextLine>
            <TextLine id="tr_1_tl_7" custom="readingOrder {index:6;}">
                <Coords points="988,2624 2756,2580 2727,2507 2292,2536 1614,2436 990,2490"/>
                <Baseline points="1000,2595 1015,2595 1060,2592 1105,2592 1149,2595 1194,2592 1239,2592 1284,2589 1329,2589 1373,2589 1418,2589 1463,2589 1508,2589 1553,2589 1597,2586 1642,2586 1687,2586 1732,2586 1777,2586 1821,2583 1866,2586 1911,2586 1956,2583 2001,2583 2045,2580 2090,2580 2135,2577 2180,2580 2225,2577 2269,2577 2314,2577 2359,2574 2404,2574 2449,2577 2493,2571 2538,2571 2583,2571 2628,2571 2672,2574 2717,2571 2762,2571"/>
                <TextEquiv>
                    <Unicode>chen, dessen Chefredakteur Sie sein</Unicode>
                </TextEquiv>
            </TextLine>
            <TextLine id="tr_1_tl_8" custom="readingOrder {index:7;}">
                <Coords points="983,2758 1029,2773 1358,2763 1358,2627 1249,2634 1214,2612 1115,2639 1080,2619 1034,2614 1007,2629 983,2617"/>
                <Baseline points="997,2744 1042,2744 1087,2744 1131,2744 1176,2744 1221,2744 1266,2744 1311,2747 1355,2747 1361,2747"/>
                <TextEquiv>
                    <Unicode>sollen.</Unicode>
                </TextEquiv>
            </TextLine>
            <TextLine id="tr_1_tl_9" custom="readingOrder {index:8;}">
                <Coords points="983,2931 2883,2922 2883,2834 2419,2722 1497,2744 1380,2802 1280,2758 1163,2817 983,2758"/>
                <Baseline points="997,2894 1006,2896 1051,2899 1096,2896 1140,2899 1185,2896 1230,2896 1275,2896 1320,2894 1364,2896 1409,2896 1454,2894 1499,2894 1544,2894 1588,2894 1633,2894 1678,2894 1723,2891 1768,2891 1812,2891 1857,2888 1902,2891 1947,2888 1992,2888 2036,2885 2081,2885 2126,2888 2171,2885 2216,2888 2260,2888 2305,2888 2350,2885 2395,2885 2440,2882 2484,2882 2529,2879 2574,2879 2619,2879 2664,2879 2708,2879 2753,2876 2798,2876 2843,2876 2888,2876"/>
                <TextEquiv>
                    <Unicode>Cajetan: Einneues Blatt,sehr interes-</Unicode>
                </TextEquiv>
            </TextLine>
            <TextLine id="tr_1_tl_10" custom="readingOrder {index:9;}">
                <Coords points="988,3063 1171,3095 1317,3066 1444,3095 1500,3058 1705,3087 1849,3048 2068,3073 2122,3063 2124,2966 1968,2990 1753,2929 1566,2983 1485,2948 1407,2978 1244,2936 990,2939"/>
                <Baseline points="1000,3055 1009,3052 1054,3052 1099,3052 1143,3049 1188,3052 1233,3052 1278,3049 1323,3049 1367,3049 1412,3049 1457,3046 1502,3046 1547,3046 1591,3049 1636,3043 1681,3043 1726,3043 1771,3043 1815,3043 1860,3043 1905,3043 1950,3043 1995,3043 2039,3040 2084,3040 2129,3043"/>
                <TextEquiv>
                    <Unicode>sant.Welcher Richtung?</Unicode>
                </TextEquiv>
            </TextLine>
            <TextLine id="tr_1_tl_11" custom="readingOrder {index:10;}">
                <Coords points="990,3207 1156,3258 1380,3207 2744,3209 2744,3117 2607,3105 2205,3146 2070,3078 1944,3144 1658,3073 1463,3122 990,3061"/>
                <Baseline points="1003,3198 1048,3201 1093,3204 1137,3204 1182,3204 1227,3204 1272,3204 1317,3201 1361,3201 1406,3201 1451,3198 1496,3198 1541,3198 1585,3198 1630,3198 1675,3198 1720,3195 1765,3195 1809,3195 1854,3195 1899,3192 1944,3195 1989,3192 2033,3195 2078,3195 2123,3192 2168,3195 2213,3192 2257,3192 2302,3192 2347,3192 2392,3192 2437,3192 2481,3189 2526,3189 2571,3186 2616,3186 2661,3189 2705,3189 2750,3189"/>
                <TextEquiv>
                    <Unicode>Graf: Darüber wird sich noch reden</Unicode>
                </TextEquiv>
            </TextLine>
            <TextLine id="tr_1_tl_12" custom="readingOrder {index:11;}">
                <Coords points="988,3387 2536,3351 2902,3402 2929,3275 2380,3295 2234,3224 2168,3273 1985,3229 1795,3319 990,3251"/>
                <Baseline points="1000,3359 1009,3359 1054,3359 1099,3359 1143,3359 1188,3356 1233,3359 1278,3359 1323,3359 1367,3356 1412,3353 1457,3353 1502,3353 1547,3353 1591,3353 1636,3353 1681,3353 1726,3353 1771,3350 1815,3350 1860,3350 1905,3350 1950,3347 1995,3347 2039,3347 2084,3347 2129,3347 2174,3347 2219,3344 2263,3341 2308,3341 2353,3344 2398,3341 2443,3341 2487,3341 2532,3339 2577,3339 2622,3339 2667,3339 2711,3339 2756,3339 2801,3339 2846,3339 2891,3336 2935,3336"/>
                <TextEquiv>
                    <Unicode>lassen. Und nun, mei ne Damen und Herren</Unicode>
                </TextEquiv>
            </TextLine>
            <TextLine id="tr_1_tl_13" custom="readingOrder {index:12;}">
                <Coords points="988,3522 1905,3558 2083,3502 2402,3565 2858,3526 2858,3429 988,3444"/>
                <Baseline points="1000,3506 1027,3512 1072,3512 1116,3515 1161,3512 1206,3512 1251,3512 1296,3509 1340,3509 1385,3509 1430,3509 1475,3506 1520,3506 1564,3506 1609,3506 1654,3506 1699,3506 1744,3506 1788,3509 1833,3509 1878,3509 1923,3506 1968,3503 2012,3500 2057,3503 2102,3500 2147,3497 2192,3497 2236,3497 2281,3497 2326,3497 2371,3497 2416,3497 2460,3497 2505,3497 2550,3497 2595,3494 2640,3497 2684,3494 2729,3494 2774,3491 2819,3491 2864,3491"/>
                <TextEquiv>
                    <Unicode>ich habe im Restaurant ein Frühstück</Unicode>
                </TextEquiv>
            </TextLine>
        </TextRegion>
    </Page>
</PcGts>
