3352 4056
2564 468 2838 649 Unpar.
700 532 1318 725 Der Graf: Ur
2088 649 2696 822 Anlage dazu
722 658 1909 878 teiischer sein, er hat a
1528 811 2757 1023 anwesenden Photographen
697 850 1383 1031 Schon wegen d
2492 984 2735 1118 Lolen
716 984 2283 1162 soll das Duell stattfinden. Die
722 1121 2311 1338 brauchen ja nicht geladen zu se
722 1226 2874 1466 Voll:Wenn die Sache in die Oeffentlichkei
722 1380 2932 1589 dringt, sind wir ja blamiert. Wir werden die.
728 1575 2224 1776 sen Mann von uns abschütteln.
722 1706 2919 1912 Nun tritt Niederhof auf Fink zu: Es bleibt
730 1882 2815 2113 bei unserer Abmachung. Sie kommen ja als
733 2024 2709 2236 mein Sekretär mit mir auf meine Reise.
733 2130 2980 2369 Der alte Engel: Halt,Herr Fink ist kontrakt
758 2372 2846 2548 lich an mein Blatt gefesselt. Ich geb ihn
753 2470 2740 2721 nicht her. Ich erhöhe seinen Gehalt, ich
767 2707 1547 2885 verdoppele ihn.
767 2737 2952 2994 Jetzt plötzlich eine Stimme aus dem Hinter
769 2910 2927 3150 grund. Auch der Redakteur des anderen Blatt
783 3119 2760 3342 ist erschienen: Ich verdreifache Ihren
775 3289 2640 3484 halt. Man fängt an auf ihn zu bieten.
783 3440 2838 3688 Der Graf: Da kann ich ja allerdings nicht
