<?xml version="1.0" encoding="UTF-8" standalone="yes"?>
<PcGts xmlns="http://schema.primaresearch.org/PAGE/gts/pagecontent/2013-07-15" xmlns:xsi="http://www.w3.org/2001/XMLSchema-instance" xsi:schemaLocation="http://schema.primaresearch.org/PAGE/gts/pagecontent/2013-07-15 http://schema.primaresearch.org/PAGE/gts/pagecontent/2013-07-15/pagecontent.xsd">
    <Metadata>
        <Creator>prov=READ-COOP:name=TrHtr:version=2.1.0:model_id=51170:date=30_07_2023_05:00</Creator>
        <Created>2023-05-10T13:29:02.449+02:00</Created>
        <LastChange>2023-07-30T05:00:51.931+02:00</LastChange>
        <TranskribusMetadata docId="1428576" pageId="55412013" pageNr="13" tsid="131483319" status="IN_PROGRESS" userId="64420" imgUrl="https://files.transkribus.eu/Get?id=RKHXKEKSRMAQDNPIUODVSDJP&amp;fileType=view" xmlUrl="https://files.transkribus.eu/Get?id=GRVCWQLOLVFADWVDEMZWLXDC" imageId="44686155"/>
    </Metadata>
    <Page imageFilename="1428576_0013.jpg" imageWidth="3400" imageHeight="4088">
        <ReadingOrder>
            <OrderedGroup id="ro_1711791847111" caption="Regions reading order">
                <RegionRefIndexed index="0" regionRef="tr_2"/>
                <RegionRefIndexed index="1" regionRef="tr_1"/>
            </OrderedGroup>
        </ReadingOrder>
        <TextRegion id="tr_2" custom="readingOrder {index:0;}">
            <Coords points="689,537 2992,537 2992,1695 689,1695"/>
            <TextLine id="tr_2_tl_1" custom="readingOrder {index:0;}">
                <Coords points="674,648 2900,628 2976,453 1456,512 1040,427 674,535"/>
                <Baseline points="689,608 698,608 743,608 787,611 832,611 877,614 922,611 966,611 1011,608 1056,608 1101,608 1145,611 1190,611 1235,611 1280,608 1324,611 1369,611 1414,611 1459,608 1503,608 1548,608 1593,608 1638,608 1682,608 1727,608 1772,605 1817,608 1861,605 1906,605 1951,605 1996,605 2041,605 2085,605 2130,605 2175,602 2220,602 2264,602 2309,599 2354,599 2399,599 2443,596 2488,596 2533,596 2578,596 2622,596 2667,599 2712,596 2757,596 2801,593 2846,593 2891,590 2936,590 2980,587"/>
                <TextEquiv>
                    <Unicode>Kurze Unterhaltung mit der jungen Frau. Graf</Unicode>
                </TextEquiv>
            </TextLine>
            <TextLine id="tr_2_tl_2" custom="readingOrder {index:1;}">
                <Coords points="686,825 1479,764 2000,866 2276,764 2863,773 2866,619 689,680"/>
                <Baseline points="701,757 722,757 766,763 811,766 856,763 901,763 945,763 990,763 1035,763 1080,763 1124,760 1169,760 1214,760 1259,760 1303,760 1348,760 1393,760 1438,760 1483,757 1527,757 1572,757 1617,757 1662,757 1706,757 1751,757 1796,757 1841,757 1885,757 1930,754 1975,754 2020,754 2064,754 2109,751 2154,751 2199,751 2243,751 2288,751 2333,748 2378,748 2422,745 2467,748 2512,748 2557,745 2601,745 2646,745 2691,743 2736,743 2781,743 2825,745 2870,743"/>
                <TextEquiv>
                    <Unicode>Y. macht ihr die Kur. Fink wird heute wohl</Unicode>
                </TextEquiv>
            </TextLine>
            <TextLine id="tr_2_tl_3" custom="readingOrder {index:2;}">
                <Coords points="677,953 776,933 817,959 939,968 971,945 1067,971 1276,936 1346,968 1346,822 1209,790 1049,831 924,785 782,834 677,822"/>
                <Baseline points="692,913 737,913 781,916 826,916 871,916 916,919 960,919 1005,916 1050,916 1095,916 1139,916 1184,913 1229,916 1274,913 1318,913 1354,916"/>
                <TextEquiv>
                    <Unicode>nicht kommen</Unicode>
                </TextEquiv>
            </TextLine>
            <TextLine id="tr_2_tl_4" custom="readingOrder {index:3;}">
                <Coords points="677,1099 1067,1160 1285,1070 2784,1072 2874,1064 2877,904 680,953"/>
                <Baseline points="692,1062 734,1065 778,1068 823,1068 868,1068 913,1068 957,1068 1002,1065 1047,1068 1092,1065 1136,1065 1181,1068 1226,1065 1271,1062 1315,1062 1360,1065 1405,1065 1450,1062 1494,1062 1539,1062 1584,1059 1629,1059 1673,1059 1718,1062 1763,1059 1808,1062 1853,1062 1897,1059 1942,1059 1987,1059 2032,1056 2076,1053 2121,1053 2166,1053 2211,1053 2255,1053 2300,1053 2345,1050 2390,1050 2434,1050 2479,1050 2524,1050 2569,1050 2613,1053 2658,1050 2703,1050 2748,1047 2792,1047 2837,1044 2882,1041"/>
                <TextEquiv>
                    <Unicode>Plötzlich erscheint er, die Versammlung ist</Unicode>
                </TextEquiv>
            </TextLine>
            <TextLine id="tr_2_tl_5" custom="readingOrder {index:4;}">
                <Coords points="674,1221 950,1273 1180,1273 1264,1241 1485,1273 1578,1238 1581,1101 1421,1090 1258,1145 1177,1104 1061,1160 1003,1125 869,1151 674,1099"/>
                <Baseline points="689,1220 692,1220 737,1220 781,1223 826,1220 871,1220 916,1223 960,1223 1005,1223 1050,1220 1095,1220 1139,1220 1184,1217 1229,1214 1274,1214 1318,1217 1363,1217 1408,1214 1453,1214 1497,1214 1542,1214 1587,1214"/>
                <TextEquiv>
                    <Unicode>aufgelöst worden.</Unicode>
                </TextEquiv>
            </TextLine>
            <TextLine id="tr_2_tl_6" custom="readingOrder {index:5;}">
                <Coords points="674,1407 2674,1401 2985,1380 2988,1273 2665,1209 677,1296"/>
                <Baseline points="689,1375 710,1375 754,1375 799,1378 844,1378 889,1378 933,1378 978,1378 1023,1378 1068,1378 1113,1375 1157,1372 1202,1375 1247,1375 1292,1375 1336,1372 1381,1372 1426,1369 1471,1372 1515,1369 1560,1366 1605,1369 1650,1366 1694,1366 1739,1366 1784,1366 1829,1366 1873,1366 1918,1363 1963,1363 2008,1363 2052,1363 2097,1363 2142,1363 2187,1360 2231,1360 2276,1360 2321,1357 2366,1357 2411,1357 2455,1354 2500,1354 2545,1357 2590,1357 2634,1357 2679,1357 2724,1357 2769,1357 2813,1357 2858,1354 2903,1351 2948,1351 2992,1348"/>
                <TextEquiv>
                    <Unicode>Die junge Frau entfernt sich, über den Besuch</Unicode>
                </TextEquiv>
            </TextLine>
            <TextLine id="tr_2_tl_7" custom="readingOrder {index:6;}">
                <Coords points="680,1569 1683,1523 1985,1578 2252,1517 2383,1572 2409,1473 2127,1372 1962,1453 1619,1401 683,1418"/>
                <Baseline points="695,1530 710,1530 754,1530 799,1530 844,1533 889,1530 933,1530 978,1530 1023,1530 1068,1530 1113,1527 1157,1527 1202,1527 1247,1527 1292,1524 1336,1527 1381,1524 1426,1524 1471,1521 1515,1521 1560,1521 1605,1521 1650,1521 1694,1521 1739,1521 1784,1518 1829,1518 1873,1518 1918,1518 1963,1518 2008,1518 2052,1518 2097,1518 2142,1515 2187,1515 2231,1515 2276,1515 2321,1515 2366,1515 2411,1518"/>
                <TextEquiv>
                    <Unicode>der jungen Herren etwas erstaunt.</Unicode>
                </TextEquiv>
            </TextLine>
            <TextLine id="tr_2_tl_8" custom="readingOrder {index:7;}">
                <Coords points="677,1726 2746,1697 2816,1683 2819,1561 680,1569"/>
                <Baseline points="692,1676 719,1679 763,1682 808,1682 853,1685 898,1682 942,1682 987,1679 1032,1679 1077,1679 1121,1679 1166,1679 1211,1679 1256,1679 1300,1679 1345,1679 1390,1676 1435,1679 1480,1679 1524,1676 1569,1676 1614,1673 1659,1673 1703,1673 1748,1673 1793,1676 1838,1673 1882,1673 1927,1671 1972,1673 2017,1668 2061,1671 2106,1668 2151,1668 2196,1671 2240,1668 2285,1665 2330,1665 2375,1668 2419,1665 2464,1665 2509,1668 2554,1668 2599,1665 2643,1665 2688,1665 2733,1665 2778,1662 2822,1659"/>
                <TextEquiv>
                    <Unicode>Fink wird von Engel und Graf Y. mit der</Unicode>
                </TextEquiv>
            </TextLine>
        </TextRegion>
        <TextRegion id="tr_1" custom="readingOrder {index:1;}">
            <Coords points="280,1755 3013,1755 3013,3528 280,3528"/>
            <TextLine id="tr_1_tl_1" custom="readingOrder {index:0;}">
                <Coords points="674,1877 2967,1872 3005,1720 1761,1671 1639,1741 677,1747"/>
                <Baseline points="689,1838 731,1838 775,1835 820,1835 865,1835 910,1835 954,1835 999,1835 1044,1838 1089,1835 1133,1835 1178,1835 1223,1835 1268,1835 1312,1832 1357,1835 1402,1835 1447,1835 1491,1832 1536,1829 1581,1832 1626,1832 1671,1829 1715,1829 1760,1832 1805,1829 1850,1826 1894,1826 1939,1826 1984,1826 2029,1826 2073,1823 2118,1823 2163,1823 2208,1823 2252,1820 2297,1820 2342,1820 2387,1820 2431,1820 2476,1820 2521,1820 2566,1820 2610,1817 2655,1817 2700,1817 2745,1817 2789,1817 2834,1814 2879,1811 2924,1811 2969,1808 3013,1805"/>
                <TextEquiv>
                    <Unicode>Mitteilung überrascht, dass er morgen um xxxx</Unicode>
                </TextEquiv>
            </TextLine>
            <TextLine id="tr_1_tl_2" custom="readingOrder {index:1;}">
                <Coords points="677,2020 2964,1982 2898,1880 2403,1831 677,1904"/>
                <Baseline points="692,1993 734,1993 778,1990 823,1993 868,1993 913,1993 957,1993 1002,1990 1047,1990 1092,1990 1136,1990 1181,1990 1226,1987 1271,1987 1315,1984 1360,1984 1405,1984 1450,1984 1494,1984 1539,1981 1584,1981 1629,1981 1673,1981 1718,1981 1763,1981 1808,1981 1853,1981 1897,1978 1942,1978 1987,1978 2032,1978 2076,1978 2121,1975 2166,1978 2211,1978 2255,1975 2300,1975 2345,1975 2390,1975 2434,1969 2479,1972 2524,1972 2569,1975 2613,1975 2658,1972 2703,1972 2748,1972 2792,1969 2837,1966 2882,1963 2927,1963 2972,1963"/>
                <TextEquiv>
                    <Unicode>sechs Uhr Früh mit dem Verfasser jenes Arti¬</Unicode>
                </TextEquiv>
            </TextLine>
            <TextLine id="tr_1_tl_3" custom="readingOrder {index:2;}">
                <Coords points="683,2159 1500,2197 2409,2127 2648,2186 2816,2133 2816,2020 2502,1982 2267,2078 683,2043"/>
                <Baseline points="698,2148 719,2145 763,2145 808,2145 853,2145 898,2145 942,2142 987,2142 1032,2142 1077,2142 1121,2142 1166,2142 1211,2142 1256,2139 1300,2139 1345,2139 1390,2139 1435,2139 1480,2139 1524,2139 1569,2139 1614,2136 1659,2139 1703,2136 1748,2136 1793,2136 1838,2133 1882,2133 1927,2133 1972,2133 2017,2133 2061,2133 2106,2133 2151,2130 2196,2127 2240,2127 2285,2127 2330,2127 2375,2127 2419,2127 2464,2130 2509,2124 2554,2121 2599,2124 2643,2121 2688,2121 2733,2118 2778,2121 2822,2121"/>
                <TextEquiv>
                    <Unicode>kels ein Pistolenduell haben werde. Engel</Unicode>
                </TextEquiv>
            </TextLine>
            <TextLine id="tr_1_tl_4" custom="readingOrder {index:3;}">
                <Coords points="686,2328 2930,2313 2930,2168 2807,2133 689,2206"/>
                <Baseline points="704,2294 743,2297 787,2297 832,2294 877,2297 922,2297 966,2294 1011,2297 1056,2294 1101,2294 1145,2294 1190,2294 1235,2291 1280,2288 1324,2288 1369,2288 1414,2288 1459,2285 1503,2285 1548,2285 1593,2288 1638,2285 1682,2285 1727,2285 1772,2285 1817,2282 1861,2282 1906,2282 1951,2279 1996,2279 2041,2282 2085,2279 2130,2279 2175,2279 2220,2279 2264,2279 2309,2276 2354,2276 2399,2279 2443,2276 2488,2279 2533,2279 2578,2276 2622,2276 2667,2276 2712,2273 2757,2273 2801,2273 2846,2270 2891,2270 2936,2270"/>
                <TextEquiv>
                    <Unicode>und Y. hatten eben eine Besprechung mit dem</Unicode>
                </TextEquiv>
            </TextLine>
            <TextLine id="tr_1_tl_5" custom="readingOrder {index:4;}">
                <Coords points="700,2505 2520,2462 2523,2313 2226,2319 2066,2412 1674,2299 1302,2377 703,2334"/>
                <Baseline points="716,2455 737,2449 781,2449 826,2449 871,2452 916,2452 960,2449 1005,2446 1050,2446 1095,2446 1139,2443 1184,2443 1229,2443 1274,2443 1318,2440 1363,2443 1408,2440 1453,2437 1497,2440 1542,2440 1587,2440 1632,2440 1676,2440 1721,2437 1766,2437 1811,2434 1856,2437 1900,2434 1945,2437 1990,2437 2035,2437 2079,2437 2124,2437 2169,2431 2214,2431 2258,2431 2303,2428 2348,2425 2393,2428 2437,2431 2482,2428 2527,2428"/>
                <TextEquiv>
                    <Unicode>gegenerischen Sekundanten.</Unicode>
                </TextEquiv>
            </TextLine>
            <TextLine id="tr_1_tl_6" custom="readingOrder {index:5;}">
                <Coords points="686,2624 1328,2592 1790,2630 1938,2595 1938,2491 1767,2508 1657,2459 1395,2511 1258,2479 686,2514"/>
                <Baseline points="701,2587 745,2590 790,2590 835,2590 880,2590 925,2593 969,2590 1014,2590 1059,2590 1104,2590 1148,2590 1193,2587 1238,2590 1283,2587 1327,2587 1372,2584 1417,2587 1462,2587 1506,2587 1551,2584 1596,2587 1641,2584 1685,2584 1730,2584 1775,2581 1820,2584 1864,2584 1909,2584 1945,2587"/>
                <TextEquiv>
                    <Unicode>Fink und die junge Frau.</Unicode>
                </TextEquiv>
            </TextLine>
            <TextLine id="tr_1_tl_7" custom="readingOrder {index:6;}">
                <Coords points="294,2703 381,2682 439,2712 459,2685 497,2691 543,2720 596,2714 587,2569 561,2569 532,2543 491,2552 450,2526 392,2537 369,2520 314,2540 282,2537"/>
                <Baseline points="307,2670 352,2673 396,2676 441,2679 486,2682 531,2685 575,2685 602,2685"/>
                <TextEquiv>
                    <Unicode>Hab Knt</Unicode>
                </TextEquiv>
            </TextLine>
            <TextLine id="tr_1_tl_8" custom="readingOrder {index:7;}">
                <Coords points="677,2752 2563,2784 2868,2738 2868,2639 677,2656"/>
                <Baseline points="692,2748 728,2748 772,2745 817,2742 862,2745 907,2745 951,2748 996,2745 1041,2745 1086,2745 1130,2745 1175,2742 1220,2742 1265,2739 1309,2739 1354,2739 1399,2739 1444,2739 1488,2739 1533,2736 1578,2736 1623,2736 1668,2736 1712,2736 1757,2736 1802,2736 1847,2733 1891,2736 1936,2739 1981,2736 2026,2739 2070,2736 2115,2736 2160,2736 2205,2736 2249,2733 2294,2733 2339,2733 2384,2733 2428,2730 2473,2727 2518,2724 2563,2724 2607,2724 2652,2724 2697,2721 2742,2718 2787,2718 2831,2715 2876,2715"/>
                <TextEquiv>
                    <Unicode>Fink muss eingestehen,resp. lügt: Die Zwei</Unicode>
                </TextEquiv>
            </TextLine>
            <TextLine id="tr_1_tl_9" custom="readingOrder {index:8;}">
                <Coords points="270,2773 311,2767 337,2787 389,2787 407,2773 427,2787 450,2775 573,2787 573,2714 543,2717 517,2703 468,2720 445,2712 407,2720 392,2735 372,2717 346,2723 334,2712 311,2726 270,2720"/>
                <Baseline points="286,2760 331,2760 375,2760 420,2763 465,2766 510,2763 555,2766 578,2766"/>
                <TextEquiv>
                    <Unicode>hin müßt</Unicode>
                </TextEquiv>
            </TextLine>
            <TextLine id="tr_1_tl_10" custom="readingOrder {index:9;}">
                <Coords points="264,2909 302,2886 340,2909 366,2883 436,2909 512,2889 567,2895 604,2857 639,2854 636,2778 613,2770 442,2793 413,2773 381,2790 305,2770 262,2802"/>
                <Baseline points="280,2834 325,2831 370,2831 414,2834 459,2831 504,2834 549,2837 593,2840 638,2843 644,2843"/>
                <TextEquiv>
                    <Unicode>de t. slose.</Unicode>
                </TextEquiv>
            </TextLine>
            <TextLine id="tr_1_tl_11" custom="readingOrder {index:10;}">
                <Coords points="677,2959 2415,2877 2851,2935 2924,2775 677,2805"/>
                <Baseline points="692,2903 734,2900 778,2900 823,2897 868,2897 913,2897 957,2897 1002,2897 1047,2897 1092,2897 1136,2897 1181,2897 1226,2897 1271,2894 1315,2894 1360,2894 1405,2894 1450,2894 1494,2894 1539,2891 1584,2891 1629,2888 1673,2888 1718,2885 1763,2885 1808,2888 1853,2885 1897,2885 1942,2885 1987,2882 2032,2882 2076,2882 2121,2882 2166,2882 2211,2882 2255,2882 2300,2879 2345,2879 2390,2879 2434,2876 2479,2876 2524,2876 2569,2876 2613,2876 2658,2876 2703,2879 2748,2879 2792,2876 2837,2876 2882,2873 2927,2867"/>
                <TextEquiv>
                    <Unicode>haben mich gefordert im Namen des Herrn aus</Unicode>
                </TextEquiv>
            </TextLine>
            <TextLine id="tr_1_tl_12" custom="readingOrder {index:11;}">
                <Coords points="680,3113 1520,3046 2569,3078 2601,2930 1151,2924 680,2985"/>
                <Baseline points="695,3052 725,3052 769,3052 814,3052 859,3055 904,3052 948,3052 993,3052 1038,3052 1083,3052 1127,3049 1172,3052 1217,3052 1262,3052 1306,3049 1351,3049 1396,3046 1441,3046 1486,3043 1530,3043 1575,3046 1620,3043 1665,3040 1709,3040 1754,3040 1799,3040 1844,3040 1888,3037 1933,3037 1978,3037 2023,3034 2067,3037 2112,3034 2157,3037 2202,3034 2246,3034 2291,3031 2336,3034 2381,3031 2425,3031 2470,3031 2515,3028 2560,3031 2604,3034"/>
                <TextEquiv>
                    <Unicode>der „Eleganz“, den ich beleidigt habe.</Unicode>
                </TextEquiv>
            </TextLine>
            <TextLine id="tr_1_tl_13" custom="readingOrder {index:12;}">
                <Coords points="677,3220 892,3290 1357,3220 2839,3243 2961,3211 2961,3034 677,3116"/>
                <Baseline points="692,3204 731,3207 775,3207 820,3207 865,3204 910,3204 954,3204 999,3204 1044,3204 1089,3204 1133,3204 1178,3201 1223,3204 1268,3201 1312,3201 1357,3201 1402,3201 1447,3198 1491,3201 1536,3198 1581,3198 1626,3195 1671,3195 1715,3195 1760,3192 1805,3195 1850,3192 1894,3192 1939,3192 1984,3192 2029,3189 2073,3192 2118,3192 2163,3192 2208,3189 2252,3189 2297,3186 2342,3186 2387,3186 2431,3183 2476,3183 2521,3186 2566,3186 2610,3183 2655,3183 2700,3183 2745,3183 2789,3180 2834,3177 2879,3180 2924,3180 2969,3177"/>
                <TextEquiv>
                    <Unicode>Du wirst doch nicht annehmen? Ihr perhorres-</Unicode>
                </TextEquiv>
            </TextLine>
            <TextLine id="tr_1_tl_14" custom="readingOrder {index:13;}">
                <Coords points="686,3383 854,3406 907,3365 1229,3365 1366,3386 1415,3432 1534,3429 1674,3383 1677,3258 1500,3267 1386,3220 1171,3281 689,3255"/>
                <Baseline points="701,3368 743,3362 787,3362 832,3365 877,3365 922,3365 966,3365 1011,3359 1056,3359 1101,3359 1145,3359 1190,3356 1235,3356 1280,3356 1324,3356 1369,3353 1414,3353 1459,3353 1503,3353 1548,3350 1593,3350 1638,3350 1682,3353"/>
                <TextEquiv>
                    <Unicode>ziert ja das Duell.</Unicode>
                </TextEquiv>
            </TextLine>
            <TextLine id="tr_1_tl_15" custom="readingOrder {index:14;}">
                <Coords points="689,3543 2749,3540 2991,3508 2993,3397 2523,3333 2270,3412 692,3397"/>
                <Baseline points="704,3518 716,3515 760,3515 805,3515 850,3515 895,3515 939,3515 984,3512 1029,3512 1074,3515 1118,3512 1163,3515 1208,3512 1253,3512 1298,3512 1342,3512 1387,3512 1432,3512 1477,3512 1521,3509 1566,3509 1611,3509 1656,3506 1700,3506 1745,3506 1790,3503 1835,3503 1879,3503 1924,3503 1969,3503 2014,3503 2058,3503 2103,3503 2148,3500 2193,3500 2237,3500 2282,3500 2327,3497 2372,3494 2416,3497 2461,3494 2506,3494 2551,3494 2596,3494 2640,3494 2685,3494 2730,3494 2775,3491 2819,3491 2864,3488 2909,3488 2954,3485 2998,3482"/>
                <TextEquiv>
                    <Unicode>Natürlich nicht. Aber ich muss auf die Redak</Unicode>
                </TextEquiv>
            </TextLine>
        </TextRegion>
    </Page>
</PcGts>
