3480 4248
703 348 1365 513 Zum III. Akt.
697 494 3129 753 Obendorfer und Abendstern sind also entschlos-
694 706 3076 874 sen das puell im Namen von Fliederbusch abzu-
690 821 3150 1042 lehnen. Im Gespräch mit Egon und Wöbl gibt Oben-
684 1001 2905 1197 dorfer diese ursprüngliche Absicht auf und
672 1160 2843 1316 nimmt im Namen Fliederbusch das Duell an.
672 1272 3057 1474 Dann sagt Abendstern zu Obendorfer: Was ha ben
659 1449 2469 1611 Sie denn getan? Sind Sie verrückt?
653 1614 3014 1782 Darauf Obendorfer: Er wird sich schlagen,mor-
656 1729 2889 1928 gen Früh holen wir ihn ab und er wird sich
647 1897 1816 2109 schlagen wie ein Held.
625 2208 2867 2398 Das Gespräch zwischen den vier Sekundanten
625 2401 2774 2550 schärfer. Wesentl. ichss über das Wort Snob,
616 2519 2899 2709 Egon nimmt die Beleidigung auf.Er sagt: Mit
610 2709 3066 2905 Unrecht werden die Leute verächtlich behandelt,
603 2852 3073 3079 die das anerkennenswerte streben haben emporzu-
597 2986 1039 3150 steigen.
597 3163 2933 3318 Eine humoristische Wirkung könnte noch darin
591 3312 3091 3489 liegen, dass Egon den Snob als solchen verteidigt
575 3452 3020 3673 aber das Wort als verletzend empfindet, während
572 3639 3035 3825 Obendorfer die beleidigende Bedeutung des Worts
