4616 5928
2962 229 3635 477 11/6 914
2750 471 3469 600 Neues Wiener Journal
2194 591 4374 700 Liszt verblassen, und wenn ich dem Meister später wieder begegnete, so auf der
2229 676 4398 771 mit versäumte er es nie, mir mit einem wehmütigen Lächeln zu sagen. Gesellschaft
2224 763 4409 858 der daß auch er seinen römischen Aufenthalt niemals vergessen
1627 793 1837 850 deutsch=der
1063 831 1856 916 Deutsch=Südamerikanische Ge
2352 818 2562 924 werde.“
4115 826 4417 916 v. Rheinba
970 886 1842 954 schlägigen Vereine, der „Deutsch
4128 891 4428 984 die Zukunft
967 935 1856 1025 Förderung der gegenseitigen Handels
4123 959 4412 1046 mit einer
875 997 1861 1087 war an der Teilnahme verhindert, ha
4128 1022 4414 1131 preußischer
2395 981 4085 1174 Ein Ball bei Francis de Croisset.
4120 1090 4406 1174 Der An
2175 1098 2327 1202 er der
2379 1144 3992 1234 (Der Gastgeber russischer Großfürsten und des orkeanistischen Adell
845 1136 1869 1234 druckt vorliegen, zu übergeben. Das Wer
4139 1139 4425 1254 Gesellschaft
3226 1207 3992 1283 lussischen Gesellschaft und Verhög=
2515 1218 3235 1300 Petersburg. — Boykott der r
749 1213 1861 1297 dieses Monats fertiggestellt sein. Außer den
4128 1218 4425 1308 sollte, währ
2515 1259 3235 1352 oyalistischen Blätter. — Die R
3281 1267 3731 1362 e an dem Neffen.
3872 1267 4088 1362 et Advoka
880 1273 1861 1387 er ein paar Freunde der Dresdener Hof
4126 1289 4425 1390 Gesellschaft
248 1305 401 1379 rafen
2180 1254 2333 1376 auf dies
2553 1322 3878 1395 der Prinzessin von Orleans. — Eine geistreiche Rache
837 1343 1150 1422 s Exemplars.
191 1352 578 1455 theater in den
2180 1362 2349 1452 steister
4123 1346 4447 1469 merken, daß
3428 1362 4044 1472 Paris, Mitte Juni.
2177 1428 2357 1510 gefaßt,
4286 1420 4439 1510 Es n
2523 1436 4088 1553 Francis de Croisset, der Autor mehrerer bekannter Lust
4139 1461 4453 1580 scher Stram
730 1447 1461 1600 rianon=Theater.
2185 1496 2341 1589 Ihnen
2384 1518 4093 1608 spiele, die auch den Weg zu fremden Bühnen gefunden haben
4137 1545 4464 1646 an die Wan
2188 1570 2338 1654 wen
730 1540 1662 1654 der Andere“ (Lex deux canards).
2379 1589 4101 1679 gab in seinem prächtigen Palais vor einigen Tagen einen Ball
4139 1624 4455 1709 Goethe-Gese
796 1630 1839 1733 von Tristan Bernard und Athis.
2379 1649 4088 1736 dem die Großherzogin Wladimir von Rußland, der Großhenzo
240 1624 570 1749 Lustspiel in
4126 1690 4453 1782 gliedern der
730 1700 1384 1796 Deutsch von Max Schoenau
2379 1717 4088 1807 und die Großherzogin Cyrill, der Großhenzog Dimatri und di
700 1766 1886 1858 ewandte Uebersetzer hat- sich nicht getraut, den
2172 1755 2349 1839 waren
4128 1758 4455 1850 Tagung gesch
2431 1779 4093 1864 Spitzen des orleanistischen Adels, die Rochefoucaulds, die
275 1766 591 1883 ps. Der sp̃
4123 1818 4447 1918 Resultat ist
796 1828 1771 1921 owegs sinngemäß zu verdeutschen. Nu
2428 1848 4082 1940 ramonts, die Foncigny=Lucinges, Vogués, Castellanes usw. bei
202 1853 570 1943 französischen
204 1888 1771 1995 Stück selbst wird ein paarmal von Käseblättchen oder A
4134 1891 4472 1978 die oben
2384 1929 4101 2000 wohnten. Das wäre schließlich im Reigen von Festen, der jetzt
646 1948 1888 2038 en. In der Tat befehden sich unter sehr provinziellen
4139 1951 4469 2041 Goethe-Fester
204 1978 580 2057 blättchen gespr
2390 1989 4104 2074 die Pariser Gesellschaft durchzieht, nichts Besonderes, wenn nicht
646 2006 1880 2098 das leidenschaftlichste ein rotes Käseblatt und ein
4139 2022 4483 2109 den Opponen=
204 2038 578 2123 Verhältnissen
204 2063 1883 2161 blaues Wurstblatt, die beide in einundderselben Druckerei er
2384 2063 4093 2150 einige republikanische Blätter diesen Ball der Monarchisten zum
4139 2087 4485 2196 zu sichern, in
700 2120 1886 2221 inunddemselben Redakteur beleitartikelt werden
2384 2120 4093 2210 Anlaß nähmen, um aus einige unliebsame jüngste Episoden
204 2161 589 2243 scheinen und r
4142 2155 4327 2264 wurde.
2442 2185 4093 2284 er sonst so glanzvollen Existenz Francis de Croissets hin
654 2191 1886 2286 stand und Quelle aller Verwirrungen ist es, daß von
204 2221 586 2308 Erschwerender
204 2245 1888 2357 der Identität dieser Gegner keine der beiden Parteien ein
1935 2166 2098 2376 nachs-
2444 2259 2635 2344 weisen.
632 2300 1891 2425 hieraus ergibt sich der farblosere deutsche Titel „Et
2534 2267 4112 2401 Der Pariser Autor weilte nämlich im vergangenen Winter
204 2338 578 2420 Ahnung hat
4156 2316 4472 2488 Eine G
2379 2382 4112 2455 als Delegierter der Gesellschaft französischer dramatischer Autoren
218 2401 589 2482 und der Ander
635 2379 1891 2512 rlt die Konfusion, die sogar zu einem Duell mit sich
283 2458 589 2534 Bisweilen
2384 2452 4093 2540 in Petersburg. Der Empfang, den er dort fand, entsprach
744 2488 1888 2556 Man könnte auch an Satiren auf Duellunfug
229 2507 605 2591 selbst führt, kon
2384 2521 4107 2627 nicht seinen Hoffnungen. Die vornehme russische Gesellschaft, die
223 2540 1888 2654 Pressekorruption und ähnliches denken. Im Palais Royal in Pari
218 2597 1897 2700 kommt vielleicht sowohl die Komik wie die Satire schärfer heraus
2384 2591 4109 2673 natürlich scharf antisemitisch ist, konnte es Herrn de Croisset
1948 2583 2101 2673 Teleg
4284 2551 4472 2687 Eine
215 2660 1894 2774 Unter dem Berliner Stadtbahnbogen verläuft alles sehr harmlos
1948 2657 2109 2736 mühu
2401 2624 4488 2739 nicht verzeihen, daß er als Jude geboren ist und erst kürzlich den früherer Bea¬
1946 2717 2109 2785 den i
218 2714 1902 2834 und nur die kleinen Ehebrücheleien erinnern noch an die Herkunf
2379 2720 4101 2809 Glauben seiner Väter gegen einen, der vornehmen Pariser Gesell
4150 2733 4439 2820 hatte und
1948 2774 2109 2848 veran
2398 2782 4101 2869 schaft sympathischeren, eingetauscht hatte. Man spann ein förm
4145 2790 4488 2880 hier als Prik
223 2804 640 2897 dieses Stückchen
300 2829 1905 2929 Das Publikum hielt sich zumeist an die gemütlich und verlegen
1954 2831 2117 2918 außer
2395 2856 4101 2932 liches Komplott gegen ihn. Während ihn die Petersburge
4150 2856 4488 2948 daß eine mel
226 2894 1905 2998 heitere Darstellung des Herrn Hans Junkermann, der den
2395 2910 4483 3000 Aristokratie, an die sich Herr de Croisset seiner Gewohnheit ent- einem Priva
229 2951 1921 3057 Doppelgänger seiner selbst gab. Daneben tat sich Herr Leopold
2395 2976 4477 3071 sprechend herandrängte, kalt boykottierte, sprachen gewisse von zehn Ja
245 3030 1910 3120 als behaglich gaunernder Buchdrucker hervor. Fräulein Limburg
2264 3044 4104 3156 ein Zeitungen gegen die Pariser Autorengesellschaft, die einer
4145 3057 4442 3150 erste Gatte
240 3082 1809 3194 hatte Augen und Toiletten, die Uebrigen hatten wenig zu tun
2414 3117 4499 3218 Juden als Delegierten entsendet hatte, dessen Drohungen Ahnung. Al
1957 3112 2142 3240 Widmu
313 3172 1924 3303 th. Im Deutschen Opernhaus (Charlottenburg) gastierte
2401 3191 4115 3265 aus. Ein Gesuch, vom Zaren in Audienz empfangen zu werden
4147 3191 4483 3281 erfuhr, trat
259 3267 1910 3371 gestern abend Herr Julius Peters aus Prag als Eleaza
2390 3248 4093 3333 blieb ohne Antwort, und entgegen der sonstigen Credition besucht
4145 3254 4496 3349 Dem zweiten
1962 3240 2131 3368 Num
253 3319 1905 3423 in Halevys „Jüdin“. Darstellerisch wurde er der Rolle, derer
2384 3308 4101 3409 das Zarenpaar das französische Théâtre Michel in Petersburg
4139 3327 4494 3412 dritten Gatte
253 3374 1913 3480 typische Züge nicht so leicht zu verfehlen sind, großenteils gerecht
2384 3390 4115 3474 auch während der Anwesenheit de Croissets nicht. Zu gleicher Zeit
4147 3395 4447 3483 aufwendete.
253 3439 1916 3545 obwohl er das Fanatische gelegentlich hätte stärker betonen können
1976 3393 2147 3523 seines
2379 3447 4101 3540 berichtet das führende und heftigste royalistische Blatt in Paris
4145 3461 4496 3553 opfert, um si
253 3491 1918 3602 Gesanglich jedoch blieb er seiner anspruchsvollen Partie mancherle
2384 3507 4101 3594 die „Action Française“ so genau alle Beleidigungen, die Herr
4150 3529 4496 3608 weder ein no
264 3559 1902 3665 schuldig. Die Stimme besitzt in der mittleren Lage echten Helden
2395 3594 4109 3668 de Croisset zuteil wurden, daß man annehmen darf, sie sei vor
253 3556 2177 3722 tenortimbre, der aber in der Höhe durch starke gaumige und Faner
4150 3592 4515 3681 anwaltschaft,
2390 3641 4485 3744 den Agierenden selbst unterrichtet worden. Der geheime Grund dieses dürften noch
2390 3728 4107 3812 Ansturmes der Royalisten gegen den Autor war, daß Herr
2401 3785 4101 3872 de Croisset in Wahrheit Franz Wiener heißt und einen Onkel hat
2395 3856 4109 3932 Sam Wiener, der belgischer Senator und einer der bedeutendsten
4142 3790 4518 4014 Alexan
2395 3916 4101 4017 Advokaten in Brüssel war, ehe er vor einigen Monaten starb
2390 3984 4123 4071 Sam Wiener war nun von der Herzogin von Orleans
2365 4052 4123 4158 in dem Prozeß, den sie gegen ihren Gemahl, den
2395 4120 4112 4213 Prätendenten, auf Zahlung einer Alimentation anstrengte
4156 4126 4524 4251 (Wohnungskrise)
2916 4175 4112 4278 gewählt worden, und das konnten
2594 4188 2864 4278 Anwalt
2401 4265 4115 4335 die Königstreuen der Prinzessin nicht verzeihen und sie rächter
4308 4256 4543 4365 In Par
2409 4322 4123 4414 sich an dem Neffen des Advokaten, der es wagte, dem Prätendenten
4164 4330 4529 4423 Wohnungskrisi
2401 4385 4513 4491 ob seines Verhaltens gegen seine Frau ungeschminkt die Wahrhett
2398 4458 2676 4583 zu sagen.
4145 4466 4524 4570 Der „Temps“
2556 4474 4112 4613 Herr de Croisset tat alles, um den Angriffen in möglich
4164 4540 4529 4632 mitteln wie h
2401 4564 4137 4665 weitem Umkreise auszuweichen. Er war der erste, buchstäblich der
4164 4613 4529 4701 befragten Par
2390 4654 4112 4736 erste, der einen Beitrag zur Errichtung eines Monuments fü
4158 4673 4537 4752 der soeben Mi
2409 4731 4115 4829 Calmette sandte, obgleich auch der „Figaro“ ihn heftig angegriffen
4164 4750 4529 4837 Gebiet der so
2414 4791 4117 4875 hatte. Er lud auch zu seinem Balle Delcasse ein, obgleich diese
4164 4810 4524 4905 worben hat, d
2395 4850 4123 4949 im Vorjahre Botschafter in Petersburg war, und sich weigerte, in
4164 4872 4537 4968 tigkeit der A
2409 4913 4117 5011 dem Boykott der dortigen Gesellschaft für de Croisset zu inter
4164 4943 4526 5047 In Paris be
2390 5017 4526 5101 venieren. In ironischer Weise bezeichnen die Blätter den Ball- da die Bevöl
2393 5085 4548 5164 als „geistreiche Rache“, aber unter dieser Fronie darf man wohl/ Leute kaum na
2390 5126 4131 5227 andere Bezeichnungen für die dem alten Testament durchaus nicht
4158 5153 4464 5246 worden ist.
2390 5188 4507 5336 entsprechende Großmut und Versöhnlichkeit des Herrn de Croisset; deutung und
2409 5270 2673 5376 verstehen.
4169 5286 4526 5376 Familien nicht
4158 5355 4537 5453 Anzeichen,
4167 5417 4537 5513 Zimmern ha
4175 5477 4540 5575 sehr beunruhi
3142 5355 4139 5603 Goethe=Gesellschaft
2420 5371 3063 5608 Die deutsche
4169 5554 4529 5643 für Junggesel
4169 5627 4524 5706 vertriebenen
3186 5600 3575 5782 Gefahr.
4158 5687 4532 5780 niederster Ordn.
2611 5714 3207 5834 ses von der Wartburg.
3251 5717 4071 5834 Die unangebrachte Schneidigkeit
