3384 4216
2700 495 2834 625 85
637 674 981 816 nicht?
631 790 2840 989 Funk: O ja, aber ich dachte nicht, dass sich
634 938 2359 1146 Baronin auch dafür interessieren.
640 1094 2689 1282 Baronin: Grad dafür. Mit der Zeit werde
648 1259 2774 1416 überhaupt ganz zur Politik übergehen.
651 1399 2780 1592 Funk: Herr Engler ist mit dem Grafen Nie-
657 1583 1651 1788 derhof weggefahren.
654 1731 2652 1887 Baronin: Ah, war der Graf schon da? Was
659 1882 2942 2047 schaun S' mich denn so an? Der Graf ist mein
671 2035 2933 2248 Cousin. - Also, da schreiben Sie Ihre berühm-
671 2206 1302 2379 ten Artikel.
674 2322 2430 2538 Funk: Bin ja erst kurze Zeit hier.
674 2476 2865 2669 Baronin: Uebrigens,was das Fest anbelangt,
677 2609 2837 2808 wir reflektieren auf Ihre Mitwirkung. Er.
682 2791 2837 3013 schrecken S' nicht.. in einem der lebenden
682 2982 2874 3155 Bilder. Sie sind nicht der einzig bürger-
699 3113 2919 3266 liche.Der Hoffmann singt ein paar Couplets.
685 3243 2749 3428 Funk: Welches Bild soll ich denn leban?
694 3422 2951 3584 Baronin: Das werden wir heute Abend bei der
694 3545 2951 3783 Comitésitzung feststellen. Kommen Sie auch.
