3384 4104
614 544 2960 786 Der Einjährige: E-ventuell spring ich für ihn
620 772 853 926 ein.
617 862 2814 1049 Aber die Sozialdemokraten schlagen sich ja
622 1052 959 1213 nicht.
625 1113 2873 1391 Fink hochelegant eben vom Rennplatz zurück.
628 1309 2887 1528 Die Gräfin X. hat ihn angesprochen und sich
640 1499 2835 1698 bedankt, weil er ihr schauspielerisches Ta¬
637 1645 1648 1835 lent gepriesen hat.
643 1806 2578 1979 Er macht der Baronin lebhaft den Hof.
628 1979 1260 2142 Sie zögert.
643 2084 2882 2297 Es stellt sich heraus, dass man den beleidi-
658 2280 2230 2437 genden Artikel nicht goutiert.
646 2396 2908 2592 Der Einjährige: Sie dürfen sich das einfach
658 2557 1818 2747 nicht gefallen lassen.
652 2721 2955 2911 Es wird beschlossen,dass der Freiwillige mit
652 2838 2896 3034 einem Freund, vom „Tag ewerk" Aufklärung for¬
658 2993 2990 3183 dern wird. Der anonyme Kerl soll sich nennen.
655 3145 2826 3343 Der Sportberichterstatter bietet sich als
672 3282 2759 3516 zweiten Sekundanten an.Der Freiwillige:
672 3487 2303 3720 Das möcht ich lieber vermeiden.
