3368 4120
2623 395 2766 529 53
214 392 658 603 23/11.1913.
672 546 2646 755 6. Kohnberger,Adele Loser tritt ein.
715 744 2932 872 Vie lle icht ist zu Anfang der Szene Kajetan
709 887 3012 1035 noch hier. Kurze Bemerkungen über das Garten
709 1021 2997 1244 fest und das Festspiel, das Kajetan und Adele
706 1181 1991 1390 Loser zusammen schreiben?
706 1324 2820 1539 Ueber die Baronin. Merkwürdige Frau.Adele
715 1493 1862 1670 verkehrt auch bei ihr.
701 1667 2920 1796 Adele bittet um eine Gefälligkeit. In einem
701 1782 2760 1985 Berline Kabaret wurde ein Lied von ihr
709 1925 2783 2122 gesungen; sie wünscht eine Notiz darüber.
724 2108 2980 2254 (Das gefallene Mädchen-Lied).sie zitiert Be-
706 2245 2771 2420 richte aus Berliner Blättern. Eigentl ich
709 2420 2488 2568 ist sie Gegnerin der Emanzipation.
706 2531 2989 2754 Adele:Das müssen sie doch auseinanderhalten.
709 2720 2866 2903 Ich habe von meiner Loge aus erklärt, dass
709 2869 2897 3020 ich mich mit meinen Couplets nicht identi-
701 3066 2871 3220 fiziere, ja, dass ich es als Dame schandbar
704 3235 1024 3360 finde.
692 3338 2983 3506 Sie ist sehr viel beschäftigt, Kunstwanderun
695 3495 2877 3747 gen.Five o'clock Teas, jetzt das Stück mit
