3368 4088
858 404 2773 642 ge Engel mit seinem Bericht aus einer
848 547 2919 792 Gesellschaft, aus der er eben kommt,evan-
861 745 2887 927 tuell Kaffeehaus.Die jungen Leute,Finka
861 848 2837 1107 neuer Kreis, halten es alle für selbst-
866 1017 2794 1281 verständlich, dass er sich den Artikel
877 1215 2985 1413 im „Tagewerk" nicht gefallen lassen kann.
874 1329 2950 1569 Er muss den Verfasser unbedingt fordern.
874 1542 2966 1696 Ob er denn gar nicht die versteckten Be-
874 1656 2913 1825 leidigungen bemerkt habe? Fink will zu-
893 1836 2773 2026 erst irgendwie aus der Sache heraus.
895 1981 3019 2150 Die Baronesse wird gemeldet, eine Dilettan
903 2126 2969 2306 tin, die Fink neulich kennen gelernt hat;
909 2266 2927 2504 nicht mehr ganz jung,aber aus einem ur-
911 2446 3008 2610 alten Geschlecht. Sie bringt entweder Ge-
922 2583 2934 2773 dichte oder ersucht um eine Notiz.Viel-
917 2752 3016 2934 leicht sind Sachen von ihr in einem Caba
919 2895 3024 3090 ret gesungen worden; sie ist konfus,affek-
927 3066 2448 3209 tiert, aber nicht ohne Charme.
943 3191 3016 3405 Vielleicht wird sie vom Grafen Niederhof
943 3376 2929 3537 vorgestellt,mit dem sie in Beziehungen
930 3542 1809 3698 stand oder steht.
