3496 4216
665 392 1355 555 Ueberzeugung.
671 561 2949 708 Oder gar: Wenn wir uns versöhnen,bringe ich
668 699 2887 864 Fliederbusch zum Frühstück mit. (der Sie so
1447 821 2814 950 Ode Ich komme mit Hiedertracht zu
671 867 1330 1048 interessiert
1275 938 2893 1082 Inholich...  Wis wollen ieds, ne sone besse
1655 1030 1928 1156 sifell
662 1152 3044 1355 Die Sekundanten holen ihn nicht ab, sondern er
677 1358 2952 1517 begibt sich zu dem verabredeten pendez-vous
662 1459 2995 1680 mit Egon und Wöbl.Denn er führt ja die Rolle
668 1655 2903 1824 Fink konsequent durch, obenso wie die Rolle
674 1814 1370 1992 Fliederbusch.
742 1977 2958 2136 er hat Abendstern und Obendorfer gesagt: Ich
680 2130 1667 2283 schlage mich nicht.
696 2253 3148 2424 Obendorfer erwidert ihm: Ueberlegen Sie es sich
687 2446 3080 2587 noch einmal. Wir holen sie morgen Früh ab. Wenn
690 2568 2967 2731 Sie nicht da sind (oder nicht mitkommen), so
693 2762 2927 2912 fahren wir allein hinaus und blamieren Sie
696 2927 1284 3071 öffentlich.
696 3004 3028 3227 Somit ist Fliederbusch (Fink) natürlich auf
699 3231 3028 3344 das Eintreffen von Abendstern und Obendorfer
702 3338 3169 3522 vorbereitet im V. Akt und seine Absicht ist es,
696 3519 2709 3663 sich mit Emphase von allem loszusagen.
