3368 4072
649 457 2955 736 Dieser Fink schiebt das Andere auf den Vetter
640 678 2755 849 Natürlich viel wirksamer, wenn im zweiten
634 812 2900 1027 Bild,wenn die Sekundanten kommen,Fink selbst
654 1006 1091 1207 dasitzt.
649 1097 2949 1321 Dem Zuschauer muss es ein Geheimnis bleiben.
649 1289 1606 1501 Die beiden Fra uen.
660 1437 2970 1635 Er muss in beiden Heimen dargestellt werden.
669 1577 2926 1780 Die eine Frau geht zur andern. Die Sozialde-
666 1751 3008 1946 mokraten zur Modeberichterstatterin (geschie
686 1911 1425 2126 dene Baronin).
681 2030 2897 2257 Er kommt. Sie sagt ihm: Frau so und so war
707 2199 2999 2391 da um Gnade flehen. Er hat sie sicher selbst
701 2397 1390 2574 hergeschickt.
710 2496 1865 2723 Darauf Fink entrüstet.
713 2580 3005 2848 Es mussendlich einer kommen,dem er sich an-
721 2772 2961 3005 vertraut ; einem Schauspieler? Jedenfalls ei-
716 2941 2819 3159 nem aus dem sozialdemokratischen Kreise.
