3336 4200
2668 403 2809 555 95
712 566 2906 755 2. Sabine.Silberstein kommt..Er sucht Fink
724 692 2809 909 und wundert sich, dass er noch nicht hier
732 849 2809 1072 ist. Fink hat ihn gebeten um 5 zu kommen.
746 975 2820 1210 Er ergeht sich in Sentimentalitäten über
746 1221 1659 1419 die Aussicht etc.
784 1316 2728 1539 (Vorstädtische Wohnung.Blick in Höfe.)
764 1493 2477 1667 Er nimmt das Kind auf den Schoss.
769 1610 2843 1870 Ja,wer so ein Heim hätte.So ein Weiberl.
772 1848 1407 2008 So ein Kind.
769 1936 2866 2131 Dann fragt er Sabine um Rat, er soll sich
789 2108 2666 2314 nämlich verloben. Aber sie ist reich.
781 2259 2877 2451 Sabine: Da können Sie sich doch ganz der
795 2420 2062 2608 Schriftstellerei widmen.
798 2560 2774 2740 Silberstein. Was wurden Sie dazu sagen,
807 2694 3106 2900 wenn ich mich von meiner Frau aushalten lessen
815 2937 1144 3120 würde.
