3368 4216
298 280 3110 649 müsse erwählich schläf. - Um Müllermacht
266 522 3029 887 ging te Gesellschaft auseinander. Ich mehr
316 715 2952 1017 von einem Krank mit einem Küsse Ab¬
2938 768 3138 1147 be
235 912 3005 1294 Auch sukoste mich. Kalt... doch Mehren
207 1203 3022 1508 ich die Stiegen hinunter schick gestellt mich
715 1385 2837 1715 c. die Erlsche Aljäge beginnen
277 1459 694 1690 Miliers.
1234 1662 1515 1939 Yr
242 1662 898 1893 bereits
217 1785 2966 2177 Richard. kein Thee gratulirt und noch
214 2156 2893 2419 Mr och jener... uns meinen Onkel war
228 2304 2980 2581 betrunken und umarmt mich.
263 2532 3050 2756 waren gottlos möchte Ein Tante klein Cession
207 2682 2556 2942 Ein Doktor der Racht sein, ein O.
2598 2752 2984 2956 Zeiten.
210 2865 2819 3187 lind. Die hujendliche. ich dafür, wenn ich
200 3093 2917 3422 verschwand mit aufgesteckten Kongen
203 3317 1851 3661 in ein Instongisse.
2251 3355 2998 3622 in ambt
182 3597 2756 3888 mich, ich würde nun vor den Fechten
