3608 4248
973 617 2884 861 Herrn Kalmen werde ich zu finden wissen!
905 786 2277 1027 wollen ihr den Gatten rauben?
878 945 3219 1173 uhigen Sie sich, Herr v. Winkler: wie Sie wird auch
756 1112 2657 1308 in Freund abreisen; man vergisst schnell,
725 1298 1752 1501 Sie werden edel sein!
685 1488 1040 1657 Jawol.
688 1616 1427 1803 Sie verzeihen?
583 1660 3311 1993 R: sgiebt ihm die Hand: Dies für Ihre Tochter und Herrn
651 1830 3314 2111 Kalmen. - Sollte heute nicht Ihr Chateua d'Iquem auf den
630 2071 1623 2311 Tisch kommen?
613 2237 1691 2450 : Freilich sollte er.
674 2376 2274 2579 R: Und Ihr Rheinwein vom Jahre 36?
664 2559 952 2762 : Ja.
640 2657 3328 2901 R: Ich fürchte beinahe, Herrn Kalmon zu früh verziehen zu
688 2870 1020 3057 haben.
654 2952 3365 3192 Franz: tritt ein: Gnädiger Herr, der Wagen ist bereit.
678 3141 2186 3379 R: Ich bedarf seiner nicht mehr.
729 3233 3324 3490 W: Ich will ihn gleich benützen, wenn er sehen dasteht.
678 3450 2199 3687 Nun leben Sie wohl, mein Freund.
752 3599 1952 3843 Siehen Sie in Frieden.
888 3697 2569 3992 |:gerührt: | Leben Sie wohl. |:ab:
