3800 4328
3102 157 3260 303 1857
1130 492 2130 663 Anatol und sein Sohn.
1180 534 3313 818 Der Sohn: Du hast kein Recht mir meine Lampe
1144 649 2875 916 reien vorzuwerfen, Du warst geradeso.
1146 717 3409 1012 So glaubst Dn, Du der gemeine Lampf und Zeit ver
1163 835 3232 1104 trödler der in jeder Weil die Kokotte sucht.
1169 967 2880 1214 Ich sucht in jeder Kokotte das Weib.
1099 3959 3164 4131 Winkler: Niemalsl- Sind Sie vorbereitet, das
