3816 4328
2291 306 3314 691 in dem Vorstandt
624 364 2259 638 sich nun einmal nur
567 524 1540 837 nicht!  Für mich
2495 510 3368 934 A jaune t stilain
1796 567 2470 891 Das Sich
492 805 3272 1219 ich bießen sie abschrift schuldigt. Mit der gränk
435 1091 3165 1454 passions habe in wir Man hält um
460 1336 2922 1732 nirger Nämtes in die draußen ist.
3086 1404 3236 1654 P.
2477 1593 3040 1853 to the
506 1629 2487 1949 ist es „Liddianen“ ernstellen,
460 1810 3304 2224 Klinge Verhältnisse Unstattlichelei – das ist
2858 1935 3432 2128 une amuel
481 2128 3300 2480 mein Sors. Und in ich mich einmal unge¬
510 2302 3225 2716 Mir blieht das große Abertine nicht. Iserer
1083 2580 1418 2737 nicht
492 2548 3364 2944 selbst verstandt oder nie gebiett xxx Jn talon
1536 2773 3129 3115 e, wünscht man Sie denn
1069 2876 1176 3054 me
517 2894 1044 3093 mrd   a/d
510 3108 1083 3343 dem fern
674 3118 3282 3592 Sein habe! Aber... sehen Sie, n. in
549 3407 3165 3820 über klein Welt war schmied geleibt. in dem
681 3674 3086 4141 ersten und verstanden in Sie wissen ge¬
