3896 4280
683 260 2629 531 und den affectirten Halbdunkel
680 416 2600 724 eines stedenden Nachmittags.
2848 453 3409 902 insum
758 613 2826 958 Sie. Ich will ja nicht wissen, was
732 914 2191 1214 nicht vorstellen soll,
1965 1107 3509 1463 Sie sich ein kleines dienen
891 1159 1872 1563 Als Acker
2020 1374 2262 1508 peut
2726 1341 3146 1519 Marid
813 1434 3461 1738 immer so klein gemelte über zu ließ
743 1671 3576 2043 Wunde und noch dazu etwas zu leisten.
654 1905 3346 2217 und Faster, neben den in Justisch steht.
683 2117 2767 2421 und die Aufsicht auf einiger ein¬
650 2299 3290 2659 Inunter die jener und eine Einrichten
702 2522 3398 2938 4 in zwei kleine schuldigt Kupfersicht Cents
687 2774 3354 3146 verblaßten Aufschriften hängen die und daß
720 2993 3532 3368 Zins... stell ein Tisch.. dort – kurz er ist tzerha
3038 3216 3454 3532 7 Zeugen
713 3253 2915 3573 Zimmen und Schlafzimmer zu seich.
702 3524 3491 3781 bey mit seinem Schörer... Vom Fenster
3517 3658 3625 3803 de
1136 3699 1786 3929 Ihr un¬
624 3695 3606 4074 wenn es dort, die Aussicht auf den Rück¬
