3608 4216
739 622 3122 870 ich schaute zu irgend einem Fenster hinaus. Ich
643 787 3239 1011 hatte den Trost: kommt sie von der einen Seite nicht, so
571 994 3105 1186 kommt sie von der andern. Sie kam von keiner Seitel Um
571 1121 3336 1324 zehn Uhr ein Telegramm aus Linz. Ich zitterte. Hier ist m,
640 1327 1069 1506 esen Sie.
650 1441 1860 1664 Ich kann nicht! Julius!
702 1609 3270 1816 :liest: "Wir harren deines Segens im Hotel zum Kreb-
674 1747 2772 1974 en. prahtantwort bezahlt. Alexandra. Kalmen."
581 1936 1382 2146 R: :bitter: Ha
578 2084 1644 2307 J: Nun? und Ihr Segen?
585 2197 3181 2442 R: Sie haben ihn bereits telegraphisch anweisen lassen?
588 2342 3274 2589 J: Ich finde das sehr nobel von Herrn Kalmon, dass er Ih-
585 2524 2084 2765 fen Segen im vorhinein bezahlt.
609 2641 3243 2892 W: Ah, Herr Kalmen - dieser Schlucker! "Drahtantwort be-
650 2789 2607 3033 zahlt" - das ist der Stil meiner Tochter!
653 2950 3215 3219 R: Ich hätte eine traurige Rolle gespielt, wenn ich zu
609 3081 3219 3367 Mittag mit meinem Bouquet angerückt wäre - und Fräulein
636 3267 3243 3511 Alexandra hat es nicht für notwendig befunden, mich per-
646 3446 1781 3679 sönlich zu verständigen!
674 3494 3305 3827 W: Seien Sie nur nicht gar zu streng. Das arme Kind...es
698 3717 2514 4006 konnte freilich nicht an alles denken.
