3832 4376
549 395 2695 765 Andres, als Sie sich vorstellen.
641 604 3442 1018 i. Nur A. a/ wie reizend! Kann Sie desnach
505 915 3398 1340 min, wo sagen Sie zu Am Gut.. Die Toren
491 1157 3394 1541 sich man vor zwei schone gehört sich
425 1446 3361 1801 nun die Festen! weit wollen, nicht!
469 1648 3189 2091 das müßtge an colossales Aufsahm und
443 2017 1300 2318 in Hernal
578 2186 3174 2559 G. Gerich Frau von Gernart von mir
2493 2383 3248 2596 ungeschrieben
513 2471 3280 2801 Bert... im übrigen u etersche Ge an¬
491 2698 3357 3097 De Hernalse Geschmack
1538 2947 1999 3160 Minn
450 3010 3394 3361 und wiedermal die Münchterin der Vorsicht an¬
461 3248 2563 3650 da ist alle Grägen, Einfachheit
2687 3284 3324 3650 leibendwurf
912 3540 1278 3866 Mr
458 3570 849 3881 keit.
560 3800 3200 4145 Sie. ist es ist weitlich schwere mit Ihnen
