3560 4104
522 559 1237 796 R: Lass sehen!
600 735 1671 959 : Nicht neugierig sein!
505 901 1718 1112 R: Aber ich darf doch -?
515 1067 1627 1250 I: Du bist mistrauiseh.
512 1193 3124 1440 R: An wen? Ich wünsche es zu sehen... ich wüTsche as zu
532 1403 901 1593 wissen!
525 1501 3226 1742 I: Ich gab es doch dem Franz zum Aufgeben, es ist also an
556 1721 1508 1911 keinen Nebenbuhler.
529 1820 2908 2071 R: Franz - hinaus! Er steht noch immer da! :Fr.b
579 1962 3263 2186 R: Das ist es eben: du willst mich einlullen! :Entwindet
556 2155 1718 2376 es ihr. Liest:! Oh! eh!
535 2260 3263 2518 J: Was gibt’s? Darf man lesen? “Herrn Kalmen, Linz, roter
593 2453 2677 2667 Krebs. Wir verzeihen Ihnen, Richard, Ilena.
556 2647 1461 2833 R: Du hast gehört?
566 2792 1271 2985 I: Jedes Vort!
573 2952 1078 3148 R: Und -?
593 3087 2020 3267 I: Und bin dir gar nicht böse.
647 3233 1799 3443 J: Sie sind grossherzig!
617 3321 3206 3562 I: Durchaus nicht. Eine Untreue, in der die Liebe nicht
661 3487 3236 3762 mitspielt, verzeihen wir so schnell. - Gestehe nur: es
624 3633 2630 3955 freut dich ja, dass sie durchgegangen ist.
