<?xml version="1.0" encoding="UTF-8" standalone="yes"?>
<PcGts xmlns="http://schema.primaresearch.org/PAGE/gts/pagecontent/2013-07-15" xmlns:xsi="http://www.w3.org/2001/XMLSchema-instance" xsi:schemaLocation="http://schema.primaresearch.org/PAGE/gts/pagecontent/2013-07-15 http://schema.primaresearch.org/PAGE/gts/pagecontent/2013-07-15/pagecontent.xsd">
    <Metadata>
        <Creator>prov=READ-COOP:name=TrHtr:version=2.1.0:model_id=51170:date=28_07_2023_14:27</Creator>
        <Created>2023-05-10T11:31:15.486+02:00</Created>
        <LastChange>2023-07-28T14:27:33.672+02:00</LastChange>
        <TranskribusMetadata docId="1428158" pageId="55389280" pageNr="357" tsid="131356637" status="IN_PROGRESS" userId="64420" imgUrl="https://files.transkribus.eu/Get?id=HRBJAAJABSEBASTAVZDLXXCS&amp;fileType=view" xmlUrl="https://files.transkribus.eu/Get?id=AEUTGQKGTXIKKTXEFJBPOZLA" imageId="44664169"/>
    </Metadata>
    <Page imageFilename="1428158_0357.jpg" imageWidth="3800" imageHeight="4184">
        <ReadingOrder>
            <OrderedGroup id="ro_1711819575442" caption="Regions reading order">
                <RegionRefIndexed index="0" regionRef="tr_1"/>
            </OrderedGroup>
        </ReadingOrder>
        <TextRegion id="tr_1" custom="readingOrder {index:0;}">
            <Coords points="638,418 3476,418 3476,3943 638,3943"/>
            <TextLine id="tr_1_tl_1" custom="readingOrder {index:0;}">
                <Coords points="1870,517 1964,479 2273,552 2356,514 2426,559 2491,520 2578,520 2571,288 2134,291 2103,319 1995,281 1863,288"/>
                <Baseline points="1889,468 1933,471 1978,477 2023,483 2068,483 2112,486 2157,489 2202,489 2247,489 2291,489 2336,489 2381,492 2426,492 2471,492 2515,495 2560,495 2584,492"/>
                <TextEquiv>
                    <Unicode>Analols</Unicode>
                </TextEquiv>
            </TextLine>
            <TextLine id="tr_1_tl_2" custom="readingOrder {index:1;}">
                <Coords points="1319,652 1509,635 1666,694 1846,621 1919,663 2103,645 2169,697 2367,670 2363,520 2186,555 1961,475 1874,538 1652,465 1482,344 1312,368"/>
                <Baseline points="1336,608 1381,608 1426,605 1471,608 1516,614 1560,611 1605,614 1650,617 1695,617 1739,617 1784,620 1829,620 1874,623 1918,626 1963,626 2008,626 2053,629 2097,632 2142,632 2187,629 2232,629 2277,629 2321,626 2366,629 2375,629"/>
                <TextEquiv>
                    <Unicode>Hochzeitsmöge</Unicode>
                </TextEquiv>
            </TextLine>
            <TextLine id="tr_1_tl_3" custom="readingOrder {index:2;}">
                <Coords points="1693,916 1808,878 1870,892 1919,861 1988,861 2103,923 2283,892 2346,861 2346,704 2252,750 2183,722 2117,756 2044,697 1995,729 1686,656"/>
                <Baseline points="1710,793 1754,796 1799,796 1844,802 1889,802 1933,802 1978,802 2023,805 2068,805 2112,805 2157,805 2202,808 2247,808 2291,808 2336,802 2354,796"/>
                <TextEquiv>
                    <Unicode>Lwolspiel</Unicode>
                </TextEquiv>
            </TextLine>
            <TextLine id="tr_1_tl_4" custom="readingOrder {index:3;}">
                <Coords points="906,1263 1149,1218 1461,1263 1870,1114 2072,1208 2547,1169 2547,1010 2464,982 2051,1003 1829,947 1537,1017 1364,940 1232,1027 909,916"/>
                <Baseline points="928,1110 972,1116 1017,1116 1062,1116 1107,1119 1151,1119 1196,1119 1241,1116 1286,1116 1331,1116 1375,1113 1420,1113 1465,1113 1510,1110 1554,1110 1599,1107 1644,1104 1689,1101 1733,1101 1778,1098 1823,1098 1868,1095 1912,1092 1957,1092 2002,1095 2047,1092 2092,1092 2136,1098 2181,1101 2226,1104 2271,1104 2315,1107 2360,1107 2405,1110 2450,1113 2494,1110 2539,1113 2554,1113"/>
                <TextEquiv>
                    <Unicode>Blegentes Zueggesellen zuver¬</Unicode>
                </TextEquiv>
            </TextLine>
            <TextLine id="tr_1_tl_5" custom="readingOrder {index:4;}">
                <Coords points="791,1471 2578,1426 3262,1520 3265,1298 2783,1308 2693,1228 2099,1277 1856,1388 1423,1350 1159,1218 795,1263"/>
                <Baseline points="811,1438 856,1435 901,1435 946,1432 990,1435 1035,1441 1080,1441 1125,1441 1169,1441 1214,1444 1259,1444 1304,1444 1348,1447 1393,1444 1438,1444 1483,1441 1527,1438 1572,1438 1617,1435 1662,1432 1707,1435 1751,1435 1796,1432 1841,1432 1886,1426 1930,1423 1975,1420 2020,1420 2065,1420 2109,1420 2154,1420 2199,1423 2244,1423 2288,1423 2333,1420 2378,1417 2423,1417 2468,1408 2512,1408 2557,1408 2602,1408 2647,1405 2691,1408 2736,1408 2781,1408 2826,1411 2870,1411 2915,1411 2960,1411 3005,1411 3049,1414 3094,1414 3139,1417 3184,1414 3229,1414 3275,1409"/>
                <TextEquiv>
                    <Unicode>Thichard kommt in die im Morgenung auf it Jahren gesehen</Unicode>
                </TextEquiv>
            </TextLine>
            <TextLine id="tr_1_tl_6" custom="readingOrder {index:5;}">
                <Coords points="756,1679 3147,1707 3147,1568 2970,1534 2457,1513 2099,1607 1732,1523 1586,1627 1263,1541 756,1565"/>
                <Baseline points="775,1644 820,1650 865,1656 910,1659 954,1665 999,1668 1044,1671 1089,1671 1134,1671 1178,1668 1223,1665 1268,1671 1313,1671 1357,1671 1402,1671 1447,1671 1492,1671 1536,1671 1581,1674 1626,1674 1671,1671 1715,1668 1760,1668 1805,1668 1850,1665 1895,1665 1939,1659 1984,1656 2029,1656 2074,1656 2118,1653 2163,1653 2208,1656 2253,1653 2297,1653 2342,1650 2387,1650 2432,1647 2476,1650 2521,1653 2566,1653 2611,1656 2656,1656 2700,1659 2745,1659 2790,1659 2835,1662 2879,1662 2924,1668 2969,1671 3014,1668 3043,1677 3058,1674 3064,1674 3109,1674 3154,1671"/>
                <TextEquiv>
                    <Unicode>aus den Zimmer rechts und macht die Thüre leise</Unicode>
                </TextEquiv>
            </TextLine>
            <TextLine id="tr_1_tl_7" custom="readingOrder {index:6;}">
                <Coords points="2394,1954 2665,1915 2818,1943 2915,1908 3067,1957 3224,1943 3227,1818 3172,1822 3085,1759 2807,1745 2724,1770 2679,1742 2478,1829 2398,1815"/>
                <Baseline points="2415,1899 2423,1898 2468,1895 2512,1892 2557,1892 2602,1892 2647,1895 2691,1898 2736,1895 2781,1892 2826,1889 2870,1886 2915,1889 2960,1889 3005,1886 3049,1880 3094,1877 3139,1880 3184,1883 3229,1883"/>
                <TextEquiv>
                    <Unicode>sich sich auf ein</Unicode>
                </TextEquiv>
            </TextLine>
            <TextLine id="tr_1_tl_8" custom="readingOrder {index:7;}">
                <Coords points="753,1912 906,1992 1173,1915 2363,1957 2363,1766 2082,1773 1912,1856 1801,1794 1405,1846 1260,1784 1024,1832 753,1770"/>
                <Baseline points="772,1898 790,1892 835,1898 880,1906 880,1906 925,1912 969,1912 1014,1915 1059,1915 1104,1915 1148,1915 1193,1915 1238,1918 1283,1915 1328,1918 1372,1918 1417,1921 1462,1921 1507,1921 1551,1921 1596,1918 1641,1912 1686,1912 1730,1912 1775,1912 1820,1912 1865,1912 1909,1912 1954,1912 1999,1912 2044,1912 2089,1915 2133,1915 2178,1915 2223,1912 2268,1906 2312,1909 2357,1912 2372,1909"/>
                <TextEquiv>
                    <Unicode>Er sieht etwas famirt aus.</Unicode>
                </TextEquiv>
            </TextLine>
            <TextLine id="tr_1_tl_9" custom="readingOrder {index:8;}">
                <Coords points="684,2117 909,2214 3470,2266 3467,2065 2880,1884 2308,2023 1846,1919 684,1950"/>
                <Baseline points="701,2103 746,2100 790,2097 835,2097 880,2100 925,2100 969,2100 1014,2103 1059,2106 1104,2106 1148,2106 1193,2109 1238,2112 1283,2115 1328,2118 1372,2121 1417,2121 1462,2121 1507,2121 1551,2118 1596,2115 1641,2112 1686,2109 1730,2109 1775,2109 1820,2112 1865,2115 1909,2118 1954,2121 1999,2124 2044,2121 2089,2124 2133,2124 2178,2124 2223,2124 2268,2121 2312,2121 2357,2124 2402,2121 2447,2118 2491,2115 2536,2115 2581,2112 2626,2112 2670,2115 2715,2115 2760,2115 2805,2112 2850,2112 2894,2115 2939,2115 2984,2115 3029,2115 3073,2115 3118,2118 3163,2121 3208,2127 3252,2133 3297,2139 3342,2142 3387,2151 3431,2154 3476,2160"/>
                <TextEquiv>
                    <Unicode>Chamlongue und druckt auf einen Knopf; in Klengelt,</Unicode>
                </TextEquiv>
            </TextLine>
            <TextLine id="tr_1_tl_10" custom="readingOrder {index:9;}">
                <Coords points="628,2412 750,2457 906,2384 1100,2478 1416,2339 1666,2467 1992,2377 2176,2453 2485,2432 2453,2210 1666,2200 1541,2273 1450,2200 625,2179"/>
                <Baseline points="647,2306 692,2309 737,2306 781,2309 826,2312 871,2312 916,2315 960,2321 1005,2324 1050,2324 1095,2321 1140,2324 1184,2324 1229,2324 1274,2327 1319,2330 1363,2336 1408,2336 1453,2333 1498,2333 1542,2333 1587,2330 1632,2324 1677,2327 1721,2324 1766,2330 1811,2327 1856,2327 1901,2330 1945,2324 1990,2324 2035,2324 2080,2327 2124,2330 2169,2330 2214,2333 2259,2336 2303,2339 2348,2345 2393,2342 2438,2345 2482,2345 2494,2342"/>
                <TextEquiv>
                    <Unicode>Franz erscheint.  Quaitz Herr Prof.</Unicode>
                </TextEquiv>
            </TextLine>
            <TextLine id="tr_1_tl_11" custom="readingOrder {index:10;}">
                <Coords points="2495,2394 2752,2380 3106,2509 3172,2471 3338,2505 3328,2259 2925,2290 2665,2217 2485,2214"/>
                <Baseline points="2509,2342 2539,2342 2584,2351 2629,2351 2674,2343 2674,2343 2721,2342 2766,2339 2811,2339 2855,2345 2900,2345 2945,2348 2990,2348 3035,2354 3079,2357 3124,2363 3169,2363 3214,2372 3258,2381 3303,2381 3345,2378"/>
                <TextEquiv>
                    <Unicode>und geht</Unicode>
                </TextEquiv>
            </TextLine>
            <TextLine id="tr_1_tl_12" custom="readingOrder {index:11;}">
                <Coords points="618,2759 3376,2741 3401,2498 2963,2502 2755,2391 1582,2429 1440,2519 1211,2398 618,2526"/>
                <Baseline points="638,2578 680,2572 725,2569 769,2563 814,2560 859,2560 904,2560 949,2560 993,2563 1038,2563 1083,2563 1128,2560 1172,2563 1217,2566 1262,2566 1307,2566 1351,2566 1396,2569 1441,2569 1486,2569 1530,2575 1575,2575 1620,2578 1665,2575 1710,2575 1754,2578 1799,2578 1844,2575 1889,2578 1933,2578 1978,2578 2023,2578 2068,2578 2112,2578 2157,2578 2202,2578 2247,2581 2291,2584 2336,2587 2381,2590 2426,2593 2471,2596 2515,2596 2560,2593 2605,2587 2650,2584 2694,2584 2739,2584 2784,2584 2829,2581 2873,2581 2918,2578 2963,2578 3008,2578 3052,2578 3097,2578 3142,2578 3187,2581 3232,2578 3276,2578 3321,2575 3366,2575 3411,2572"/>
                <TextEquiv>
                    <Unicode>in die Thun, durch die Richen Herren trat</Unicode>
                </TextEquiv>
            </TextLine>
            <TextLine id="tr_1_tl_13" custom="readingOrder {index:12;}">
                <Coords points="2963,2866 3050,2845 3092,2873 3123,2842 3196,2842 3328,2908 3432,2901 3432,2748 3342,2766 3296,2731 3262,2748 3217,2727 3179,2766 3168,2755 3123,2779 2988,2703 2963,2710"/>
                <Baseline points="2984,2855 2993,2852 3038,2844 3082,2841 3127,2841 3172,2841 3217,2844 3261,2844 3306,2844 3351,2847 3396,2844 3440,2844"/>
                <TextEquiv>
                    <Unicode>mey</Unicode>
                </TextEquiv>
            </TextLine>
            <TextLine id="tr_1_tl_14" custom="readingOrder {index:13;}">
                <Coords points="680,2984 1343,2925 2467,2974 2623,2939 2623,2773 1947,2783 1856,2710 1631,2779 1138,2724 680,2779"/>
                <Baseline points="698,2870 743,2876 787,2876 832,2873 877,2870 922,2870 966,2870 1011,2870 1056,2867 1101,2861 1145,2861 1190,2861 1235,2867 1280,2864 1325,2864 1369,2864 1414,2864 1459,2864 1504,2861 1548,2861 1593,2864 1638,2864 1683,2867 1727,2861 1772,2858 1817,2858 1862,2858 1906,2861 1951,2861 1996,2864 2041,2864 2086,2867 2130,2870 2175,2870 2220,2870 2265,2870 2309,2870 2354,2873 2399,2873 2444,2876 2488,2879 2533,2876 2578,2873 2623,2876 2632,2873"/>
                <TextEquiv>
                    <Unicode>Richend (wirkt es umfegt nicht, länst)</Unicode>
                </TextEquiv>
            </TextLine>
            <TextLine id="tr_1_tl_15" custom="readingOrder {index:14;}">
                <Coords points="638,3255 1863,3154 3206,3241 3314,3227 3317,3002 1180,2936 638,3095"/>
                <Baseline points="659,3151 686,3145 731,3139 775,3136 820,3130 865,3127 910,3121 954,3115 999,3112 1044,3109 1089,3103 1134,3106 1178,3103 1223,3103 1268,3097 1313,3097 1357,3094 1402,3091 1447,3091 1492,3091 1536,3094 1581,3097 1626,3097 1671,3094 1715,3094 1760,3085 1805,3091 1850,3091 1895,3091 1939,3091 1984,3094 2029,3094 2074,3094 2118,3094 2163,3094 2208,3094 2253,3094 2297,3091 2342,3091 2387,3094 2432,3097 2476,3100 2521,3100 2566,3097 2611,3097 2656,3094 2700,3097 2745,3100 2790,3097 2835,3100 2879,3103 2924,3103 2969,3100 3014,3103 3058,3103 3103,3100 3148,3091 3193,3088 3237,3085 3282,3088 3327,3088"/>
                <TextEquiv>
                    <Unicode>und hält ihn noch zu rechten Zeit zurück,</Unicode>
                </TextEquiv>
            </TextLine>
            <TextLine id="tr_1_tl_16" custom="readingOrder {index:15;}">
                <Coords points="663,3453 937,3428 1017,3470 1131,3411 1253,3408 1305,3446 1496,3411 1603,3435 1693,3414 1700,3269 1468,3269 1350,3185 1145,3238 819,3203 670,3258"/>
                <Baseline points="686,3327 719,3324 763,3330 808,3333 853,3333 898,3333 943,3336 987,3336 1032,3333 1077,3330 1122,3327 1166,3318 1211,3315 1256,3312 1301,3312 1345,3315 1390,3312 1435,3312 1480,3309 1524,3303 1569,3303 1614,3306 1659,3306 1704,3306"/>
                <TextEquiv>
                    <Unicode>thür zu öffnen.)</Unicode>
                </TextEquiv>
            </TextLine>
            <TextLine id="tr_1_tl_17" custom="readingOrder {index:16;}">
                <Coords points="1808,3390 2058,3421 2151,3366 2401,3432 2766,3355 3133,3453 3283,3418 3276,3227 2717,3244 2190,3165 2002,3227 1804,3172"/>
                <Baseline points="1826,3312 1871,3312 1915,3315 1960,3318 2005,3324 2050,3327 2094,3330 2139,3333 2184,3339 2229,3336 2274,3336 2318,3336 2363,3330 2408,3327 2453,3333 2497,3330 2542,3330 2587,3333 2632,3330 2676,3330 2721,3333 2766,3333 2811,3339 2855,3342 2900,3342 2945,3348 2990,3351 3035,3345 3079,3342 3124,3336 3160,3342 3169,3342 3214,3357 3258,3354 3288,3357"/>
                <TextEquiv>
                    <Unicode>Was schleich so du denn so? Ich</Unicode>
                </TextEquiv>
            </TextLine>
            <TextLine id="tr_1_tl_18" custom="readingOrder {index:17;}">
                <Coords points="684,3675 874,3588 1166,3637 1308,3578 1475,3650 1693,3602 1863,3654 2151,3578 2151,3435 1905,3390 1142,3480 798,3435 687,3491"/>
                <Baseline points="707,3569 728,3566 772,3575 817,3575 862,3575 907,3578 951,3578 996,3581 1041,3581 1086,3581 1131,3578 1175,3578 1220,3578 1265,3575 1310,3572 1354,3569 1399,3566 1444,3566 1489,3569 1533,3566 1578,3569 1623,3566 1668,3569 1712,3569 1757,3560 1802,3563 1847,3563 1892,3560 1936,3563 1981,3563 2026,3566 2071,3566 2115,3563 2160,3566"/>
                <TextEquiv>
                    <Unicode>habe doch ja nicht gehört,</Unicode>
                </TextEquiv>
            </TextLine>
            <TextLine id="tr_1_tl_19" custom="readingOrder {index:18;}">
                <Coords points="750,4053 1197,4053 1284,3984 1374,4001 1516,3935 1509,3789 1450,3803 1364,3768 1135,3820 999,3796 954,3758 739,3782"/>
                <Baseline points="761,3890 808,3900 853,3906 898,3912 943,3912 987,3912 1032,3915 1077,3924 1122,3924 1166,3930 1211,3933 1256,3930 1301,3927 1345,3933 1390,3927 1435,3930 1480,3927 1524,3924 1527,3921"/>
                <TextEquiv>
                    <Unicode>sofort hat zugriffen</Unicode>
                </TextEquiv>
            </TextLine>
            <TextLine id="tr_1_tl_20" custom="readingOrder {index:19;}">
                <Coords points="3036,3942 3092,3914 3151,3956 3172,3935 3196,3949 3210,3938 3238,3952 3279,3945 3251,3644 3185,3664 3161,3657 3019,3737"/>
                <Baseline points="3055,3912 3100,3915 3145,3921 3190,3927 3234,3930 3279,3927 3285,3930"/>
                <TextEquiv>
                    <Unicode>The</Unicode>
                </TextEquiv>
            </TextLine>
        </TextRegion>
    </Page>
</PcGts>
