3560 4104
698 688 3017 965 Neh finde es ganz charmant, dass Frl.Alexendra auf
750 884 3121 1083 e Idee gekommen ist, bevor sie dich geheiratet hat.
701 1037 2550 1207 na: rasch herein: Nun, was giebt’s?
646 1200 3235 1435 Mein Kind, ich gehe nicht zu der Hochzeit; wir bleiben
519 1393 956 1601 zusammen.
512 1559 1060 1745 Ilena: Wie?
519 1676 3069 1885 R: Ja, noch mehr! Kannst du rasch einen Urlaub nehmen?
509 1859 1291 2055 I: Ohneweiters.
528 1963 3150 2156 R: Nun, ich lade dich ein, heute Abend mit mir nach Ita-
545 2143 1324 2361 lien zu reisen.
515 2257 2270 2498 I: Du bist ein Engel! - Separatecupét
532 2452 1402 2668 R: Sehon bestellt.
548 2589 1562 2818 J: Er denkt an alles!
551 2752 1510 2968 Franz: /:tritt ein:
548 2893 1892 3121 R: Was willst du, Sehlingel?
574 3049 2593 3287 Fr: Ich wollte den gnädigen Herrn erinnern
603 3144 2589 3444 R: Nichts, nichts! Ich gehe nicht dorthin.
574 3343 1914 3600 Fr: Also darf ich auspaeken?
646 3434 3066 3708 R: Durchaus nicht. Ich reiss, wie es festgesetzt war
662 3623 2508 3897 Franz! Geben Sie mir dieses Telegramm
