3608 4232
744 626 3168 855 Und die Hochzeitsgäste? und das Diner? und die Lie-
690 828 1030 1023 er an ten:
690 943 3016 1202 Ich habe mich geflüchtet und kehre erst in später
660 1138 2380 1340 nehtstunde zurück, packe ein, reise al
603 1303 2117 1532 ranz: : kommt: Ein Telegramm.
586 1447 3265 1619 R:  :reisst es ihm aus der Mand:  "Liebe Sie nicht, wäre
576 1579 3279 1798 unglücklich gevorden, schätze Sie jedoch. Nicht böse sein.
579 1771 2350 1989 Senden Sie mir Verzeihung. Alexandra.
569 1946 1734 2161 J: Drahtantwort bezahlt?
586 2124 1569 2313 R: Nicht einmal das!
589 2225 3279 2471 W: Mein armer Freund, begreifen Sie, dass ich nichts mehr
613 2430 1060 2612 tun kann?
606 2515 3312 2764 J: Dir wird auch nichts Anderes übrigbleiben, als ihr die
626 2690 1646 2919 Verzeihung zu senden.
616 2855 2060 3077 R: Ich ihr verzeihen? Niemals!
636 2969 2636 3198 W: Aber ich bitte Sie, was wollen Sie tun?
653 3121 2669 3397 R: Noch weiss ich es nicht. :Hin und her:
663 3282 1989 3568 W: |:zu J: | Was wird er tun?
660 3461 1798 3696 J: zuekt die Achseln:
673 3609 1956 3864 R: Ich werde ihr verzeihen.
707 3790 1589 4063 : Ich danke Ihnen
