3592 4136
548 592 2529 778 R: Ich könnte sie fast liebgewinnen darum.
548 774 1559 960 J: Und das Telegramm?
555 886 3266 1106 R: Wird abgeschickt! Man soll es im Roten Krebs erfahren, -
551 1082 1839 1288 I: Dass wir glücklich sind!
544 1265 1711 1467 J: Dass ihr witzig seid.
551 1380 3145 1606 R: Nein; dass es ein beneidenswerteres Wesen giebt, als
609 1498 3270 1843 das Weib, das betrügt, nämlich den Mann, der sich darüber
578 1748 954 1917 tröstet.
