3720 4184
1166 178 2614 508 hage an das schickung
2713 314 2932 565 an
689 508 2697 835 Ich könnte dis, Mariel, daß die sappenen
3084 499 3240 788 P.
578 721 2763 1058 kauft —... so ja.- Nun kauf die ja heran¬
2757 756 3075 1099 G.H.
610 943 2732 1220 bringen, ob die Minig bei ihr - Zuge di¬
613 1112 3173 1423 sicht Recht. – Dienen  Schluhe, schlafe.Lw.
657 1318 2713 1636 — Sie schlüft — Was soll ich sie fragen?
575 1506 2690 1839 Macht Du mir zu unlehnt? Unsern sie
549 1706 2716 2042 mir zu antwortet!.. Nun... Ja sie
549 1903 2954 2179 weis mir vielleicht – im Anfang... Möllnicht
565 2093 2738 2408 überiegelt. nur kein nichts dahin.
603 2309 2906 2662 Vielleicht wirkt so die Verzeugnenheit.
597 2608 2296 2836 Vielleicht hat sie geträumt - :
623 2763 2271 3021 Mert auf - und lassen mich! -
794 2916 3284 3230 Kulmffet ist in and fuyor, dit
788 3198 2427 3561 is mich belegt muß.
765 3494 1172 3732 leas -
1385 3510 2080 3815 of jman.
1188 3529 1293 3745 D
