3608 4200
851 681 2422 854 h weiss nicht... ich weissnicht!
697 841 1468 1041 Wie?... was?...
717 978 2375 1171 Ich weiss nicht - sie ist verreist!
664 1148 1398 1341 Durchgegangen!
554 1271 3206 1478 W: Mein Herr, ein Fräulein von Winkler geht nicht durch!
547 1441 2249 1638 R: Oh! - Gerade heute zu verreisen!
604 1598 2005 1835 W: Heute Nacht, mit der Post.
547 1732 3069 1972 R: Das sieht ja geradese aus wie eine Flucht vor mir.
554 1928 3243 2112 W: Ich fürchtete gleich, dass Sie es so auffassen würden.
557 2102 3026 2259 J: Es sieht eher aus wie die Flucht zu einem Andern.
557 2249 2295 2435 R: :verüistert: Mit einem Andern.
567 2399 1468 2586 W: Wer sagt Ihnen
560 2532 2536 2732 R: Herr Kalmen hat Ihre Tochter entführt.
591 2682 1685 2899 W: Auch das wissen Sie?
577 2826 1968 3059 R: MeineÄhnung + meine Ahnung!
581 2949 3253 3189 J: Wollen Sie meinem Freunde nicht nähere Aufschlüsse ge-
597 3173 831 3436 ben?
594 3293 1952 3580 R: Ich bitte dringend darum.
747 3410 2482 3757 :zu R: Ich danke Ihnen für Ihre Ruhe
711 3703 1314 3900 Jawol, Papa
794 3833 1178 4077 :zuckt:
