3592 4200
2574 366 2838 607 1887
2700 485 2983 771 Sorite
1144 643 2729 821 anluss zu “Anatels Hochzeitsmergen“.
989 811 3250 1048 Röffnet die Türe, Herr Winkler tritt ein, Richard
1025 959 1820 1180 gefasst entgegen:
1084 1164 2004 1342 mein teurer Papa!
1015 1289 2644 1464 :fäjrt beim Wort “Papa“ zusammen:
1012 1440 2512 1655 :verbeugt sich und will gehen:
897 1609 3276 1816 : Bleiben Sie. - Es ist mir lieb, wenn Sie bleiben.
930 1737 2502 1968 ellen Sie nicht platznehmen, Papa?
798 1909 2129 2093 agen Sie nicht immer “Papa“!
785 2063 1806 2271 :f.s: Er weiss -!
607 2228 1932 2433 Mein lieber junger Freund
583 2390 1338 2584 Jul: Freund -?
603 2515 3072 2726 R.: Sie spannen mich auf die Folter, Reden Sie, Papa.
590 2667 2888 2874 W: Sagen Sie mir nicht "Papa" - ich bin es nicht.
633 2828 2564 3039 R:  :angstvell: Aber in venig Stunden...
607 2940 3260 3197 W: Niemals! - Sind Sie vorbereitet, das Sehlimnste zu hö-
603 3128 2410 3379 ren? O, meine Tochter - meine Tochter!
669 3224 3191 3511 al: Ich bitte Sie, erklären Sie sich doch endlich! Sie
696 3418 2386 3685 ehen, Richard ist ganz ausser sieh.
663 3616 1843 3853 R: Ich bin es, mein Herr!
1042 3741 2742 3985 chen Sie, was ist mit ihrer Tochter?
