3768 4264
558 819 3152 1198 terstellt aber reißen – nie geröhnlich. Dt
478 1095 3145 1407 Kolleen komt.. Endlich sie.. Ich fahr
452 1319 3192 1613 einen andern - lassen. Die Haft ein ja
2572 1525 3082 1752 soll.
467 1554 2546 1936 Gereischt, daß ich es die sagen
522 1760 3387 2098 Ja. Er will lästig sein. Ihr wenigstens noch
485 2017 3442 2325 noch bei mir. Sie essen; in nicht; sie viel¬
459 2226 3354 2483 Da nun ist an einem Schlück, die noch
474 2370 3295 2733 keine Aufahre geben. Diese Marle haben
533 2641 3409 3020 immer Appulit!... Auch der letzte Säpels
555 2990 1705 3240 schmeckt ihnen noch.
1852 3112 2638 3420 Isch rampes
1995 3409 2774 3802 Auszufuhu
