3608 4200
790 567 2497 883 Papa des Herrn Kalmen, ich bin ruhig.
2617 797 3057 1000 its nicht
830 803 1400 1043 zählen Sie.
737 973 3250 1150 Als wenn ich selbst so viel wüsste! Ich weiss nur, dass
760 1110 3200 1327 zu meiner Ueberraschung um sieben Uhr beim Frühstück
637 1300 3187 1457 fehlte. Sie begreifen: ich hätte heute gem mit ihr ge-
577 1434 3244 1677 frühstückt. Ich fragte das Mädchen; meine Tochter war be-
570 1597 2054 1820 reits fort. Ich beruhigte mich,
620 1770 1790 1974 J: Sie beruhigten sich?
580 1914 1684 2127 R: Wie durften Sie das?
630 2010 3204 2234 W: Ich dachte: sie ist vielleicht zur Beichte gegangen.
623 2210 1730 2427 R: lacht bitter:
587 2357 3274 2547 W: Nun ja, junge Mädchen sind manchmal se überspannt. Ich
587 2550 1033 2727 wartete.
610 2680 1243 2900 J: Wie lange?
627 2790 2937 3017 W: Es wurde acht und neun. Ich frühstückte allein.
593 2960 1807 3180 J: Beklagenswerter Vater!
593 3124 1484 3327 R: Weiter, weiter!
600 3220 3280 3437 W: Die Friseurin kam, sie wartete mit mir. Die Sehneiderle
600 3380 3250 3620 kam, sie wartete mit mir und der Friseurin. Schliesslich
607 3520 3197 3724 kam die Blumenhänderlin; alle warteten mit mir. Ich spa
613 3664 3284 3950 zierte im Zimmer hin und her; ich begab mich ins Stiegen-
