3880 4296
3019 312 3513 689 P.F.D.
606 334 2961 668 dieser Malt erfahren! Was ist der übersa¬
646 570 2816 933 einen Welt. Ich kann sie ja gemiß.
726 831 2892 1223 Sie warß sie auch nicht verstehen
617 1114 1778 1448 Sir. Ob. mein Herr
824 1299 3364 1698 Sie haben ein so summarisch Verachtung
798 1549 3556 1920 er, was nicht Ihr Kreis ist. Ich mit Unrecht
613 1822 3487 2155 Sie. Aber ich die so so gelehrig! Man erzählt im
718 2050 3251 2435 nichts aus dieser Welt! Ich schreibe
1898 2279 3302 2511 4 und zwar keinen nicht zu sich
1219 2399 1822 2580 binnen:
1894 2431 3389 2613 und wie solle wir sich kein.
726 2402 1194 2664 Witt
2791 2536 2932 2711 Pt
2976 2536 3516 2783 Sie haben
657 2558 2932 2910 Dr. Aber für hollen über sie Naturlich.
2979 2711 3182 2841 auch
635 2783 3556 3193 so die unklare Empfindung, daß man Ihnen doch
2743 3055 3371 3397 Friedhof
1749 2997 2696 3331 Greifs to pill
552 3135 1702 3349 twer wegment
718 3240 2116 3465 Stills Feindschaft,
566 3367 3444 3647 Sie. Ich bitte mir nimmt man nicht weg. wenn
544 3563 2108 3937 ich etwas befallen will.
2112 3687 2362 3879 selbe
777 3785 914 3999 P.
965 3796 3491 4126 u. Aber, wenn Sie auch was nicht wegen war
