3096 3800
1148 220 2025 418 Werki Wieduret
309 227 797 379 Lanhues Wietitel.)
300 379 488 527 M.
1525 387 1914 585 Wite
650 515 2489 751 Hlefe sevend aus: Uir ist ein nundervolles
674 708 2566 940 Sujst eingefallen;-und es zeigte sich dann,
623 829 2438 1005 dass jenas anggbliche gujet nichts weiter
616 952 2559 1189 besteht, als in ein paar Ferbenfleckensauf het
619 1078 2423 1319 len oder dunktem Grund,so werden wir rohl
614 1211 2411 1406 zweifeln dürfen, ob der so sprach auch ein
599 1339 2452 1534 richtiger Malar gewesen sei; und er selbst
587 1471 2477 1716 wird es sich narscheinlich (in den meisten
585 1600 2363 1848 Fällen) überlegen, sich auf einen solchen
573 1730 2477 1972 Einfall hin vor de steffelst zu stellen und
573 1863 2341 2100 sein Nok in Angriff zu nehmen. Aber wie
563 1972 2416 2218 viele schrietsteller elbt es, die unverragt
551 2121 2477 2349 die Feder ergreifen, sobald nur ein rages Ner
561 2242 2419 2481 turgetanl, ein verschnomene Seelenstlanuat
548 2361 2353 2617 über sie kan; und sie nehmen es dir sehr
534 2494 2353 2745 übel, wenn du nicht gleich gewillt schaust
536 2622 2474 2880 ihre Barl enflecke für kunstlerische leistun-
1346 2771 1491 2875 4
519 2759 1148 2924 gen anzusehen.
2332 3044 2477 3289 69
