3128 3832
573 419 716 542 M
656 586 2587 802 Mas würde man von einem Mathenatiker halten,
641 724 2592 948 der auf seinem Gebiete etwas Mesentliches zu
654 860 2410 1052 leisten oder gar Neues zu entdecken sich
651 979 2485 1180 angemasst hätte und sich einbilden wollte,
641 1107 2688 1310 he
641 1240 2735 1438 oder der agalytischen Geometrie als von einer-
636 1401 2404 1547 nunmehr überflüssig gewordenen Zisziplin
638 1524 2529 1709 absche-dürfte. Nas aherx tut aber die Sor-
641 1680 2516 1810 te von Literaten anderes, die sich verwisst,
633 1758 2519 1959 auf die Paychologie verzichten zu können,ja
633 1896 2490 2100 sie als etwas Ueberwundenes, lächerliches zu
620 2048 1060 2238 erklären
