<?xml version="1.0" encoding="UTF-8" standalone="yes"?>
<PcGts xmlns="http://schema.primaresearch.org/PAGE/gts/pagecontent/2013-07-15" xmlns:xsi="http://www.w3.org/2001/XMLSchema-instance" xsi:schemaLocation="http://schema.primaresearch.org/PAGE/gts/pagecontent/2013-07-15 http://schema.primaresearch.org/PAGE/gts/pagecontent/2013-07-15/pagecontent.xsd">
    <Metadata>
        <Creator>prov=READ-COOP:name=PyLaia@TranskribusPlatform:version=2.7.0:model_id=50870:lm=none:date=22_01_2024_21:46</Creator>
        <Created>2023-09-27T14:41:58.627+02:00</Created>
        <LastChange>2024-01-22T21:46:06.053+01:00</LastChange>
        <TranskribusMetadata docId="1589067" pageId="60127456" pageNr="178" tsid="145643496" status="IN_PROGRESS" userId="40391" imgUrl="https://files.transkribus.eu/Get?id=MMLUUDWNJZZDOWYXNVFGPHWG&amp;fileType=view" xmlUrl="https://files.transkribus.eu/Get?id=ZRGMWPXILZXNABBTGNMNCYKW" imageId="48552533"/>
    </Metadata>
    <Page imageFilename="1589067_0178.jpg" imageWidth="3176" imageHeight="3832">
        <ReadingOrder>
            <OrderedGroup id="ro_1711787913687" caption="Regions reading order">
                <RegionRefIndexed index="0" regionRef="tr_1"/>
            </OrderedGroup>
        </ReadingOrder>
        <TextRegion orientation="0.0" id="tr_1" custom="readingOrder {index:0;}">
            <Coords points="340,382 340,2878 2671,2878 2671,382"/>
            <TextLine id="tr_1_tl_1" custom="readingOrder {index:0;}">
                <Coords points="1452,486 1592,516 1646,513 1692,489 1712,504 1798,506 1800,356 1768,364 1739,349 1678,378 1601,356 1555,376 1486,346 1454,359"/>
                <Baseline points="1465,459 1491,459 1517,457 1543,456 1569,456 1595,456 1621,456 1648,456 1674,456 1700,454 1726,453 1752,453 1778,452 1805,450"/>
                <TextEquiv>
                    <Unicode>1.-11</Unicode>
                </TextEquiv>
            </TextLine>
            <TextLine id="tr_1_tl_2" custom="readingOrder {index:1;}">
                <Coords points="327,506 572,558 678,550 796,494 921,486 924,393 820,366 612,391 491,447 467,425 408,437 378,408 332,422"/>
                <Baseline points="343,498 372,499 401,499 430,501 460,501 489,501 518,501 547,500 577,498 606,496 635,494 664,491 694,487 723,487 752,489 781,487 811,485 840,483 869,483 898,484 928,486"/>
                <TextEquiv>
                    <Unicode>V.1. k.I.I</Unicode>
                </TextEquiv>
            </TextLine>
            <TextLine id="tr_1_tl_3" custom="readingOrder {index:2;}">
                <Coords points="1376,663 1479,700 1535,683 1555,705 1683,658 1729,668 1818,634 1891,636 1901,518 1810,484 1768,508 1692,494 1562,526 1513,494 1388,474"/>
                <Baseline points="1390,659 1415,662 1440,662 1465,663 1491,665 1516,665 1541,665 1566,663 1592,661 1617,657 1642,656 1667,656 1693,655 1718,653 1743,649 1768,645 1794,640 1819,636 1844,633 1869,629 1895,626"/>
                <TextEquiv>
                    <Unicode>bul</Unicode>
                </TextEquiv>
            </TextLine>
            <TextLine id="tr_1_tl_4" custom="readingOrder {index:3;}">
                <Coords points="324,747 727,680 906,683 916,590 759,617 690,590 612,636 570,609 430,626 376,597 337,607"/>
                <Baseline points="340,713 368,713 397,712 425,710 454,708 483,706 511,704 540,702 569,698 597,692 626,688 655,685 683,683 712,681 741,679 769,675 798,673 827,671 855,669 884,667 913,665"/>
                <TextEquiv>
                    <Unicode>Kanst - Kerleti</Unicode>
                </TextEquiv>
            </TextLine>
            <TextLine id="tr_1_tl_5" custom="readingOrder {index:4;}">
                <Coords points="673,906 776,938 1267,874 1393,919 1719,857 2152,874 2311,823 2424,865 2449,759 2333,730 2267,771 1977,752 1815,803 1538,781 1135,840 808,842 678,791"/>
                <Baseline points="686,895 774,895 862,894 951,891 1039,885 1127,883 1216,877 1304,874 1392,868 1481,866 1569,858 1657,858 1746,850 1834,843 1922,841 2011,835 2099,838 2187,832 2276,823 2364,820 2453,820"/>
                <TextEquiv>
                    <Unicode>sem Kritiker verrät sich ohne weiteree, ob ein</Unicode>
                </TextEquiv>
            </TextLine>
            <TextLine id="tr_1_tl_6" custom="readingOrder {index:5;}">
                <Coords points="668,1076 749,1103 965,1041 1103,1071 2036,987 2638,987 2621,870 2365,926 2009,882 1852,946 1341,938 1049,995 911,965 842,997 678,926"/>
                <Baseline points="683,1050 781,1046 879,1047 977,1041 1075,1038 1174,1032 1272,1024 1370,1020 1468,1014 1566,1011 1665,1005 1763,1001 1861,996 1959,988 2057,987 2156,978 2254,980 2352,974 2450,965 2548,961 2647,952"/>
                <TextEquiv>
                    <Unicode>wörk, se nag im sinzelnen mehr oder inder geglückt</Unicode>
                </TextEquiv>
            </TextLine>
            <TextLine id="tr_1_tl_7" custom="readingOrder {index:6;}">
                <Coords points="1400,1172 2572,1137 2574,1046 2319,1039 2203,1093 1403,1078"/>
                <Baseline points="1414,1163 1472,1159 1530,1157 1588,1152 1646,1151 1705,1151 1763,1151 1821,1146 1879,1142 1937,1140 1996,1137 2054,1134 2112,1132 2170,1131 2228,1124 2287,1120 2345,1122 2403,1119 2461,1120 2519,1114 2578,1110"/>
                <TextEquiv>
                    <Unicode>Hotwendigkeit oder ob es aus</Unicode>
                </TextEquiv>
            </TextLine>
            <TextLine id="tr_1_tl_8" custom="readingOrder {index:7;}">
                <Coords points="1786,1213 1835,1213 1850,1223 1884,1199 1918,1211 1960,1186 1972,1199 1999,1184 2036,1194 2039,1140 2009,1132 1994,1147 1955,1140 1909,1150 1837,1142 1788,1157"/>
                <Baseline points="1799,1175 1826,1172 1853,1174 1880,1175 1907,1175 1935,1175 1962,1174 1989,1170 2016,1169 2044,1169"/>
                <TextEquiv>
                    <Unicode>71  241</Unicode>
                </TextEquiv>
            </TextLine>
            <TextLine id="tr_1_tl_9" custom="readingOrder {index:8;}">
                <Coords points="698,1208 931,1245 982,1208 1162,1199 1167,1103 1137,1095 1029,1150 968,1127 842,1152 784,1127 757,1152 700,1157"/>
                <Baseline points="710,1193 735,1193 761,1193 786,1194 812,1196 837,1194 863,1193 888,1193 914,1192 939,1190 965,1190 990,1190 1016,1190 1041,1189 1067,1186 1092,1183 1118,1181 1143,1183 1169,1187"/>
                <TextEquiv>
                    <Unicode>sein, aus inn</Unicode>
                </TextEquiv>
            </TextLine>
            <TextLine id="tr_1_tl_10" custom="readingOrder {index:9;}">
                <Coords points="1321,1395 1717,1299 1835,1334 1891,1297 1953,1326 2618,1285 2623,1199 2004,1243 1889,1196 1823,1235 1678,1157 1496,1263 1329,1250"/>
                <Baseline points="1340,1322 1404,1319 1468,1315 1532,1310 1597,1307 1661,1304 1725,1298 1790,1295 1854,1295 1918,1295 1983,1291 2047,1283 2111,1282 2175,1277 2240,1276 2304,1272 2368,1270 2433,1263 2497,1262 2561,1260 2626,1259"/>
                <TextEquiv>
                    <Unicode>meneren Gründen geschaffen wurde.</Unicode>
                </TextEquiv>
            </TextLine>
            <TextLine id="tr_1_tl_11" custom="readingOrder {index:10;}">
                <Coords points="693,1378 784,1358 887,1398 1051,1339 1150,1356 1208,1331 1211,1272 1157,1253 1120,1285 1073,1270 1022,1294 926,1265 874,1299 779,1275 695,1302"/>
                <Baseline points="707,1345 732,1346 757,1347 783,1348 808,1348 833,1345 859,1342 884,1341 909,1340 935,1340 960,1339 985,1337 1011,1336 1036,1334 1061,1334 1087,1334 1112,1334 1137,1332 1163,1329 1188,1329 1214,1331"/>
                <TextEquiv>
                    <Unicode>irgend welche</Unicode>
                </TextEquiv>
            </TextLine>
            <TextLine id="tr_1_tl_12" custom="readingOrder {index:11;}">
                <Coords points="715,1506 928,1523 1056,1481 1321,1538 1439,1479 1624,1493 1717,1447 2481,1432 2449,1351 717,1437"/>
                <Baseline points="728,1498 815,1491 903,1490 991,1484 1079,1481 1167,1478 1255,1476 1343,1476 1431,1465 1519,1465 1607,1454 1694,1450 1782,1446 1870,1443 1958,1438 2046,1434 2134,1429 2222,1426 2310,1423 2398,1420 2486,1414"/>
                <TextEquiv>
                    <Unicode>Doch mit nicht geringerer Unfehlbarkeit weine</Unicode>
                </TextEquiv>
            </TextLine>
            <TextLine id="tr_1_tl_13" custom="readingOrder {index:12;}">
                <Coords points="705,1695 1169,1628 1371,1658 1606,1601 1879,1651 2213,1574 2554,1587 2559,1491 2270,1528 2120,1501 2034,1543 1869,1488 1712,1543 901,1592 712,1552"/>
                <Baseline points="722,1641 813,1638 905,1635 997,1629 1089,1626 1181,1622 1273,1618 1365,1616 1457,1610 1549,1606 1641,1601 1732,1596 1824,1593 1916,1588 2008,1582 2100,1577 2192,1576 2284,1569 2376,1563 2468,1560 2560,1560"/>
                <TextEquiv>
                    <Unicode>ee der Künstler, ob das Urteil, das er vom Kriti-</Unicode>
                </TextEquiv>
            </TextLine>
            <TextLine id="tr_1_tl_14" custom="readingOrder {index:13;}">
                <Coords points="712,1820 870,1845 1140,1791 1368,1815 1616,1754 2473,1739 2478,1673 2110,1638 1894,1697 1712,1663 1417,1714 717,1712"/>
                <Baseline points="728,1790 815,1785 903,1783 991,1778 1079,1773 1166,1773 1254,1766 1342,1761 1430,1757 1517,1753 1605,1750 1693,1748 1781,1742 1868,1740 1956,1735 2044,1729 2132,1724 2219,1722 2307,1716 2395,1719 2483,1716"/>
                <TextEquiv>
                    <Unicode>kor erfahrt, sei es Zustimmung oder Ablehnung,</Unicode>
                </TextEquiv>
            </TextLine>
            <TextLine id="tr_1_tl_15" custom="readingOrder {index:14;}">
                <Coords points="722,1987 1034,1977 1120,1923 1604,1938 1818,1891 1938,1923 2395,1864 2660,1911 2667,1800 2569,1764 2493,1800 2147,1791 1999,1842 1948,1813 727,1877"/>
                <Baseline points="737,1939 833,1933 930,1930 1027,1924 1123,1923 1220,1917 1317,1914 1413,1907 1510,1904 1607,1898 1704,1892 1800,1889 1897,1884 1994,1880 2090,1877 2187,1870 2284,1863 2380,1862 2477,1857 2574,1853 2671,1847"/>
                <TextEquiv>
                    <Unicode>sächlicher Anteilnahme entstanst oder ob se durch</Unicode>
                </TextEquiv>
            </TextLine>
            <TextLine id="tr_1_tl_16" custom="readingOrder {index:15;}">
                <Coords points="737,2130 928,2152 1154,2068 1317,2095 1695,2041 1867,2090 2063,2026 2265,2034 2270,1970 1830,1982 1719,1945 1255,2021 742,2012"/>
                <Baseline points="752,2083 828,2083 904,2077 980,2074 1056,2071 1132,2065 1208,2060 1284,2057 1360,2054 1436,2052 1513,2050 1589,2043 1665,2041 1741,2041 1817,2036 1893,2029 1969,2026 2045,2023 2121,2020 2197,2016 2274,2017"/>
                <TextEquiv>
                    <Unicode>irgendwelche andsre Hotive getrübt ist.</Unicode>
                </TextEquiv>
            </TextLine>
            <TextLine id="tr_1_tl_17" custom="readingOrder {index:16;}">
                <Coords points="1481,2297 1545,2297 1604,2270 1619,2279 1695,2272 1727,2292 1741,2289 1741,2206 1724,2201 1643,2220 1624,2213 1582,2225 1528,2208 1481,2223"/>
                <Baseline points="1495,2259 1520,2256 1545,2256 1570,2256 1596,2256 1621,2256 1646,2258 1672,2258 1697,2256 1722,2255 1748,2253"/>
                <TextEquiv>
                    <Unicode></Unicode>
                </TextEquiv>
            </TextLine>
            <TextLine id="tr_1_tl_18" custom="readingOrder {index:17;}">
                <Coords points="1407,2874 1562,2871 1636,2913 1810,2820 2112,2793 2115,2751 1987,2707 1727,2734 1680,2763 1557,2717 1412,2726"/>
                <Baseline points="1423,2814 1457,2814 1492,2814 1527,2812 1562,2809 1597,2809 1632,2811 1667,2811 1702,2807 1737,2804 1772,2801 1806,2799 1841,2799 1876,2797 1911,2796 1946,2796 1981,2793 2016,2791 2051,2789 2086,2788 2121,2790"/>
                <TextEquiv>
                    <Unicode>ndschau, Juni 1323.</Unicode>
                </TextEquiv>
            </TextLine>
            <TextLine id="tr_1_tl_19" custom="readingOrder {index:18;}">
                <Coords points="764,2886 1095,2871 1150,2906 1238,2879 1366,2884 1371,2736 1324,2719 1157,2788 1100,2758 1019,2785 943,2753 877,2780 769,2741"/>
                <Baseline points="781,2841 810,2844 840,2844 870,2842 899,2841 929,2841 959,2839 988,2838 1018,2838 1048,2838 1078,2837 1107,2835 1137,2833 1167,2831 1196,2829 1226,2827 1256,2826 1285,2826 1315,2826 1345,2825 1375,2823"/>
                <TextEquiv>
                    <Unicode>neus Deutsche R</Unicode>
                </TextEquiv>
            </TextLine>
            <TextEquiv>
                <Unicode></Unicode>
            </TextEquiv>
        </TextRegion>
    </Page>
</PcGts>
