3208 3784
379 2790 529 2935 261
585 389 830 600 Sol:
1535 401 2775 735 Palt Kalert. "7
830 630 2649 861 Wir finden ja uns ja damit ab, lass in be-
808 750 2702 981 gen Zeiten nach einem verlorenen (oder auch
793 878 2682 1114 nch einem gemonnen)krieg z.R. die Unschul-
800 1019 2521 1212 digen mit den Schuldigen leiden wüssen.
783 1131 2657 1385 Hur das macht ins an der göttlichen cereck
750 1254 2526 1463 Atckeit ele irto, dass die Schuldig
615 1392 2629 1601 sien der Schuldigen sosalten und meist.
753 1538 2521 1739 Ih so bescheife Mass rilf den völlig Un-
690 1658 1909 1839 schulligen zu leden haben.
1864 2745 2524 2903 Baertstaft 24
