3192 3832
1546 318 1938 476 brul
354 378 893 520 Knnt. Kertet.
675 493 2765 642 Dem Kritiker iet ee oo leichit gemacht, eine Abneigung
675 561 2863 721 die er etwa gegen einen Autor, dannen Porsönlichksitgehl
680 683 2803 808 deneen Werk empfindet, in einer vällig gefahrlonen Weise
678 737 2781 882 zum Aundruck zu bringen, dann er ection einer ganz bey-
688 811 2689 931 sonderen Charakterstärke und selbatüberwindung, be-
683 898 2553 1020 darf, um di ner Verführung nicht zu unterliegen.
634 963 2732 1099 IBt Hu wue wart, in diesem Zusammenliung
691 1034 2735 1157 von der Schar talentloger oder bögartiger riea
686 1132 2721 1227 zu reden, die, wie in jedem anderen Beruf auch in dem
691 1192 2740 1314 der Fritiker die Mehrzahl bilden; aber en gibt zu je-
691 1287 2727 1399 der Zeit auch recht begabte Schriftsteller, denen, um
702 1358 2697 1475 durchzudringen, weiter nichte u nangelt, ale jenen
705 1434 2787 1546 geheinninvolls Elegent, das ein Küngtlur benitzen auss
702 1502 2743 1630 damit seinen erfolgen Intenrität und Dauer beöchie
708 1578 2781 1720 den nei -"Pereünlichkeit.- ein Mangel, den der Betrof-
702 1684 2738 1793 fens selbe: zu fühlen oder gar sich nelber einzuge-
710 1750 2172 1861 stehen nur gelten imtande nein wird.
874 1807 2773 1929 Aluen se solche Leute, die als „Schaffender immer
710 1891 2816 1997 hin ihr Beatge, und damit oft genug guten, ja Wertvolles
721 1978 2789 2071 geben, und die noch niemalg über die Anerkennung einer
716 2049 2781 2158 kleinen Kreiseg hinaunggangen, die überdi-« in jenen
724 2131 2694 2240 se lenti-ten,wo auch die Möglichkeit einen selbst-
697 2196 2642 2308 „betruge nicht mehr besteht, ahnen mögen, dase auch
721 2278 2751 2351 die Nachwelt sie für die Tribnin ihres Erdenwullene
737 2343 2797 2430 kaum entschädigen dürfts - muse er diene Leute nicht
737 2422 2808 2501 mit Groll erfüllen, wenn sie sehen, daen irgend ein Be-
737 2501 2781 2615 rufsgenones, der ihnen an eigentlicher Begabung viel-
729 2577 2795 2659 leicht nicht einmal sonderlich überlegen iet und des
740 2650 2602 2729 eben nur durch jenen geheimnievolle Elemerit der
732 2716 2797 2808 Pervönlichkeit stärkere Wirkunger ausstrahlt,ideelle
735 2795 2705 2890 und materielle Vorteile genienst, die ihnen im uli-
737 2868 2659 2953 gereinen vernagt bleiben? Und wenn nun einem von
740 2936 2836 3056 diegen Leuten Gelegenheit ,ogeben iet, weinem gepreoe-
746 3018 2656 3116 ten gerzen Luft zu machen, eine kurze priel - so-
737 3078 2699 3227 langs er ebon die Feder in der Hand hult, sich dem
