3208 3800
309 3303 489 3475 1601
715 649 2538 821 oder weniger Pathos versichern hören, dass
702 799 2667 966 sie stolz darauf seien gerade ihrer Nation,
674 930 2525 1077 iEhrer Fasse, ihrer. Partei anzugehören, ein
700 1067 2657 1224 Sätz,der überhaupt jeder vernunkt völlig bar
705 1199 2667 1356 wäre, wenn wir nicht annehmen, dass die Leuter,
705 1318 2482 1458 die ihn aussprechen, die Zugehörigkeit zu
710 1442 2748 1572 jeder anderen ration,Rasse oder Partei als min-
702 1584 2515 1759 der ehrenvoll, wenn nicht: gar erniedrigend
692 1721 2540 1856 und die Mitglü der aller anderen Nationen,
700 1840 2644 1982 Rassen und Parteten als minder achtungswert,
674 1977 2695 2132 wenn nicht gar als v rächtlich und hassenswür-
677 2091 2702 2266 die, selbst ansehen und vor den andern so hin-
690 2238 1359 2391 stellen wollen.
583 2730 1660 2890 Judischer Almanach 1925.
2084 2882 2735 3133 zur Alwmer C
510 2981 695 3148 160
1207 3121 1615 3298 dar u um
510 3209 1174 3435 d. 8. J. 37 d.  1
1232 3245 1633 3394 Reiber
844 3311 1146 3478 Zell
