3192 3832
1625 396 1852 539 W
369 372 855 539 Rünst u Rielet
1478 604 2550 753 -und auss nicht imner pöne
640 613 1210 766 i oft gecht
1268 770 2427 920 lase der Kritiker seine eigene
650 775 1041 923 gemeint se
650 894 2473 1053 fixe Ides in dar Werk einer Autere hhneinträgt
657 1026 2442 1198 und nichte andpres mehr darin zu sehen vermag
657 1198 2601 1357 ale eben diese Idee, von der er selbst monomaniech
1780 1331 2429 1497 sm Autor doch nur
662 1374 1676 1538 besessen ist;- während sie
664 1500 2475 1664 ein Element seinen Werken und nicht einmal das
650 1635 2560 1840 wichtigste unter einem Dutzendanderer bedeutste.
840 2560 1652 2690 Rundechau, Juni 1923.
415 3043 548 3340 142
