3192 3832
1596 357 1980 544 lou l.
346 392 879 552 kint. kelch
621 597 2758 760 Kobald ein Kunntwerk, in die Oaffentliclkeit entlansen,
632 744 2721 919 geinen wag beginnt, bietet sich marchmal ein gelteume
602 890 2732 1066 Sichaus, iel dar: wie ein boshafter affe auf dem R체cken
621 1034 2558 1231 einen Sdlert Kn Kn t ein Schlag
632 1189 2654 1346 auf dan Work los,getat sich dort figt und schneidet
634 1346 2620 1508 seine Arimasgen; und wen gg bei dem rusenden Ritle
632 1476 2700 1668 Allm채hl ich die Tanae und mit der Zeit item und Leben
626 1636 2652 1818 verliert -ies hat sich imnerhin so fent in das adle
629 1788 2734 1972 Tier eingekrallt, dans geraume Zeit hindurch auch noch
1007 1889 1261 2017 rerende
629 1948 2734 2097 der verdorene leichnan, ein l체cherlich gespenstiecher
632 2108 2582 2239 Anblick, auf dem Rlicken den galoppierenden Rennern
626 2252 2609 2425 hocken bleibt, ehe er herunteraf체rzt, um ai Wegrand
632 2406 1135 2556 zu verwegen.
1309 2918 2468 3113 rankfurter zeitung, 24.12.1924.
413 3214 602 3438 102
