3208 3800
446 314 732 484 Schlet
1368 423 2285 616 Parlen Eetertiid
724 652 2736 886 Inn unruhigen Zeiten ist die Politik die gege-
696 773 2612 984 bene Freistatt für Verbredhernaturen, die, zu
688 884 2628 1144 feig, mit dem vollen Einsatz ihrer Person für
678 1023 2625 1286 das Walten ihrer bösen Instinkte einzustehen
678 1180 2690 1409 es vorziehen,sich als Bekenner einer Gesinnung
665 1298 2679 1515 oder als Anhänger ener Idee auszugeben, um mit
639 1435 2669 1649 möglichst geringem moralischen und materiellen
636 1543 2713 1796 Risiko, wenn nicht gar mit Aussicht auf materiel-
623 1687 2648 1912 len und scheinbar moralischen Gewinn, die klei-
611 1811 2661 2025 neren oder grösgeren Schurkenstreiche zu bege-
598 1917 2432 2164 hen, zu denen Ahre Natur sie bestimmt hat.
796 2759 1309 2893 Re isezuitun,
1378 2777 2265 2976 d. Neueli Wr. Journals,
966 2862 1453 2994 Sommer 1924
2164 3135 2350 3316 2.
