3192 3816
637 684 2707 898 Die nach dem Sprechgebrauch als Hunder bezelck
645 827 2584 1005 neien Erscheinungen sind dadurch charakteri-
650 963 2707 1151 siert: l. dass es nur einem gänz verschwindenden
645 1094 2644 1248 Bruchteil der lenschkeit under ganz ausnahms-
650 1214 2678 1425 weisen Urständensönnt ist oder war ihrer an-
666 1365 1459 1540 sichtig zu werden.
660 1456 2735 1650 2.dedurch, dass die Heistén von ihnen für die Un-
671 1595 2769 1780 beteiligten uninteressanter und für den weitem-
671 1738 2453 1916 Lauf der Halt, schon um ihrer unendlichen
671 1822 2701 2033 Seltenheit willen balangloser und dass sie beit
1425 1978 1717 2062 liriale
950 1994 1188 2083 dunben
668 1965 2670 2148 nahe all viel lüxriseher erscheinen als die
671 2130 2720 2318 Wunder innerhalb deren wir ete ununterbrochen
681 2250 2587 2425 leben, an die wir gewöhnt sind und als deren
671 2383 2639 2547 Ursachen wir stetig wirkende Naturgesetze zu
679 2560 1490 2704 erkennen glauben.
689 2610 2626 2827 3. dadurch, dass sie, so reit ihre Realität man
699 2720 2701 2957 chen Reobachtern erwiesen scheint, such nur als
686 2868 2641 3098 die gesultete auter sich m sparsamer
686 3022 2623 3182 auswirkenden, aber an sich dach keineswegs ge
1370 3132 2521 3281 gesetze aufgefesst werden
702 3208 1378 3315 heimnisvolleren
1287 3244 2493 3362 -jenigen Naturgesetze, die i
702 3307 971 3388 können
1081 3325 2550 3510 on um tichei offuber gewesen
702 3367 945 3484 biete
726 3471 924 3552 gid
2699 3377 2829 3539 28
