3176 3832
1451 477 2098 658 deich ghele
1356 583 1655 717 Abu.
651 688 2548 915 Wie durch ein Munder,sagst du ist die Kugel
663 852 2254 1065 knapf an deinem Ohr vörbei, egangen.
661 945 2570 1236 Und denke nur; einen andern hat die gleiche
676 1077 2607 1336 Kugel mitten durchs Herz getroffen. War dies
678 1280 1703 1437 ein geringereskrunden-
693 1346 2585 1566 Du bist einem Freund dreimal hintereinander
695 1481 2465 1716 an der gleichen Stras enecke zu gleicher
715 1603 2597 1823 Stunde begegnet. Darin sprach sich für dich
712 1799 1823 1965 das Gesetz der Serie aus.
756 1863 2621 2124 Und was ist'’s mit dem wässbärtigen Herrn,
727 2000 2670 2235 den du nur ein einziges Mal vor zwei Jahren
744 2105 2695 2352 bei der Oper getroffen und inxidichxsexxaltm
749 2235 2719 2474 pit tausenden andern, die du nur einmal sahstz
746 2396 2254 2626 Gesetz der rinzelfälle vielleicht?
759 2506 2614 2736 zu hast deinen rofferschlüssel, vor der Ab-
773 2621 2702 2881 reise verlegt,kannst ihn durekaus nicht fin-
778 2768 2634 3023 den und arbittert klagst du über die Trücke
783 2993 1344 3174 des abjekts.
795 3028 2682 3248 Woch einmal vorsuchst du den roffor zu öff-
815 3162 2668 3373 nen und siehe, auf einen Druck deiner Hand-
1131 3243 2565 3402 was Schloss von selber auf.Warum
1358 3287 2768 3453 nun nicht ein,die Liebenswürdig-
888 3356 1077 3510 1170
2692 3365 2886 3539 487
1439 3404 2235 3546 ts zu konstatieren.
1219 3461 1415 3568 Ob10
