3112 3848
1670 224 1897 371 1
384 435 878 630 konnt-kület
1604 519 2012 647 wules
750 745 2598 893 Ee int schlechter Geschnack über seine eigenen
750 900 2708 1075 Figuren-gerührt zu sein und sin noch schlechterer
748 1048 2726 1218 sich über sie fustig zu machen. Leider fehlt und
748 1198 2492 1358 das rechte Wort, das innerhalb des Gristigen
745 1311 2617 1506 eine gewisse mindere Art von Hümor so glücklich
731 1503 2640 1673 bazeichnetg, als das Wort sentimantalität ein un-
736 1653 2610 1808 reines Verhältnie innerhalb der Gefühlemäseigen
738 1793 2608 1948 zum Auedruck bringt: (.Witzelei" käme der Sache
721 1943 2632 2116 noch am nächpten). In beiden Fällen aber handelt
726 2091 2526 2258 es sich um einen Mangel an Distanz von seiten
1538 2209 2248 2300 ieite jer tesfere
723 2229 2590 2435 dss Autors,entweder derseigenen Figur oder den
711 2394 1946 2588 Publikum oder beiden gegenüber.
642 3004 1720 3149 Neus d. Rundechau, Juni 1923.
