2936 3800
268 285 527 462 18.Iir
1267 327 1693 496 Ber.len
314 336 752 551 Mn s
479 513 2399 694 Welch ein gefrässiges fier ist doch die Fi-
496 682 2315 837 telkelteSie nährt sich somchl. von Erfole
503 808 2436 972 als von Misserfolg, von Glück, wie von Ungück,
493 943 2392 1101 von liebe und von Hass-uha zur Not versteht
2278 1072 2549 1217 1
491 1093 2433 1226 sie es auch von ihrem eigenen Fätt zu leben-
484 1238 2017 1410 und wird nöch immer fetter dabei.-
2542 1081 2733 1207 b
