<?xml version="1.0" encoding="UTF-8" standalone="yes"?>
<PcGts xmlns="http://schema.primaresearch.org/PAGE/gts/pagecontent/2013-07-15" xmlns:xsi="http://www.w3.org/2001/XMLSchema-instance" xsi:schemaLocation="http://schema.primaresearch.org/PAGE/gts/pagecontent/2013-07-15 http://schema.primaresearch.org/PAGE/gts/pagecontent/2013-07-15/pagecontent.xsd">
    <Metadata>
        <Creator>prov=READ-COOP:name=PyLaia@TranskribusPlatform:version=2.7.0:model_id=50870:lm=none:date=22_01_2024_21:46</Creator>
        <Created>2023-09-27T14:41:57.921+02:00</Created>
        <LastChange>2024-01-22T21:46:05.315+01:00</LastChange>
        <TranskribusMetadata docId="1589067" pageId="60127441" pageNr="173" tsid="145643491" status="IN_PROGRESS" userId="40391" imgUrl="https://files.transkribus.eu/Get?id=AHANWAYKTCXOJWMKRPTQOOOM&amp;fileType=view" xmlUrl="https://files.transkribus.eu/Get?id=JFDPMQWMGFLCXNTKUYZHIUBM" imageId="48552518"/>
    </Metadata>
    <Page imageFilename="1589067_0173.jpg" imageWidth="3192" imageHeight="3832">
        <ReadingOrder>
            <OrderedGroup id="ro_1711787905989" caption="Regions reading order">
                <RegionRefIndexed index="0" regionRef="tr_1"/>
            </OrderedGroup>
        </ReadingOrder>
        <TextRegion orientation="0.0" id="tr_1" custom="readingOrder {index:0;}">
            <Coords points="671,716 671,3544 2963,3544 2963,716"/>
            <TextLine id="tr_1_tl_1" custom="readingOrder {index:0;}">
                <Coords points="716,947 1235,881 1601,898 1838,809 1929,841 2514,802 2524,657 1776,768 1574,738 1385,782 1196,745 728,772"/>
                <Baseline points="734,898 823,889 912,880 1002,871 1091,868 1180,859 1270,856 1359,850 1448,844 1538,835 1627,829 1716,820 1806,814 1895,808 1984,796 2074,793 2163,784 2252,781 2342,775 2431,769 2521,769"/>
                <TextEquiv>
                    <Unicode>Lantitartver Hinsicht zu verstehen suchte,</Unicode>
                </TextEquiv>
            </TextLine>
            <TextLine id="tr_1_tl_2" custom="readingOrder {index:1;}">
                <Coords points="782,1043 954,1016 1065,1053 1200,991 1889,979 2039,935 2135,977 2207,935 2440,950 2448,844 2226,807 2010,846 1835,812 1572,915 790,937"/>
                <Baseline points="799,1014 881,1011 963,1003 1046,1000 1128,993 1211,987 1293,980 1375,978 1458,972 1540,963 1623,957 1705,949 1787,943 1870,940 1952,928 2035,926 2117,917 2199,915 2282,909 2364,904 2447,904"/>
                <TextEquiv>
                    <Unicode>Ist die von der verzunkenen Helt", geg</Unicode>
                </TextEquiv>
            </TextLine>
            <TextLine id="tr_1_tl_3" custom="readingOrder {index:2;}">
                <Coords points="654,1186 1063,1124 1852,1129 2071,1050 2551,1031 2556,957 2487,942 2064,984 1936,947 1572,1053 662,1087"/>
                <Baseline points="671,1154 765,1149 859,1146 954,1139 1048,1129 1143,1121 1237,1113 1332,1110 1426,1103 1521,1093 1615,1089 1709,1080 1804,1074 1898,1065 1993,1060 2087,1050 2182,1039 2276,1034 2371,1030 2465,1023 2560,1011"/>
                <TextEquiv>
                    <Unicode>bie auch von raneten senst g scheiaten ler-</Unicode>
                </TextEquiv>
            </TextLine>
            <TextLine id="tr_1_tl_4" custom="readingOrder {index:3;}">
                <Coords points="834,1213 859,1223 964,1203 1023,1215 1046,1196 1060,1210 1100,1193 1122,1210 1156,1188 1203,1191 1208,1129 1191,1124 1119,1139 1073,1129 1018,1149 979,1139 954,1151 893,1146 878,1159 839,1151"/>
                <Baseline points="847,1205 872,1202 898,1202 924,1202 950,1201 975,1200 1001,1199 1027,1199 1053,1194 1079,1190 1104,1188 1130,1186 1156,1184 1182,1183 1208,1181"/>
                <TextEquiv>
                    <Unicode>leichtfecti</Unicode>
                </TextEquiv>
            </TextLine>
            <TextLine id="tr_1_tl_5" custom="readingOrder {index:4;}">
                <Coords points="667,1331 763,1341 940,1272 1031,1304 1454,1252 1697,1274 2002,1188 2283,1198 2440,1168 2448,1068 2071,1139 1552,1112 1336,1188 674,1215"/>
                <Baseline points="683,1283 771,1280 859,1282 948,1268 1036,1262 1124,1257 1213,1248 1301,1241 1389,1237 1478,1228 1566,1226 1654,1221 1743,1208 1831,1203 1919,1193 2008,1186 2096,1178 2184,1172 2273,1166 2361,1157 2450,1154"/>
                <TextEquiv>
                    <Unicode>ien gedeenter nachretlatiert dorden,80</Unicode>
                </TextEquiv>
            </TextLine>
            <TextLine id="tr_1_tl_6" custom="readingOrder {index:5;}">
                <Coords points="676,1432 1114,1402 1186,1449 1336,1400 1518,1417 1779,1333 1838,1370 2310,1306 2576,1333 2585,1210 2406,1198 2148,1272 1665,1255 1498,1314 1343,1267 684,1333"/>
                <Baseline points="692,1405 786,1406 881,1402 976,1396 1071,1389 1165,1381 1260,1372 1355,1368 1450,1356 1544,1351 1639,1345 1734,1337 1829,1328 1923,1322 2018,1314 2113,1309 2208,1299 2302,1296 2397,1289 2492,1278 2587,1271"/>
                <TextEquiv>
                    <Unicode>zollig sinnles und verrat eine so haive Auf-</Unicode>
                </TextEquiv>
            </TextLine>
            <TextLine id="tr_1_tl_7" custom="readingOrder {index:6;}">
                <Coords points="684,1562 1085,1567 1205,1508 1572,1481 2061,1491 2180,1437 2605,1410 2610,1346 2376,1321 2258,1368 2172,1323 1742,1414 689,1478"/>
                <Baseline points="698,1548 793,1538 889,1533 984,1531 1080,1517 1175,1510 1271,1501 1366,1496 1462,1491 1557,1480 1653,1475 1748,1466 1844,1459 1939,1450 2035,1446 2130,1436 2226,1431 2321,1422 2417,1415 2512,1408 2608,1393"/>
                <TextEquiv>
                    <Unicode>kaasung von Nenen polllischer,sonialer,ethi-</Unicode>
                </TextEquiv>
            </TextLine>
            <TextLine id="tr_1_tl_8" custom="readingOrder {index:7;}">
                <Coords points="694,1690 1764,1643 2403,1545 2514,1592 2539,1481 2096,1478 1921,1523 1742,1483 1579,1560 1097,1597 982,1565 699,1616"/>
                <Baseline points="707,1674 798,1668 890,1662 981,1658 1073,1649 1165,1643 1256,1634 1348,1631 1439,1626 1531,1616 1623,1609 1714,1600 1806,1591 1897,1583 1989,1576 2081,1570 2172,1564 2264,1557 2355,1548 2447,1539 2539,1525"/>
                <TextEquiv>
                    <Unicode>sche, Entwicklung, kurz ein solche Wissver-</Unicode>
                </TextEquiv>
            </TextLine>
            <TextLine id="tr_1_tl_9" custom="readingOrder {index:8;}">
                <Coords points="696,1820 1077,1786 1237,1818 1380,1776 1724,1801 1914,1717 2411,1724 2499,1705 2509,1574 2207,1646 1781,1633 1668,1673 1326,1638 1188,1683 1127,1646 991,1724 701,1754"/>
                <Baseline points="713,1799 802,1796 892,1790 982,1784 1072,1778 1162,1772 1251,1766 1341,1755 1431,1748 1521,1742 1611,1736 1700,1728 1790,1724 1880,1716 1970,1710 2060,1701 2149,1695 2239,1689 2329,1683 2419,1674 2509,1668"/>
                <TextEquiv>
                    <Unicode>stahen aller Geschichte (-als wäre jemals</Unicode>
                </TextEquiv>
            </TextLine>
            <TextLine id="tr_1_tl_10" custom="readingOrder {index:9;}">
                <Coords points="696,1946 1036,1968 1181,1906 1601,1870 1678,1902 1867,1850 2514,1867 2502,1727 2133,1742 2093,1705 1909,1784 1159,1793 704,1865"/>
                <Baseline points="713,1927 803,1927 894,1924 984,1914 1075,1908 1165,1900 1256,1896 1346,1886 1437,1881 1527,1875 1618,1866 1709,1857 1799,1851 1890,1845 1980,1836 2071,1832 2161,1823 2252,1817 2342,1808 2433,1802 2524,1799"/>
                <TextEquiv>
                    <Unicode>im leufe weniger Jahre eine Kelt wirklich</Unicode>
                </TextEquiv>
            </TextLine>
            <TextLine id="tr_1_tl_11" custom="readingOrder {index:10;}">
                <Coords points="723,2079 1009,2118 1124,2039 1385,2010 1488,2047 1680,2002 2135,2007 2212,1953 2573,1941 2600,1862 731,1993"/>
                <Baseline points="740,2059 833,2053 926,2048 1019,2042 1112,2036 1205,2027 1298,2018 1391,2008 1484,2005 1577,1996 1671,1989 1764,1985 1857,1977 1950,1968 2043,1963 2136,1955 2229,1947 2322,1940 2415,1934 2508,1927 2602,1924"/>
                <TextEquiv>
                    <Unicode>voreanken und - wäre es selbst sö,als hätte</Unicode>
                </TextEquiv>
            </TextLine>
            <TextLine id="tr_1_tl_12" custom="readingOrder {index:11;}">
                <Coords points="723,2207 1835,2172 2108,2081 2541,2061 2546,1990 2170,2034 1683,2002 1183,2116 731,2123"/>
                <Baseline points="740,2187 830,2183 920,2176 1011,2172 1101,2167 1192,2158 1282,2150 1372,2143 1463,2137 1553,2131 1644,2122 1734,2113 1824,2108 1915,2104 2005,2095 2096,2086 2186,2080 2276,2074 2367,2065 2457,2062 2548,2062"/>
                <TextEquiv>
                    <Unicode>der nichter das Recht nicht die Testalten</Unicode>
                </TextEquiv>
            </TextLine>
            <TextLine id="tr_1_tl_13" custom="readingOrder {index:12;}">
                <Coords points="728,2332 1363,2339 1747,2244 1985,2276 2480,2219 2681,2271 2694,2116 2595,2084 2162,2175 1370,2170 1055,2253 736,2241"/>
                <Baseline points="743,2315 840,2313 938,2307 1035,2298 1133,2289 1230,2285 1328,2276 1425,2269 1523,2263 1620,2253 1718,2246 1816,2240 1913,2230 2011,2221 2108,2212 2206,2208 2303,2200 2401,2190 2498,2182 2596,2179 2694,2181"/>
                <TextEquiv>
                    <Unicode>einern reunkenen, auch einer eben erst vergütt</Unicode>
                </TextEquiv>
            </TextLine>
            <TextLine id="tr_1_tl_14" custom="readingOrder {index:13;}">
                <Coords points="743,2470 1400,2480 1542,2394 2189,2398 2330,2332 2566,2332 2571,2276 2167,2244 1995,2278 1902,2236 1700,2325 1014,2325 883,2396 750,2381"/>
                <Baseline points="758,2444 848,2440 939,2436 1030,2429 1120,2421 1211,2418 1302,2411 1392,2403 1483,2397 1574,2386 1665,2382 1755,2374 1846,2367 1937,2358 2027,2352 2118,2343 2209,2336 2299,2328 2390,2324 2481,2315 2572,2298"/>
                <TextEquiv>
                    <Unicode>tnon Molt haraufzubeschndren:) dass.6s</Unicode>
                </TextEquiv>
            </TextLine>
            <TextLine id="tr_1_tl_15" custom="readingOrder {index:14;}">
                <Coords points="753,2576 1203,2610 1498,2524 1887,2544 2165,2470 2534,2480 2541,2381 1675,2389 1397,2480 758,2487"/>
                <Baseline points="766,2575 854,2571 943,2565 1032,2561 1121,2553 1210,2547 1298,2538 1387,2529 1476,2523 1565,2517 1654,2509 1742,2500 1831,2494 1920,2491 2009,2483 2098,2477 2186,2471 2275,2468 2364,2459 2453,2450 2542,2441"/>
                <TextEquiv>
                    <Unicode>nicht Ange dausenaIrd bis zu los Augen</Unicode>
                </TextEquiv>
            </TextLine>
            <TextLine id="tr_1_tl_16" custom="readingOrder {index:15;}">
                <Coords points="760,2736 1080,2763 1178,2691 1921,2704 2111,2615 2214,2647 2371,2598 2509,2617 2504,2517 2216,2553 2106,2519 2032,2556 1565,2534 1439,2610 770,2617"/>
                <Baseline points="775,2703 862,2697 949,2694 1036,2689 1123,2682 1210,2677 1297,2669 1385,2660 1472,2652 1559,2648 1646,2639 1733,2634 1820,2628 1907,2622 1995,2615 2082,2606 2169,2601 2256,2593 2343,2589 2430,2578 2518,2575"/>
                <TextEquiv>
                    <Unicode>blick, de wieder dieselben leute das neue</Unicode>
                </TextEquiv>
            </TextLine>
            <TextLine id="tr_1_tl_17" custom="readingOrder {index:16;}">
                <Coords points="763,2854 1269,2814 1316,2844 1412,2799 1540,2829 1587,2787 1808,2804 1966,2753 2266,2775 2325,2740 2408,2780 2529,2713 2664,2736 2674,2625 2310,2613 1887,2706 1562,2676 1331,2704 1237,2760 772,2750"/>
                <Baseline points="778,2835 872,2827 967,2826 1062,2820 1157,2810 1252,2804 1346,2794 1441,2787 1536,2779 1631,2773 1726,2763 1820,2757 1915,2751 2010,2738 2105,2732 2200,2726 2294,2718 2389,2713 2484,2706 2579,2698 2674,2706"/>
                <TextEquiv>
                    <Unicode>Schlagwort als lacherlich verhöhnen worden,</Unicode>
                </TextEquiv>
            </TextLine>
            <TextLine id="tr_1_tl_18" custom="readingOrder {index:17;}">
                <Coords points="770,2982 1788,2930 2086,2863 2339,2881 2662,2829 2716,2859 2745,2777 2637,2736 2433,2787 2184,2755 2044,2812 1481,2824 1213,2898 777,2866"/>
                <Baseline points="784,2957 882,2956 980,2950 1078,2944 1176,2936 1275,2927 1373,2920 1471,2915 1569,2905 1667,2895 1766,2891 1864,2884 1962,2875 2060,2866 2158,2860 2257,2853 2355,2847 2453,2840 2551,2827 2649,2824 2748,2826"/>
                <TextEquiv>
                    <Unicode>die heute noch ihre krilische Ueborlegenheit.</Unicode>
                </TextEquiv>
            </TextLine>
            <TextLine id="tr_1_tl_19" custom="readingOrder {index:18;}">
                <Coords points="792,3107 1397,3095 1801,3021 1953,3058 2337,2977 2391,3009 2768,2989 2775,2908 2561,2873 2438,2922 2106,2900 1931,2962 1712,2937 1601,2989 1486,2954 800,3031"/>
                <Baseline points="808,3088 906,3087 1004,3084 1103,3069 1201,3065 1299,3059 1398,3046 1496,3041 1594,3036 1693,3027 1791,3017 1889,3012 1988,3004 2086,2996 2184,2988 2283,2981 2381,2971 2479,2965 2578,2958 2676,2952 2775,2957"/>
                <TextEquiv>
                    <Unicode>zum grossen Fell von ihm zu betreiten sücken</Unicode>
                </TextEquiv>
            </TextLine>
            <TextLine id="tr_1_tl_20" custom="readingOrder {index:19;}">
                <Coords points="2103,3132 2726,3087 2731,3009 2711,3001 2566,3033 2509,2999 2435,3026 2401,3011 2263,3070 2111,3036"/>
                <Baseline points="2118,3121 2148,3118 2179,3116 2210,3113 2241,3109 2271,3107 2302,3106 2333,3106 2364,3101 2394,3100 2425,3100 2456,3098 2487,3094 2517,3090 2548,3086 2579,3085 2610,3084 2640,3082 2671,3080 2702,3078 2733,3076"/>
                <TextEquiv>
                    <Unicode>bis dahin kird</Unicode>
                </TextEquiv>
            </TextLine>
            <TextLine id="tr_1_tl_21" custom="readingOrder {index:20;}">
                <Coords points="1899,3213 2303,3176 2391,3208 2453,3166 2608,3181 2632,3173 2637,3100 2590,3085 2440,3129 2364,3107 2204,3141 2125,3134 2074,3077 2010,3073 1983,3041 1909,3048"/>
                <Baseline points="1913,3196 1949,3191 1985,3190 2021,3190 2058,3190 2094,3187 2130,3187 2166,3186 2203,3182 2239,3177 2275,3170 2311,3169 2348,3167 2384,3165 2420,3163 2456,3163 2493,3163 2529,3161 2565,3159 2601,3157 2638,3157"/>
                <TextEquiv>
                    <Unicode>Seder oin ando</Unicode>
                </TextEquiv>
            </TextLine>
            <TextLine id="tr_1_tl_22" custom="readingOrder {index:21;}">
                <Coords points="868,3215 1737,3173 1744,3075 1710,3068 1565,3117 1478,3068 1336,3134 1114,3159 1026,3124 873,3154"/>
                <Baseline points="883,3217 926,3215 969,3212 1012,3211 1055,3211 1098,3208 1141,3200 1184,3195 1227,3192 1270,3188 1314,3183 1357,3179 1400,3174 1443,3172 1486,3171 1529,3166 1572,3163 1615,3160 1658,3160 1701,3157 1745,3148"/>
                <TextEquiv>
                    <Unicode>Aber wir dürfen ruh</Unicode>
                </TextEquiv>
            </TextLine>
            <TextLine id="tr_1_tl_23" custom="readingOrder {index:22;}">
                <Coords points="856,3301 1700,3237 1734,3230 1739,3178 863,3213"/>
                <Baseline points="871,3285 914,3284 958,3279 1001,3275 1045,3270 1088,3266 1132,3264 1175,3263 1219,3259 1262,3254 1306,3249 1350,3246 1393,3243 1437,3241 1480,3241 1524,3241 1567,3237 1611,3229 1654,3223 1698,3220 1742,3214"/>
                <TextEquiv>
                    <Unicode>evon fertechligern</Unicode>
                </TextEquiv>
            </TextLine>
            <TextLine id="tr_1_tl_24" custom="readingOrder {index:23;}">
                <Coords points="809,3363 1200,3380 1555,3309 1683,3314 1769,3385 1852,3323 2103,3346 2216,3269 2332,3274 2303,3176 814,3296"/>
                <Baseline points="823,3354 898,3350 974,3348 1050,3340 1126,3335 1202,3330 1277,3320 1353,3317 1429,3312 1505,3304 1581,3297 1656,3290 1732,3285 1808,3283 1884,3278 1960,3273 2035,3267 2111,3256 2187,3251 2263,3247 2339,3244"/>
                <TextEquiv>
                    <Unicode>res, noch dinreres eingelotten sein.</Unicode>
                </TextEquiv>
            </TextLine>
            <TextLine id="tr_1_tl_25" custom="readingOrder {index:24;}">
                <Coords points="1862,3446 2224,3451 2298,3402 2632,3390 2780,3321 2954,3338 2964,3264 2672,3203 2435,3309 2216,3272 2103,3346 1875,3343"/>
                <Baseline points="1877,3423 1931,3426 1985,3424 2039,3417 2094,3410 2148,3405 2202,3400 2257,3396 2311,3381 2365,3371 2420,3368 2474,3364 2528,3353 2582,3341 2637,3337 2691,3328 2745,3324 2800,3323 2854,3321 2908,3323 2963,3327"/>
                <TextEquiv>
                    <Unicode>nach Tral streichen.</Unicode>
                </TextEquiv>
            </TextLine>
            <TextLine id="tr_1_tl_26" custom="readingOrder {index:25;}">
                <Coords points="775,3528 982,3540 1112,3486 1503,3461 1850,3493 1857,3382 1670,3429 1530,3417 1459,3360 785,3397"/>
                <Baseline points="790,3518 843,3513 896,3509 950,3505 1003,3495 1057,3490 1110,3483 1164,3480 1217,3482 1271,3474 1324,3473 1377,3466 1431,3463 1484,3461 1538,3464 1591,3461 1645,3457 1698,3455 1752,3453 1805,3450 1859,3449"/>
                <TextEquiv>
                    <Unicode>In Zeile 3. Sai "um</Unicode>
                </TextEquiv>
            </TextLine>
            <TextEquiv>
                <Unicode></Unicode>
            </TextEquiv>
        </TextRegion>
    </Page>
</PcGts>
