3192 3832
1504 349 1766 503 Am
765 489 2367 684 Nach einer uns eigeborden Empfindung
772 643 2533 783 scheint das auf Erden überhaupt mögliche
751 760 2512 937 Mass der Leiden und Freuden begrenzt zu
767 863 2590 1088 sein. Erlebt also irgend jemand in unseer
774 1006 2432 1183 Umgebung etwas Schlimmes, ao empfinden
783 1139 2459 1330 wir unsere Aussichten, dass uns persön-
783 1268 2613 1433 lich nicht so balt etwas lehnliches begeg-
772 1392 2567 1557 inenkönne, für eine Meile gebessert; ereig-
792 1520 2535 1708 net sich aber in unsererNähe ein beson-
785 1656 2586 1855 derer -lücksfall, so dünken uns unsere ei-
799 1786 2131 1986 gonen CtüeksChancon gefallen.
1307 1922 1511 2007 nicht
808 1917 2652 2090 Erklärt sich aus diesem uns Kintleieht im
806 2041 2620 2218 imanenten, wenn auch nicht imver bewussten
820 2181 2505 2356 lauben akd« an den verlauf der Freig-
817 2282 2533 2489 nisse nach den Gesetzen der Mahrschein-
822 2459 2452 2641 lichke ilsrechnung unser Weid in jenen
820 2592 2586 2769 Fällen, wo wir doch durch das lück unse-
834 2733 2666 2923 res Nebennerschen um nichts verkürzt wor-
820 2847 2620 3075 den sini und unsere Schadenfreude in Fäl-
850 2987 2450 3212 len,wo uns durch das Anglück unseres
836 3127 2657 3348 Nächston doch keinerlei Vorteil erwachsen
840 3320 1049 3477 1st3
2691 3210 2847 3362 466
