3128 3800
329 275 531 434 Mad
568 239 878 385 sudel
1497 234 1874 466 WiW
653 436 2481 692 Im runstwerk, das aus einer inneren Notuen-
641 583 2489 795 digkeit heraus geschaffen wurde,glüht ohne
644 734 2379 931 Unterlass gsonnenhaft die Idee wie ein
661 821 2572 1080 leichtend geworlenes Herz; das nachwerk und
658 987 2615 1158 wärn es von höchsten technischen Range, trägt
653 1114 2476 1333 die Iden vor sich her wie ein flackerndes
656 1246 2601 1467 Lämpchen, und es ist meist erloschenrlang vor
658 1392 1397 1621 erreichten riel.
