3208 3784
690 255 847 391 11
693 592 1996 796 schaften künstlich gerüchtet.
1197 747 2699 966 Da aber dieses verfahren immerhin
731 896 2580 1087 ühe, Zeit und manchmal beinahe verstand er-
685 1012 2637 1200 forder kann,hat sich die höchst bequeme Re-
688 1138 2758 1354 thode horausgebildet irgend welche Bezeichnun-
670 1280 2614 1491 gen,die ursprünglich nur kategorisierend ge-
1651 1403 1857 1483 Parte
615 1421 2549 1622 meint eineh bestimmten Rxxnk,eine bestimmte
651 1550 2624 1736 Nationalität, eine bestimmte Rasse bedeuteten,
646 1679 2508 1875 in herabsetzenden, höhnendem oder gar be-
639 1754 2578 2001 schimpfenden sinn z gebrauchen. Und mit Kor-
618 1929 2464 2145 liebe wird diese primitive und kläglichste
618 2055 2428 2261 Forn der P.lamik in der Politik angewandt
600 2142 2426 2382 nicht nur um der eigenen Hass in bündiger
592 2310 2475 2513 Form Ausdruck zu verleihen, sondern auch zu
603 2415 2531 2608 dan Zweek, um die Hassinstinkte bei Andern zu
579 2542 2495 2802 entfesseln, zu fördern und zu eigenenen Gun-
582 2699 1336 2866 sten auszunützen.
1094 2853 2557 3013 Wundern dürfen uns darüber frei-
556 2938 2565 3167 lich nicht,da wir ja täglich nicht nur Flach-
548 3051 2542 3296 kopfe, Bosenichte, Peruf spolitiker, sondern auch
551 3198 2536 3409 sozusagen anständige und kluge leute mit mohr
291 3270 582 3463 180.8.2
