3064 3800
1095 211 1979 399 Werku Wieduret
137 238 752 448 Vm tratiur trettet
394 394 808 727 entet
1601 531 1983 703 sru be
659 727 2576 913 Geduld und angeduld wechseln während der Ar-
651 879 2618 1080 beitin der soole des Künstlers auf und ab und
529 987 2471 1222 Srgalieh einander. Geduldhat er insofern
661 1109 2564 1330 er sich in Hinsicht auf sein Werk einer völ-
669 1254 2549 1474 lig unbegrenzten Zeit, ja gleichsan der Enig
673 1357 2554 1548 keit gegenüber fühlen wäss;- Angeduld inso-
676 1553 2483 1729 fern er,wenn auch in steter Erwartung der
676 1624 2615 1863 neberraschungen, die ihn auf seinen Reg begeg
676 1785 2542 1983 non könnten, das Ziel von ersten Schritt an
676 1898 2564 2094 mit so visionärer Bestimmtheit vor sich er-
669 2037 2571 2258 blickt, dass die Sehnsucht, es so schnell als
683 2197 2265 2383 wöglich zu erreichen, ihn beflügelt.
