3208 3784
399 3221 625 3395 oder
436 239 728 381 Bil dit
1427 247 2002 413 Part i Valerl.
644 381 2599 533 mie lächerlich wäre ein Mensch,der sich über
589 510 2677 657 den Falschspieler ih einer Partie entrüstete, zu
2134 615 2341 699 der
589 617 2549 828 deren erlaubten Epielmethöden, ja (cpielregeln
594 757 2630 917 auch der Betrug geört und wo auch der ährliche
625 867 2530 1064 Sfieler es manchpal darauf anlegt, für einen
631 1014 2625 1196 Retrüger gehalten zu werden, um so die Partner
594 1148 2706 1327 ümso sicherer hineinzulegen. Und doch - gleichen
625 1280 2606 1461 wir nichtalle diesen naiven Kibitz, die wid2
581 1416 2583 1582 neugierig und erregt um die grünen Tische der
583 1534 2662 1684 Politik herurstehen und den spieler zuschauen,
633 1640 2696 1850 die einander zum Pösten halten, oder tun,ato um
562 1789 815 1881 als ob
631 1797 2522 1986 wenn sie einander zum besten hielten - ohne
583 1908 2536 2123 dass es ihnen meiter zumSchaden gereichte, n
617 2068 2509 2236 da doch die Kiebitze es sind, die die Spiel
617 2204 2620 2381 differenzen und überdies noch die ganze, Zeche
625 2349 1345 2520 zu zahlen haben.
796 2874 2260 3032 Reisezeitung d. Veuen Nr. Journal,
1159 2977 1711 3093 Sommer-1924.
1406 3064 2149 3237 ob stett ienn
704 3051 1280 3253 Jerbe 12:
1038 3208 1259 3392 14.
1379 3185 2123 3424 wie statt als
