3032 3832
1443 394 1831 560 Wul
457 577 2411 734 Eine besondere Lust gewährt es manchen Rezen
469 709 2435 892 seiten den Räakxakxi entschiedenen Rückschrit
465 863 2210 995 eines Autors festzustellen,wo es sich um
452 976 2340 1132 nichts anderes handelt-, als um eine Schwan-
457 1105 2350 1215 kung nach unten,wie sie im Zebenswerk jedes
457 1242 2205 1391 Schaffenden natürlicherweise vorzukommen
465 1323 2315 1506 pflegt. Solchen ungeäldigen Grabrednern ge-
457 1479 2291 1648 genüber ex fühlt man sich versubht, an Ein-
457 1611 2423 1748 tagsfliegen zu denken, denen es bestämmt närn
457 1743 2352 1883 von einer Flut bis zur nächsten Ebbe an ei-
443 1878 2313 2027 nem Ufer hinzuschweben und die sich einbil-
457 1995 2320 2142 den, weil sie die neue Flut nicht mehr erle-
445 2147 2381 2320 ben, sie hätten das Heer austrocknen gesehen.
