3208 3784
285 3145 443 3391 138
409 426 652 594 1dlt.
1438 255 2021 411 K. I. Velel.
1399 411 2065 611 Sact u Veleil
730 725 2683 898 Plitzache Ueberasugung -? Das ist oftnichts an
749 864 2664 1034 derot, als die bequene Zärve, hinte, der ein Dumg
739 1019 2569 1182 seine widerliche Fratze verntecken möchte, um-
747 1194 2554 1345 unter dem Schutzlder ilankenfreiheit - auf dem
732 1316 2561 1491 palitiachen Faachingaruangl, den wir an jacher
737 1445 2557 1678 mittwoch Weltgeschichts zu nenner lieben, unge-
744 1635 2622 1802 etraft oder gur bejuhelt aein feigen Urwaen zu
739 1759 1082 1880 treiben.
569 2824 2041 3016 Weihnachtsbeilage d.N. Fr. Presse 1924.
