3112 3784
1264 285 1451 375 neme.
2320 272 2577 427 nender
1109 467 1861 632 Parlen u Vetert
435 564 899 782 Uel Mat
982 677 1184 784 M4
634 887 2320 1064 Jeder Heltverbesserungsversuch, der von
642 984 2502 1194 der Vraussetzung ausgeht, dase die Vensch-
649 1119 2440 1316 heit im ethischen Sinn überhaupt entwick
1371 1259 1571 1359 ah i
657 1246 2478 1469 lungefähig oder par ursprünglich gut sei,
712 1381 2552 1578 ist zum scheitern verurteilt. Die Auffas-
687 1494 2622 1728 sung von der urspränglichen Güte des Henscher
692 1646 2565 1853 ist durchaus sentimental, daher unfruchtbar,
682 1761 2617 1986 wenn nicht gar gefährlich und noch lörichter
724 1901 2458 2095 wonöglich ist die, dass leute, die an die
697 2030 2632 2248 Manschheit glauben, an sich schon von edlerer
782 2163 2632 2353 Art seien als sole e,die keineswegs an die
714 2265 2705 2500 Wanschheit, sondern nur von Fall zu Fall an der
719 2465 1496 2625 Wenschen glauben.
757 2567 2527 2742 Jede in sich geschlessene Kenschengripte
729 2660 2655 2900 stellt Eine dumpfe,dach jedem Einfluss zugäng
729 2785 2672 3014 liche asse dar, aus der unter der Einwirkung
739 2947 2602 3154 nicht nur von kreignissen,sondern auch von
759 3059 2767 3264 Schlagworten das Verschiedenartigste zu machen.
759 3164 2610 3419 istf, zum mindesten das scheinbar Verschie-
2433 3429 2650 3521 2st.
