3224 3784
289 3241 426 3384 160
687 266 835 437 11
386 411 1076 612 Sil. Sol, Ubil
1362 391 2185 625 Part.Valeit
825 675 2587 848 Nicht dort hassen die Menschen am un-
612 823 2393 976 versöhnlichsteh,wo ihnen die triftigsten
600 953 2549 1099 Gründe dazu geboten sind,sondern dort,wo die
637 1084 2566 1229 Betätigung ihres Hasses mit der verhältnis-
597 1209 2554 1370 mässig geringsten Gefahr für sie selbst ver-
592 1352 2466 1503 bunden ist oder ihnen soger Vorteil, Gewinn
597 1475 2617 1618 und Ehre zu bringen vermag. Da in solchen Fäl-
587 1608 2584 1756 len die wirklichen rotive des Hasses: Winder-
580 1731 2589 1879 wertigkeitsgefühle und Weid,nicht gern einge-
582 1859 2534 2022 standen, ja häufig genug nicht einmal bewusst
572 1992 2571 2137 werden, nimrt man zu Vorwänden seine Zuflucht,
580 2102 2496 2250 als welche auch dielächerlichsten und ver-
577 2253 2461 2431 logonsten gut genugtzu sein pflegen.So vor-
567 2383 2323 2531 den besonders gein die etwa vorhandenen
567 2501 2496 2692 schlechten Eigenschaften der Menschen über-
577 2634 2504 2792 trieben, die zu hassen man sich entschlossen
564 2780 2514 2908 hat,es werden nicht vorhandene Eigenschaften
567 2875 2526 3051 dazu erfunden, ja, damit dem Hass nachträglich
564 3013 2444 3153 noch ein sehe in von Berechtigung verliehen.
554 3186 2476 3324 werde und gewissermassen automatisch werden
562 3307 2406 3432 in den gelassten Personen schlechte Eigen
