3224 3784
325 370 586 594 Odatt
1303 416 1967 608 Seit Valert
560 746 2537 919 In der Politik kormen auf Einen, der auf Grund
432 885 2572 1066 persönlicher Erfahrungen nach reiflichen Erwä-
1247 994 1607 1090 etulice
562 989 2540 1173 Zungen und aus Lefater Ueberzeugung sich für
1191 1127 1404 1202 Oarter
541 1157 2502 1309 eine bestimmte Sette entschieden hat,Hundert-
538 1274 2577 1447 tausende von Mitläufern: gutgläubige, gedanken-
578 1388 2497 1580 lose und Strober (die nur der Zufalt der Ge-
576 1540 2561 1687 burt, der Erstohung, des Borufor,der Enwolt und
525 1668 2489 1836 persönlicher Interesseralter Ertgerade in
520 1791 2577 1951 dieeine oder antoro Gotelgschaft gebracht ha-
520 1892 2518 2095 ben, und) ienen es, als der armseligen Komparse-
517 2039 2500 2220 rie kleiner politischer Bewegungn, und grosser
504 2161 2497 2335 histori-cler Freignise gar nicht darauf an-
506 2287 2505 2465 kommt, (möge ihnen das nun bewugst werden oder
496 2438 2404 2609 nicht),ob sie von rechts oder links aus der
514 2564 2534 2753 zulisse «trömen, um Ihr ewiges sinnloses „Rha-
498 2673 2526 2876 barber" zu myrmeln oder zu brüllen, von dem die
490 2801 1218 2982 Weit widerhallt.
1732 2852 2401 3043 Klore:1E
1924 3014 2233 3211 leill
621 3134 2143 3289 Reigazeitung des Neuen Nr. Fournal,
935 3267 1458 3385 Sommer- 1924.
