3176 3832
1451 346 1957 522 1a1. -I.I
354 511 1052 673 Betttn
1429 472 1820 678 Wuld
494 756 2654 960 Allerlei Schwächen, die wir manchmal geweigt sind,
502 921 2638 1111 dem Kritiker als-Individuum anzukreiden, heben of-
804 1086 971 1167 mit.
1075 1063 2791 1231 iner Pergon, mit Vingeln geines Tharzk-
237 1089 1044 1225 n n n
500 1203 2660 1357 ters,seines Talents oder seiner Urteilskraft kaum
502 1315 2685 1440 etwas zu schaffen. Es drückt-sich in diesen Schwä-
530 1449 2682 1625 chen oft nur der immanente Ceist der Kritik. aus,
497 1569 2615 1750 ihre Erbsünde könnte man sagen, der jeder, der nun
491 1719 2641 1890 einmal diesen Beruf ausübt, unweigerlich verfallen
539 1831 2596 2021 ist, Für die Richtigkeit dieser Annahme scheint.
516 1959 2652 2144 wir ein Beweis zu sein,dass auch Antoren (ja be-
486 2077 2596 2244 sonders solche), die sich über erlittene Angriffe
477 2213 2548 2356 nicht heftig genug entrüsteh konnten,schald sie
480 2350 2719 2515 selbst in, die Gelegenheit kommen, an den Herk eines
514 2476 2632 2649 andern Autors Kritik zu üben, diegleichen und oft
486 2607 2557 2786 noch viel üblere Rezensentenmanieren anzunehmen.
480 2741 2431 2908 pflegen ale die, die ihnen höchet verwerflich
516 2869 2593 3068 dünkten, da sie sie an eigenen leib zu verspüren.
514 3020 849 3135 batten.
670 3243 2308 3509 Frankfurter Zeitung, 25. Dezenber 1924.
