3144 3848
1666 246 1956 360 1
272 500 762 692 Kuvet.Keld
1643 521 2013 700 l ubr
604 728 2685 912 In jeder Epsche bildet nich eine literarioche Marter
617 886 2573 1039 aun, mit der auch die geringerin Jalente ehr oder
617 1024 2576 1189 weniger gewandt zu wirtschaften verstelen, und die
736 1127 897 1218 Stul
591 1143 2576 1337 den(Aloser Epsele unfreivillie Darodiert. Und ee
614 1301 2573 1513 gldt w채hre Sonies der Maiider unter diegen Abtxnan
612 1454 2653 1635 nat ven oder hochela,lortochen Parodisten, die nicht
619 1604 2700 1775 nur das Rublikua, sondern auch die zritik zu t채uschen
622 1741 2591 1933 varstehen.-Bei klargische Stil ist er, der sich zu
614 1918 2599 2091 solch inanderistiacher Behandlung an wenigeten eig-
609 2068 2526 2228 not, weil hier ohne einige Bildung,Fleies und ge-
606 2221 2542 2397 duld doch nichte auszurichten oder vorauriegaln
601 2355 2638 2542 ist: der naturalistiachs und der exprensioniatloche
606 2529 2558 2700 stil bieten nich manieristiacherehandlung um be-
1156 2604 1428 2744 Aber
612 2656 2615 2853 quonsten dar.fuch echte Talents geverfallen in
614 2827 2599 3006 ihren schr채cheren Portoden in Mnierieme, manchnal
614 2964 2565 3161 sogar solche, die in 1 vor d채nneren Zost den neien
583 3104 2410 3268 Stil selbst geschaffen und aurgebildet habge.
886 3343 2140 3542 Frankfurter zeitung, 21.12.1924.
495 3449 2234 3602 4. Teile von unter: jetber vor "audh.
