3192 3784
501 360 639 548 Orl.
1388 381 2097 655 Part. Patert
751 653 2494 847 Allzu viel seelenkraft verschwendet oft
749 770 2602 957 der ehrliche Rekenneran die leidenschaft-
721 934 2576 1088 liche Bekämpfung von insichten, an die män-
735 1055 2583 1252 che von ienen im Innersten gar nicht glau-
725 1175 2487 1353 ben,die sich als ihre inhärger, ihre Ver-
728 1273 2520 1498 fechter,ju gelegentlich als ihre Wärtyrer-
716 1434 2548 1610 auf spielen.So ist -wie in den meisten, an-
695 1568 2574 1727 deren menschlichen Geziehungen- auch indder
693 1678 2370 1881 Polilik der innerlich Unbeteiligte dem
681 1811 2401 1998 wahrhaft Beteiligten gegenüber stets im
683 1933 2473 2120 Vortöil: Denn während für jenen auch eine
665 2078 1977 2218 Wiederlage eine gewisserwassen
2010 2132 2139 2258 nu1
2195 2155 2466 2265 sport-
662 2183 1701 2354 liche Bedeutung beanspru
639 2319 1975 2494 nerlich Beteiligte in jeden Fa-
639 2469 2122 2630 zes Wesen für seine Ueberzeugung e
632 2581 2047 2752 zahlt auch als Sieger inner noch
618 2707 2321 2927 heron Preis als der andere und verliert
646 2829 2373 3040 mehr und Bessares als der andere jemals
604 2981 1254 3140 verlieren könn.
1781 3117 2410 3306 Brckhaft 21
611 3150 742 3316 21
