<?xml version="1.0" encoding="UTF-8" standalone="yes"?>
<PcGts xmlns="http://schema.primaresearch.org/PAGE/gts/pagecontent/2013-07-15" xmlns:xsi="http://www.w3.org/2001/XMLSchema-instance" xsi:schemaLocation="http://schema.primaresearch.org/PAGE/gts/pagecontent/2013-07-15 http://schema.primaresearch.org/PAGE/gts/pagecontent/2013-07-15/pagecontent.xsd">
    <Metadata>
        <Creator>prov=READ-COOP:name=PyLaia@TranskribusPlatform:version=2.7.0:model_id=50870:lm=none:date=22_01_2024_21:45</Creator>
        <Created>2023-09-27T14:41:50.248+02:00</Created>
        <LastChange>2024-01-22T21:45:55.948+01:00</LastChange>
        <TranskribusMetadata docId="1589067" pageId="60127223" pageNr="120" tsid="145643438" status="IN_PROGRESS" userId="40391" imgUrl="https://files.transkribus.eu/Get?id=WHBKHWSBMKRZKYGSJQEPGVOW&amp;fileType=view" xmlUrl="https://files.transkribus.eu/Get?id=TLOHYPPZWEEOTUGRUPHXIWHO" imageId="48552300"/>
    </Metadata>
    <Page imageFilename="1589067_0120.jpg" imageWidth="3080" imageHeight="3800">
        <ReadingOrder>
            <OrderedGroup id="ro_1711787820554" caption="Regions reading order">
                <RegionRefIndexed index="0" regionRef="tr_1"/>
            </OrderedGroup>
        </ReadingOrder>
        <TextRegion orientation="0.0" id="tr_1" custom="readingOrder {index:0;}">
            <Coords points="441,389 441,3029 2823,3029 2823,389"/>
            <TextLine id="tr_1_tl_1" custom="readingOrder {index:0;}">
                <Coords points="1726,502 1789,499 1816,473 1952,483 2018,460 2078,473 2086,300 2049,289 1992,305 1976,289 1915,321 1863,292 1834,310 1734,281"/>
                <Baseline points="1740,465 1766,465 1793,464 1819,462 1846,462 1873,463 1899,464 1926,464 1952,462 1979,460 2006,458 2032,457 2059,454 2086,450"/>
                <TextEquiv>
                    <Unicode>sub</Unicode>
                </TextEquiv>
            </TextLine>
            <TextLine id="tr_1_tl_2" custom="readingOrder {index:1;}">
                <Coords points="423,515 502,491 662,512 730,481 807,520 862,497 933,504 962,491 970,339 872,347 804,305 686,318 644,300 541,342 512,323 431,331"/>
                <Baseline points="441,474 467,478 493,480 520,480 546,480 573,480 599,478 626,477 652,477 679,475 705,474 731,472 758,471 784,471 811,470 837,468 864,468 890,466 917,461 943,457 970,453"/>
                <TextEquiv>
                    <Unicode>Kenst. Kuld</Unicode>
                </TextEquiv>
            </TextLine>
            <TextLine id="tr_1_tl_3" custom="readingOrder {index:2;}">
                <Coords points="570,746 783,746 862,704 1442,746 1703,688 2357,754 2554,707 2557,591 2396,554 2273,583 2176,539 2013,604 1637,560 1490,610 1243,541 1161,596 951,620 573,562"/>
                <Baseline points="588,656 686,656 785,657 884,658 983,656 1082,659 1180,656 1279,656 1378,656 1477,653 1576,653 1674,656 1773,658 1872,654 1971,656 2070,653 2168,653 2267,655 2366,653 2465,653 2564,656"/>
                <TextEquiv>
                    <Unicode>Den Huner, dem göttlichen Kind. ist nichte vernehrt:</Unicode>
                </TextEquiv>
            </TextLine>
            <TextLine id="tr_1_tl_4" custom="readingOrder {index:3;}">
                <Coords points="565,841 1109,888 1311,841 2010,883 2664,838 2630,717 2549,754 2131,712 2068,751 1957,717 1908,759 1574,717 1487,759 1140,730 565,762"/>
                <Baseline points="579,800 683,806 787,805 892,803 996,808 1101,805 1205,805 1310,805 1414,805 1519,805 1623,805 1727,805 1832,802 1936,804 2041,802 2145,802 2250,802 2354,800 2459,801 2563,800 2668,788"/>
                <TextEquiv>
                    <Unicode>auch nicht mit dem Schmerz, dem Flend, dem Tod zu exie-</Unicode>
                </TextEquiv>
            </TextLine>
            <TextLine id="tr_1_tl_5" custom="readingOrder {index:4;}">
                <Coords points="586,1017 2286,988 2409,1046 2641,1033 2609,841 2039,909 1884,859 1724,914 1574,864 1408,920 1322,878 1287,909 1140,875 977,914 920,880 730,917 586,891"/>
                <Baseline points="600,949 702,952 804,952 907,952 1009,952 1111,949 1214,949 1316,951 1418,949 1521,952 1623,949 1725,951 1828,951 1930,952 2032,950 2135,946 2237,952 2339,946 2442,947 2544,947 2647,943"/>
                <TextEquiv>
                    <Unicode>len. Wenn die Frenie, der Witz, die satfre das Gleiche</Unicode>
                </TextEquiv>
            </TextLine>
            <TextLine id="tr_1_tl_6" custom="readingOrder {index:5;}">
                <Coords points="575,1138 1393,1190 1624,1146 1823,1188 2170,1138 2688,1167 2688,996 2444,1038 2302,998 2118,1059 1655,996 1519,1072 1427,1019 1385,1054 1219,1009 1104,1062 575,1046"/>
                <Baseline points="591,1095 696,1095 801,1098 906,1098 1011,1101 1116,1100 1221,1101 1326,1101 1431,1100 1536,1101 1641,1098 1746,1103 1851,1101 1956,1100 2061,1098 2166,1099 2271,1101 2376,1098 2481,1100 2586,1098 2692,1098"/>
                <TextEquiv>
                    <Unicode>veröuchen, empfingen wir das als gesohnacklos, reh, kenn</Unicode>
                </TextEquiv>
            </TextLine>
            <TextLine id="tr_1_tl_7" custom="readingOrder {index:6;}">
                <Coords points="575,1311 762,1343 1269,1306 1571,1330 1571,1190 977,1159 575,1201"/>
                <Baseline points="591,1244 640,1244 689,1247 738,1247 787,1247 837,1249 886,1248 935,1247 984,1247 1033,1247 1083,1247 1132,1247 1181,1247 1230,1247 1279,1246 1329,1244 1378,1246 1427,1245 1476,1244 1525,1244 1575,1245"/>
                <TextEquiv>
                    <Unicode>nicht gar als Blasphente.</Unicode>
                </TextEquiv>
            </TextLine>
            <TextLine id="tr_1_tl_8" custom="readingOrder {index:7;}">
                <Coords points="1435,1506 1471,1498 1482,1508 1500,1498 1511,1511 1582,1521 1621,1500 1658,1498 1661,1308 1634,1308 1611,1330 1579,1316 1490,1377 1461,1364 1440,1369"/>
                <Baseline points="1453,1474 1479,1465 1506,1462 1532,1462 1559,1460 1585,1460 1612,1461 1638,1463 1665,1465"/>
                <TextEquiv>
                    <Unicode></Unicode>
                </TextEquiv>
            </TextLine>
            <TextLine id="tr_1_tl_9" custom="readingOrder {index:8;}">
                <Coords points="544,2383 1479,2383 1458,2257 1314,2307 1025,2323 544,2281"/>
                <Baseline points="558,2364 604,2373 650,2373 697,2373 743,2373 790,2372 836,2368 882,2373 929,2373 975,2373 1022,2372 1068,2370 1114,2369 1161,2368 1207,2370 1254,2372 1300,2373 1346,2373 1393,2371 1439,2372 1486,2373"/>
                <TextEquiv>
                    <Unicode>Thomas Mann.60. Geburt.</Unicode>
                </TextEquiv>
            </TextLine>
            <TextLine id="tr_1_tl_10" custom="readingOrder {index:9;}">
                <Coords points="528,2475 1774,2465 1774,2394 1579,2315 1400,2394 528,2381"/>
                <Baseline points="543,2441 604,2441 666,2438 728,2436 790,2435 852,2436 913,2438 975,2438 1037,2438 1099,2438 1161,2441 1222,2441 1284,2441 1346,2441 1408,2441 1470,2443 1531,2438 1593,2438 1655,2440 1717,2438 1779,2435"/>
                <TextEquiv>
                    <Unicode>Neue Freie Presse, Juni 1825.</Unicode>
                </TextEquiv>
            </TextLine>
            <TextLine id="tr_1_tl_11" custom="readingOrder {index:10;}">
                <Coords points="512,2604 602,2630 712,2578 841,2599 906,2570 970,2599 1106,2575 1272,2662 1340,2649 1340,2457 1188,2454 1022,2536 912,2538 849,2501 801,2528 751,2491 631,2533 512,2507"/>
                <Baseline points="528,2567 568,2570 609,2572 650,2571 691,2572 732,2573 773,2573 814,2573 855,2572 896,2569 937,2567 977,2567 1018,2570 1059,2570 1100,2570 1141,2570 1182,2572 1223,2573 1264,2573 1305,2573 1346,2576"/>
                <TextEquiv>
                    <Unicode>Berliner rageblatt.</Unicode>
                </TextEquiv>
            </TextLine>
            <TextLine id="tr_1_tl_12" custom="readingOrder {index:11;}">
                <Coords points="2057,2670 2244,2656 2430,2688 2814,2649 2819,2551 2735,2549 2693,2515 2578,2557 2365,2554 2281,2585 2168,2533 2115,2559 2065,2543"/>
                <Baseline points="2071,2650 2108,2650 2146,2650 2183,2652 2221,2651 2259,2651 2296,2652 2334,2650 2371,2647 2409,2642 2447,2641 2484,2640 2522,2636 2559,2632 2597,2632 2635,2630 2672,2627 2710,2623 2747,2619 2785,2616 2823,2611"/>
                <TextEquiv>
                    <Unicode>In becbosel t tO.</Unicode>
                </TextEquiv>
            </TextLine>
            <TextLine id="tr_1_tl_13" custom="readingOrder {index:12;}">
                <Coords points="2478,2777 2575,2740 2630,2754 2651,2738 2693,2762 2767,2756 2772,2664 2693,2659 2654,2688 2622,2677 2599,2691 2570,2672 2554,2683 2530,2664 2507,2685 2483,2680"/>
                <Baseline points="2495,2725 2520,2724 2546,2722 2571,2722 2597,2722 2622,2720 2648,2719 2673,2717 2699,2715 2724,2713 2750,2710 2776,2707"/>
                <TextEquiv>
                    <Unicode>dim 2</Unicode>
                </TextEquiv>
            </TextLine>
            <TextLine id="tr_1_tl_14" custom="readingOrder {index:13;}">
                <Coords points="2383,2877 2454,2838 2480,2851 2536,2832 2614,2867 2683,2832 2743,2835 2743,2762 2714,2751 2693,2762 2649,2743 2617,2762 2593,2740 2504,2767 2433,2746 2412,2767 2383,2767"/>
                <Baseline points="2397,2808 2422,2814 2447,2817 2472,2817 2497,2818 2522,2820 2547,2820 2573,2820 2598,2818 2623,2817 2648,2817 2673,2817 2698,2817 2723,2812 2749,2805"/>
                <TextEquiv>
                    <Unicode>Bel H</Unicode>
                </TextEquiv>
            </TextLine>
            <TextLine id="tr_1_tl_15" custom="readingOrder {index:14;}">
                <Coords points="507,3037 554,3032 617,3058 667,3061 670,2811 617,2804 602,2814 594,2806 549,2825 536,2811 510,2811"/>
                <Baseline points="522,2997 547,2997 572,2997 598,2999 623,2998 648,2995 674,2997"/>
                <TextEquiv>
                    <Unicode>158</Unicode>
                </TextEquiv>
            </TextLine>
            <TextEquiv>
                <Unicode></Unicode>
            </TextEquiv>
        </TextRegion>
    </Page>
</PcGts>
