3176 3816
1350 494 1838 677 NeliN.
573 654 2513 817 So bekannt es ist, dass die rrinnerung unsers
581 759 2607 970 vergangenen rindrücke in unzähligen rällen bis
573 896 2587 1085 Unkenntlichkeit zu fälschen pflegt; man beach-
591 1044 2457 1204 tet sehr wenig, dass Ihr auch die Gabe inne-
588 1153 2531 1352 wohnt, Eindrücke richtig zu stellen. So kommt
586 1286 2635 1482 es zumeilen vor, dass wir im beist ein Wesen vor
588 1418 2536 1586 uns sehen mit einer Haltung, einer Gebärde, ei-
593 1543 2534 1744 nem Blick, wie wir ihn tatsächlich bei diesem
601 1703 2457 1879 Wesen niemals wahrgenommen haben. Und doch
606 1803 2500 1996 leuchtet es uns,geradeso wie es nun vor uns
603 1940 2584 2093 in der Brinnerung steht,als durchaus wirklich
596 2068 2587 2299 ein.iesga prinnerungsbild stellt nämlich ge-
601 2195 2554 2406 wissermassen das arithmetische Nittel vor"
611 2330 2467 2513 aus hinderten Bildern jenes Wesens, die wir
616 2475 2534 2661 zum Teil tatsächli'ch im Laufe der Zeit gese-
611 2595 2503 2798 hen haben, oder die wir für möglich hielten.
616 2722 2546 2931 Und so gibt ex uns die rrinnerung,gerade die
619 2839 2651 3061 Erinnerung, eine höhere Wahrheit, wie sie und in
626 2982 2526 3185 den wirklich erlebten Augenblicken nicht ge-
624 3142 1423 3323 gönnt so in konnte.
2579 3231 2798 3392 481
