3192 3832
1551 423 1941 593 bulr
360 476 910 639 kunt-Keld
730 631 2719 783 sittliche Entrüatung -? Gegenliber von runstwerken
747 732 2521 851 gibt en überhaupt keins. Wan man so zu nennen
735 821 2364 917 pflegt,iet ein durchaus fiktiver Begriff.
963 887 2736 991 En gibt allerdinge Menachen, die ihre Unfühiz-
747 945 2780 1064 keit oder ihre Abneigung, ein Kunntwerk rein als sol-
753 1016 2729 1140 ches zu betracliten,bewuest oder unbewungt in nitt-
791 1110 2653 1224 liche Antrüetung undeuten. Dan sind nicht imier
747 1183 2329 1290 sehr klugs, aber oft ganz ehrliche Leute.
978 1257 2671 1378 Bagibt ferner Henschen, die aun recht ver
758 1312 2754 1434 schiedenen, sehr häufig aus gogenaniten politiochen
760 1421 2653 1518 Gründen sich einem Kunetwerk gegenüber als eilt-
768 1470 2772 1591 lich Entrügteta gebürden, ohine es innerlich zu gein-
770 1553 2757 1655 Ee wäre unhöflich, diese Leute ni einfuch ale Heurh
770 1622 2767 1738 ler zu bazichnen, da sich ihr. Entrüetungegente in-
775 1695 2719 1809 nerhalb ungerer Zivilivation geradezu automatiach
785 1784 2557 1916 und oft ohne feindselige Abeicht einzustaller
806 1885 1110 1969 pflegt.
1006 1900 2780 2032 dann gibt sa Menschen, dis, ob nun für ihren ei-
785 2004 2762 2108 genen Teil entrüatet oder nicht, die singebildeten
788 2085 2693 2182 die gegialten, die gehöuchelten Entratungen der
793 2154 2729 2273 Andern vollkomen arnst nehmen.Dan sind die Naiven
801 2227 2344 2354 oder die rettungelos einfältigen Leute.
991 2311 2792 2397 Und endlich gibt an ilsrchen, die all das gera-
801 2384 2818 2501 deso gut viegen,wie ich und selbetverstündlich auch
808 2465 2752 2562 der verehrte Lener, aber dabei so tun, als wenn sie
801 2524 2777 2640 selbgt an all die eingebildsten,genpielten und ge-
801 2612 2650 2731 heuchelten Entriatungen im Inneraten glaubten,-
803 2681 1670 2810 das sind die yritiker.
1107 3160 2349 3317 Frankfurter zeitung, 24.12.1924.
