3176 3816
566 365 797 482 1d
1515 535 1950 730 Atunt
835 682 2613 916 welche wundersame Carriere: die einer Mög
828 797 2646 997 lichkeit, der es gelang sich zum Rang eher
828 954 2704 1148 Wirklichkeit zu erheben; und unso wunderer
826 1091 2742 1258 mer, wenn diese Vöglichkeit in der Reihe vie-
826 1222 2632 1413 ler anderer als eine Inwahrscheinlichkeit
830 1348 2711 1527 destand oder gar als Unmöglichkeit verhöhnt
828 1489 2673 1675 wurde. Welch ein klägliches Schikksal da-
840 1613 2615 1804 gegen, wenn eine Möglichkeit, die als Wahr-
845 1711 2580 1919 scheinlichkeit der Erfüllung sich schon
850 1845 2596 2057 genz nahe glaubte, in irgend einem Augen
833 1988 2725 2174 blick verzichten musste, jenals Mirklethkeit
852 2136 2642 2324 zu werden und für alle Zeit in das unend-
852 2231 2670 2439 liche gespenstische Aeer der Buvöglichkei-
852 2365 2723 2582 ten eingeht, über die sie sich ethaben fühl-
