3224 3784
389 395 642 585 eldet
1408 392 1926 611 Part. Veleit
596 681 2540 843 Es kann immer der OBekussien unterliegen, wer-
603 817 2537 970 in einem geistigen Kumpfe der Sieger gewegen
598 941 2664 1086 isti-darüber, wer von zuei Kämpen den andern auf
591 1080 2491 1199 die Knte gezrungen, oder gar darüber, wer nen
591 1168 2666 1364 ihren den andeen den Schädel eingeschlägen hat,
578 1336 2625 1480 darüber wird. es niemals eine Meinungsverschie-
583 1454 2527 1609 denheit geben. Zu einer höheren Heisheit hat
578 1596 2491 1743 sich die Politik bis zum heutigen Tage kaum.
611 1705 2641 1893 durchgeringen; und ungefähr in gleichem Binng
606 1849 2391 2004 wird, Weltgeschichte gelehrt und gelernt.
696 2630 1302 2733 Reiseztätung d
1436 2641 2153 2775 Neuen Nr. Journel
1083 2713 1586 2850 ommer 1924.
