3064 3832
1484 427 1898 594 WieW
291 508 442 632 We
617 581 2528 756 dass wir in der Trazödie nach den Untergang
632 713 2533 885 des Helden verlangen, hat vielleicht auch das
647 837 2485 1029 rin seinen Frind, dass wir uns niemals ent-
642 963 2515 1130 schliessen können dem Schicksal vorbehaltts
632 1097 2530 1264 zu vertrauen. Wir kä kennen die Unberechen-
629 1218 2495 1398 barkeit ler unzähligen, ausserhalb des Indi-
632 1362 2439 1519 vituims wirkenden Kräfte, die ihm aich als
629 1481 2664 1673 läch rliche Zufälligkeiten vörkleidet, Schick-
629 1618 2487 1792 sal zu werden vermögen und geben uns nicht
629 1749 2500 1921 zufrieden; wenn der Held, der uns teuer wars
624 1880 2368 2047 vom Dichter wieder iy die grauenvolle:
629 2007 2462 2184 Unsicherheit des Daseins wieder entlassen.
627 2136 2522 2300 wurde. Erst wenn er endgültig untergegangen
629 2257 2449 2452 ist, ist ihm wohl und Ehnexäx unsjuit ihm.
1908 2601 2717 2891 Titf Almaned 17.
2399 2854 2704 3005 De
2156 2848 2340 3091 2
2396 3197 2586 3339 484
