<?xml version="1.0" encoding="UTF-8" standalone="yes"?>
<PcGts xmlns="http://schema.primaresearch.org/PAGE/gts/pagecontent/2013-07-15" xmlns:xsi="http://www.w3.org/2001/XMLSchema-instance" xsi:schemaLocation="http://schema.primaresearch.org/PAGE/gts/pagecontent/2013-07-15 http://schema.primaresearch.org/PAGE/gts/pagecontent/2013-07-15/pagecontent.xsd">
    <Metadata>
        <Creator>prov=READ-COOP:name=PyLaia@TranskribusPlatform:version=2.7.0:model_id=50870:lm=none:date=22_01_2024_21:45</Creator>
        <Created>2023-09-27T14:41:37.036+02:00</Created>
        <LastChange>2024-01-22T21:45:40.153+01:00</LastChange>
        <TranskribusMetadata docId="1589067" pageId="60126805" pageNr="34" tsid="145643346" status="IN_PROGRESS" userId="40391" imgUrl="https://files.transkribus.eu/Get?id=JMXEVTUKBEKNFAFZXIWJRNAQ&amp;fileType=view" xmlUrl="https://files.transkribus.eu/Get?id=YMFEPUAYCWHDAMWRWOHBTEGY" imageId="48551882"/>
    </Metadata>
    <Page imageFilename="1589067_0034.jpg" imageWidth="3144" imageHeight="3816">
        <ReadingOrder>
            <OrderedGroup id="ro_1711787680646" caption="Regions reading order">
                <RegionRefIndexed index="0" regionRef="tr_1"/>
            </OrderedGroup>
        </ReadingOrder>
        <TextRegion orientation="0.0" id="tr_1" custom="readingOrder {index:0;}">
            <Coords points="525,359 525,2806 2738,2806 2738,359"/>
            <TextLine id="tr_1_tl_1" custom="readingOrder {index:0;}">
                <Coords points="530,458 563,468 579,458 590,470 641,458 662,472 725,461 741,470 762,456 782,463 787,352 745,366 713,347 660,361 637,347 595,370 579,352 535,345"/>
                <Baseline points="543,444 570,444 597,442 624,442 651,444 679,442 706,440 733,439 760,436 788,432"/>
                <TextEquiv>
                    <Unicode>rdd</Unicode>
                </TextEquiv>
            </TextLine>
            <TextLine id="tr_1_tl_2" custom="readingOrder {index:1;}">
                <Coords points="662,639 706,641 722,657 755,646 776,655 813,627 857,644 863,500 824,502 787,537 755,537 736,523 718,535 704,521 690,535 667,530"/>
                <Baseline points="677,594 703,591 729,591 756,591 782,590 809,586 835,586 862,588"/>
                <TextEquiv>
                    <Unicode>Unr</Unicode>
                </TextEquiv>
            </TextLine>
            <TextLine id="tr_1_tl_3" custom="readingOrder {index:2;}">
                <Coords points="502,678 516,681 537,671 553,678 572,674 579,683 595,676 604,681 611,674 632,676 646,579 616,574 593,583 576,576 551,546 539,551 521,544"/>
                <Baseline points="525,624 555,624 586,620 616,615 647,609"/>
                <TextEquiv>
                    <Unicode>Jo¬</Unicode>
                </TextEquiv>
            </TextLine>
            <TextLine id="tr_1_tl_4" custom="readingOrder {index:3;}">
                <Coords points="1648,676 1736,671 1776,697 1838,697 1901,655 1958,664 1998,634 2070,667 2125,651 2132,546 2072,567 2019,521 1924,551 1815,498 1688,516 1660,500"/>
                <Baseline points="1663,650 1689,653 1715,649 1741,646 1767,645 1793,644 1820,644 1846,644 1872,644 1898,644 1924,642 1950,637 1977,635 2003,633 2029,631 2055,629 2081,628 2107,626 2134,624"/>
                <TextEquiv>
                    <Unicode>Beste</Unicode>
                </TextEquiv>
            </TextLine>
            <TextLine id="tr_1_tl_5" custom="readingOrder {index:4;}">
                <Coords points="773,917 1243,889 1792,949 2002,889 2530,917 2588,905 2590,803 2053,736 1875,743 1750,820 1671,785 1306,850 1065,785 773,810"/>
                <Baseline points="785,889 875,889 965,888 1055,887 1146,889 1236,887 1326,886 1417,884 1507,886 1597,883 1688,883 1778,883 1868,880 1958,883 2049,880 2139,880 2229,877 2320,880 2410,877 2500,880 2591,874"/>
                <TextEquiv>
                    <Unicode>das dan Leben ao Kühevoll und off se hoffnunge</Unicode>
                </TextEquiv>
            </TextLine>
            <TextLine id="tr_1_tl_6" custom="readingOrder {index:5;}">
                <Coords points="815,1053 963,1081 1093,1049 1338,1104 1530,1067 1824,1090 2005,1042 2658,1063 2639,928 2378,977 1949,940 1056,949 938,995 815,965"/>
                <Baseline points="827,1042 918,1039 1010,1042 1102,1042 1194,1042 1286,1041 1377,1039 1469,1039 1561,1039 1653,1038 1745,1034 1836,1035 1928,1036 2020,1032 2112,1033 2204,1030 2295,1030 2387,1030 2479,1030 2571,1030 2663,1021"/>
                <TextEquiv>
                    <Unicode>loa mäicht, das ist nicht einmal die Exintend des</Unicode>
                </TextEquiv>
            </TextLine>
            <TextLine id="tr_1_tl_7" custom="readingOrder {index:6;}">
                <Coords points="820,1241 1313,1188 1570,1241 1926,1206 2570,1248 2540,1118 1789,1134 1588,1100 1023,1146 820,1097"/>
                <Baseline points="833,1188 920,1188 1007,1191 1094,1191 1181,1191 1268,1188 1355,1188 1443,1186 1530,1188 1617,1185 1704,1185 1791,1185 1878,1184 1965,1185 2053,1181 2140,1179 2227,1180 2314,1179 2401,1182 2488,1179 2576,1176"/>
                <TextEquiv>
                    <Unicode>Unsinne und der Zlgs in all ihren Fornen und</Unicode>
                </TextEquiv>
            </TextLine>
            <TextLine id="tr_1_tl_8" custom="readingOrder {index:7;}">
                <Coords points="803,1359 942,1424 1195,1377 1394,1438 1537,1357 1690,1417 1787,1368 1921,1403 2290,1361 2394,1421 2660,1401 2660,1255 2540,1283 2408,1227 2158,1266 1516,1220 1329,1292 1120,1303 803,1264"/>
                <Baseline points="815,1337 907,1331 1000,1330 1092,1328 1185,1325 1277,1325 1370,1334 1462,1337 1555,1337 1647,1337 1740,1336 1833,1337 1925,1334 2018,1337 2110,1331 2203,1331 2295,1331 2388,1331 2480,1331 2573,1331 2666,1328"/>
                <TextEquiv>
                    <Unicode>Anadene- e pphlimnere iat, dass wir imner mie</Unicode>
                </TextEquiv>
            </TextLine>
            <TextLine id="tr_1_tl_9" custom="readingOrder {index:8;}">
                <Coords points="1370,1556 1688,1581 1845,1519 2097,1549 2188,1505 2695,1539 2697,1405 2655,1394 2308,1428 2185,1398 2111,1435 1975,1380 1803,1442 1674,1405 1604,1442 1373,1426"/>
                <Baseline points="1385,1481 1450,1486 1516,1486 1582,1486 1648,1486 1714,1486 1780,1484 1845,1486 1911,1486 1977,1488 2043,1485 2109,1486 2175,1484 2241,1482 2306,1481 2372,1481 2438,1484 2504,1481 2570,1481 2636,1481 2702,1472"/>
                <TextEquiv>
                    <Unicode>manetmal negar geneigt sind, und</Unicode>
                </TextEquiv>
            </TextLine>
            <TextLine id="tr_1_tl_10" custom="readingOrder {index:9;}">
                <Coords points="1424,1685 1669,1644 2706,1667 2706,1558 2607,1535 1424,1563"/>
                <Baseline points="1436,1642 1499,1636 1563,1638 1627,1636 1691,1636 1754,1636 1818,1633 1882,1636 1946,1633 2009,1633 2073,1635 2137,1636 2201,1636 2264,1636 2328,1633 2392,1636 2456,1635 2519,1633 2583,1630 2647,1632 2711,1627"/>
                <TextEquiv>
                    <Unicode>auseinanderzusetzen, ais wenn ihn</Unicode>
                </TextEquiv>
            </TextLine>
            <TextLine id="tr_1_tl_11" custom="readingOrder {index:10;}">
                <Coords points="1394,1801 1743,1831 1873,1794 1970,1845 2218,1801 2384,1843 2734,1813 2713,1690 2273,1743 2202,1699 2021,1739 1394,1729"/>
                <Baseline points="1406,1794 1472,1792 1539,1790 1605,1786 1672,1787 1739,1785 1805,1786 1872,1786 1938,1788 2005,1787 2072,1785 2138,1787 2205,1788 2271,1786 2338,1788 2404,1786 2471,1785 2538,1785 2604,1782 2671,1779 2738,1779"/>
                <TextEquiv>
                    <Unicode>enn- und mit der zlge zuf paktie-</Unicode>
                </TextEquiv>
            </TextLine>
            <TextLine id="tr_1_tl_12" custom="readingOrder {index:11;}">
                <Coords points="1412,1954 1949,2005 2109,1961 2394,1998 2625,1956 2625,1866 2558,1857 2202,1887 1794,1840 1560,1898 1412,1866"/>
                <Baseline points="1424,1934 1484,1935 1544,1935 1604,1937 1665,1937 1725,1937 1785,1934 1846,1936 1906,1939 1966,1934 2027,1934 2087,1934 2147,1935 2207,1937 2268,1934 2328,1935 2388,1935 2449,1934 2509,1932 2569,1932 2630,1928"/>
                <TextEquiv>
                    <Unicode>nie guten biawbens oder gar die</Unicode>
                </TextEquiv>
            </TextLine>
            <TextLine id="tr_1_tl_13" custom="readingOrder {index:12;}">
                <Coords points="1403,2116 1454,2095 1479,2107 1491,2095 1516,2102 1539,2090 1614,2125 1660,2123 1660,2035 1574,2016 1563,2028 1514,2019 1461,2042 1403,2042"/>
                <Baseline points="1415,2093 1440,2091 1465,2090 1490,2088 1515,2088 1540,2089 1565,2089 1590,2087 1615,2087 1640,2087 1666,2093"/>
                <TextEquiv>
                    <Unicode>r wäre</Unicode>
                </TextEquiv>
            </TextLine>
            <TextLine id="tr_1_tl_14" custom="readingOrder {index:13;}">
                <Coords points="1428,2808 1556,2827 1695,2776 1905,2769 2012,2808 2287,2778 2287,2676 2151,2646 1965,2678 1651,2630 1565,2672 1428,2665"/>
                <Baseline points="1442,2770 1484,2767 1527,2764 1569,2767 1612,2767 1654,2767 1697,2767 1739,2767 1782,2765 1824,2764 1867,2764 1910,2764 1952,2764 1995,2764 2037,2763 2080,2762 2122,2765 2165,2767 2207,2764 2250,2767 2293,2770"/>
                <TextEquiv>
                    <Unicode>8s d. H. Fr. Prosso 1921.</Unicode>
                </TextEquiv>
            </TextLine>
            <TextEquiv>
                <Unicode></Unicode>
            </TextEquiv>
        </TextRegion>
    </Page>
</PcGts>
