3176 3784
947 263 1149 380 41.
1443 437 1811 631 Seite
776 648 2682 838 Politik, das ist die Freistatt,wo Verbrechen,
1543 760 1754 847 oder
771 771 2621 978 die sonst gefängnis und Tod zur unvermeid-
764 914 2625 1099 lichen Folge hätten, wo Verräterei sonst zu
750 1040 2393 1218 flammen der Empörung aufriefef, wo zügn
748 1154 2473 1351 Lügen, die sonst im allgemeinen Hohnge-
741 1301 2514 1486 lächter untergingen,nicht nur von diesen
729 1448 2597 1614 sonst natürlichen konsequenzen bewahrt zu-
714 1564 2521 1740 bleiben pflegen, sondern wo all diese ver-
722 1683 2521 1873 brechen, Verräterein und Zügen als durchaus
714 1804 2390 1992 natürliche, wenn nicht gar rühmenswerte.
691 1901 2428 2120 Raskäkigunganx Betätigungen der mensch-
688 2039 2058 2267 lichen Wat ur angesehen werden.
2079 2113 2568 2276 das Schlimm
696 2231 2511 2416 sto aber ist, dass nicht nur politische Ge-
696 2360 2542 2521 sinnungsgenossen, sondern dass die gesamte
684 2497 2528 2689 Oeffentlichkeit, ja dass selbst die politi-
679 2618 2500 2822 sche Gegenerschaft bei solchen Gelegenhei-
669 2758 2507 2941 ten eine so milde auffassung walten lässt,
665 2884 2533 3095 wie man sie Menschen gegonüber niemals auf-
655 3010 2431 3183 zubringen, imstande ist, die Schurken sind
662 3102 2191 3262 ohne politischen vorwand, auf eigene
653 3164 1526 3292 pechnung und Gefahr.
2341 3266 2538 3432 1VI
