3208 3784
664 225 1135 368 linsonterl.
638 325 839 450 r
1220 405 1569 593 Sarler e
487 566 2485 794 Diejenigen rugenden werden an lautesten geprie-
460 680 2538 916 sen, zu deren Ausübung weder Gedankenarbeit noch
439 802 2567 1045 Ehergieentfaltung, noch selbstüberwindung gehött,
476 929 2458 1159 vor allem also diese beidèn: Patriotismus und
2006 1037 2186 1133 nich
471 1072 2506 1297 Gottesfurcht. Sollte sdie vermutung/gerechtfer-
487 1212 2509 1445 tigt sein, dass sie an sich überhaupt gar keine
487 1350 2442 1559 Tugen den bedeuten, sondern nur von denjenigen
495 1445 2585 1686 Instanzen dazu gestempelt wurden, die von die ser-
503 1588 2525 1829 Auffassung den augenfälligsten Vorteil haben:
505 1749 1810 1977 vöm Staat und von der Kirche-
2331 2675 2495 2776 391
