3192 3832
1465 349 1844 507 rite
643 607 2509 818 Es gibt kaum Einwendungen gegen ein runst-
653 713 2572 927 nerk, die von einem bestimmten höheren Stand-
679 861 2511 1094 pinkt aus sich nicht rechtfertigen lässen.
682 973 2565 1206 Doch wenn man die Leute betrachtst, die sich
687 1119 2625 1315 aif einen solchen höheren Standpunkt zu stel-
682 1245 2611 1448 len wagen,möchte man oft kopfschüttelnd fra-
696 1373 2586 1582 gen,woher nehrt Ihr nur die Courage so hoch
694 1490 2647 1708 hinauf zu klettern, was habt Ihr dort oben ei-
706 1626 2460 1839 gentlich zuftun? Fürchtet Ihr nicht, dass
694 1769 2261 2009 Euch der Wind hinuntarnehen könnte?
2516 2941 2713 3103 62
