3016 3832
225 428 833 625 Künste Relet
2340 503 2568 655 Jn
1330 450 1771 683 wuld
466 736 2415 930 vanemal möchte man-beinahe glauben,bedeuien-
458 897 2346 1063 de historische Freignisie erfolgten nur zu
458 1005 2690 1160 len Zueck, den Kazensenten inrer Al:
450 1133 2424 1324 einen neuen falschen Kassteb für die Retreck-
458 1260 2324 1444 tung von runktwerken an die Hand zu geben.
1707 1338 2657 1499 Aurch eine Reihe von Bahren
455 1399 2357 1582 Nafte man die Redeutung kax jetes Herkslrit
458 1549 2279 1707 Verliebe an der grossen Zeit" genexsen-
466 1669 2360 1832 "in Schlagnort, das nun von denselben leuten
464 1782 2365 1977 värsbottet wird, die er damals, für ihre Zne-
453 1910 2338 2099 cle wiesbraucht und zu Tole gehetzt haben-
466 2049 2371 2235 sö ist nun das Schlagnori von der „vergunke
464 2163 2354 2357 nen Helt aufgöko men, für die sich in Kick-
464 2293 2399 2485 Hchkalt kein anständiger Vensch mehr zu in-
458 2421 2315 2607 tereenieren vermöge und die dahär in ihren
458 2540 2321 2746 Individuuen und ihren Prchlegen künstleri-
461 2665 2182 2876 eder Behandlung überhauft nicht swürdig
453 2865 677 2993 sei.
611 2923 2435 3121 Mar aber der Phrase von der „grosnen Zeit
464 3084 2429 3245 Inmerhin noch eine Spur von Vernunft zuzubii-
455 3218 2249 3454 Iigen, zum windesten, rann nan ata jene in
522 3359 797 3487 1030
