3208 3784
224 3169 379 3467 in
425 237 720 379 Ndilct
1448 251 2005 401 Tart in Vaderl.
314 404 1309 614 Dr. Cre: (Reges 1 Elt
1391 412 2046 627 Beg.En
554 663 2616 821 Magrenerlebnings geben keinrlei Aufschluee über das
475 843 2662 1001 Wenen der Hingelgelex. Ot jenand ab Froan oder als
546 976 2471 1132 Z4sifler, als feld oder als Feigling, als gut öder
543 1121 2539 1296 als böse geschaffen erkeren ir srbt dant, wenn er
556 1304 2635 1446 in »in durchaue pereönlichen Schickaal gerät. Und so
546 1421 2457 1596 gewien ein gottenhaus voll Betern zur lälfte aus
551 1596 2657 1748 Ungläubigen, eine Heldenochar zu Neunzehntel aus Feig-
546 1743 2583 1893 lingen bestehen kann, ebenso sicher ist en, dass eine
554 1863 2575 2005 generatio n, die nit den feurigaten Worten Uenachen-
548 2040 2545 2177 liebe predigt, mindentens ebensoviel kolte Egointen
556 2141 2561 2294 und sentimentals Bägewichter in Ehren Reihen zählt,
548 2286 1489 2487 ale irgendeins vor ihr.
726 2888 971 3082 ostoro
1263 2891 2136 3093 d. Nouon Fr. Pröooo, 1923.
