3032 3832
1255 270 1585 464 W.W
461 364 2434 645 Intoressa en der Noch, das ihr zur Bourtoitans
427 516 2418 778 vortiebt, das ist die Vorbedingung nicht nur de
430 624 2452 896 der Fruchtbaren, son dem einfach jeder anständt:
438 757 2332 1048 gen,da jeder erlaubten Fritik. Scharfsinn,
760 875 2429 1103 1is se, Mitz,- all das wird versagen, wenn
346 1038 980 1161 2. 2  42 4n A
487 1024 2479 1265 die innere antaltnahne an der Produktion des
469 1132 2439 1394 indem - und wäre diese Anteilnalme auch pote
469 1276 2575 1535 Flschof Natur - und danit die Freuds an elbener
479 1386 2392 1693 Berufe fehlt. Darum äisatraue man gründlich
579 1541 2526 1784 den gewissen Regenzenten, die in schon in der
514 1643 2562 1915 Auemblick zu saufzen baginnen, da sie die Feder
514 1792 2544 2057 ansatzen, die ihr Schicksal, oft genug Schiekgat
532 1907 2594 2162 ihner eigenen Mahl verfluchfen, das sie zu ihrer
537 2025 2599 2292 Aat bestinnt hat. Engwelchen anderen Boruf aber
540 2154 2568 2424 wäre es überhaupt möglich, dass jerand, der sich
548 2324 2505 2557 Ih 80 natver Reise salber das Recht aborkann.
561 2442 2520 2699 ta ihn ausguüben, ihn so unbedenklich, so hart
558 2583 2332 2843 näckig und so unverschänt meiter iriebe.
2185 2872 2355 3013 363
