3176 3832
600 683 2718 904 Wir sprechen von Dingen, die wir mit dem Vör-
611 864 2517 1053 stand nicht erklären können im Gegensatz zu
611 973 2514 1174 andern, die wir mit dem Verstande arklärt zu
585 1114 1248 1280 haben glauben.
614 1197 2589 1435 Das (Bilden wir uns immr dann ein, wenn wir ei-
611 1335 2629 1533 ne, Einzelerscheinung, die als solche sich kei-
629 1469 2485 1656 nesnegs ni erklären lässt, ragelmässig sich
620 1576 2925 1791 wiederholen sehen; so dass dir Anlass haben, als Mnch
634 1693 2592 1923 ein Naturgesetz zu vermuten, das von Enigkeit
631 1897 1191 2061 her besteht.
631 1972 2666 2181 Aber wir vergessen, dass auch die Naturgesetze,
640 2107 2586 2296 so weit sie sich auf unsere Erde und auf die
646 2236 2572 2448 unseren Sinnen in bescheidenem Masse zugäng-
654 2365 2626 2586 liche Welt bezichenförst allwählig entwickelt
640 2471 2683 2718 haben und dass sie in Chaos noch keine Geltung
1774 2689 2055 2815 Thmnn.
643 2704 984 2833 hatten.
2580 3246 2764 3427 527
