3128 3832
494 236 661 361 Werk
708 179 1035 322 rlce
1451 224 1952 416 Wett.M
711 406 2432 570 Es ist eine ganz leichte Sache in aller
720 553 2579 684 Aufrichtigkeit von seinen Schwächen, seinen
708 684 2434 819 lastern, selbst von seinen Verbrechen zu
718 814 2692 971 reden. Aber so von ihnen reden, als wenn diese
706 934 2665 1089 Schwächen nicht höhhst liebenswürdiger Natur,
752 1043 2653 1232 die se jaster nicht ausnehrend interessantdr
711 1200 2670 1328 At oder gar im-Grunde geheime Tugenden,-und
711 1308 2604 1468 als wenn diese Verbrechen nicht so verwegen
708 1465 2478 1588 und grossartig wären, wie sie vorher kaum
711 1601 2474 1721 noch je verübt worden sind,-das ist die
718 1738 2606 1859 Kunst und hier erst begänne die eigentliche
723 1824 2530 2011 Wahrhaftigkeit: In jutobiographien ist sie
715 2009 1483 2134 selten zu finden.
696 2237 858 2375 und
1028 2201 2321 2508 als ob oler ve Ferin
605 2309 868 2530 48.
2456 2931 2636 3066 347
