3128 3752
449 256 686 416 1x
521 401 743 566 ebl
1467 394 2064 621 Begeto
674 674 2539 848 Was das Teben ae Rühevoll und oft so hoffnunge-
709 848 2599 998 lop macht, das ist nicht sinmal die Existenz den
724 979 2484 1187 Uneinn« und der züge in all ihren fornen und
736 1116 2585 1319 Graden,- das schlimmere iat, dasa wir Inner wie
743 1302 2620 1455 der gsnätigt, ja manchnal nogar gensigt sind, unn
748 1428 2625 1608 mit dem Unsinn auseinanderzusetzen, als wenn ihm
755 1567 2673 1763 ein sinn zu sigen - und mit der Akge auf pakti--
807 1741 2563 1930 ren, als. wenn die guten Glnubens oder gar die
755 1925 1622 2097 Wahrheit selber wäre.
762 2551 2250 2747 Weihnachtebe ilage d. N. Fr. Presse 1924.
