3208 3784
1458 384 1963 569 Parter et
796 566 2675 707 Wie es zu den Nängeln unseres strafgesetzes
805 702 2607 856 gehört, dass es Trunkanheit als mildernden
1736 800 1989 882 ebenso
796 847 2656 999 Umstand gelten lässt,unxa ungerechtfertigt
796 941 2623 1121 erscheint es, dass die parteimässig begrün-
768 1100 2651 1261 dete Bewusstseinstrübüge, die euphemistisch
796 1226 2647 1395 politische Heberzeugung genannt zu werden
796 1362 2611 1505 pflegt, als Milderung oder gar aus Straf-
791 1446 2466 1650 ausschliessungsgrund hingenomren wird.
800 1570 2616 1790 Im vertrauen auf diese Auffassung trinken
796 1722 2492 1898 sich so manche Individuen einen politi-
800 1844 2429 2033 schen Rausch an, um möglichst xxraflex
798 2001 2635 2155 ungefährdet ihre verbrecherischen Instink-
784 2127 2604 2296 te walten lassen zu dürfen, wenn sie nicht
789 2279 2391 2448 gar ihre Trankenheit nur simulieren.
