3144 3816
269 444 412 631 3
417 467 660 660 Rivel
1296 457 1658 723 trüte
459 684 2537 900 Das ist die Vergeltungydie der Genius der Kunst
1494 784 2445 895 demchopfeis scauiu
473 834 2394 1001 am Dileitanten übt. Abna g zu schalten ver
473 948 2389 1143 sucht, gerät er unterrdan sigeatliche Nigeau
480 1053 2587 1262 Richt zur seines Verstandes, sondern auch seines
478 1196 2511 1412 Charakterg,so dass ung das Produkt eines sonst
486 1320 2608 1507 leidlich ge scheiten Menschen, dem nur eben das Ta-
483 1447 2495 1668 lent versagt ist, wie das Lallen eines Schwach-
486 1576 2474 1774 sinnigen, und er selbst, im Leben vielleichtein
499 1700 2603 1903 ganz anständiger Mensch, durch das Medium seijes
486 1843 2569 2078 misslungenen Merkes als ein höchst fragwürdiges
486 2012 1294 2223 subjokt erecheint,
1053 2856 2167 3020 Kunst und Volk,Wien 1923.
1133 2888 2466 3179 der zweilen Cätzer i echlat.
639 3025 1093 3266 Dar "ed
660 3107 1700 3371 Außeden kürzen.
