3192 3832
398 366 951 554 M. 1.I.N.
1524 468 1903 653 bult
331 527 900 699 Kunti kütet
696 640 2709 879 Wenn den Fritiker ein Werk zur Beurteilung vorliegt
653 809 2814 1021 «tehen ihn zwei Methoden zur Wahl. Entweder nag ersich-
1475 959 2653 1113 schränken und von den übrigen
2198 1054 2679 1161 n  i
2765 1088 2964 1169 i . 4
669 1113 2730 1293 des Autors abrehen;- oder er bezieht in sein Urteil
683 1268 2647 1454 dia Aesamntergcheinung des Autore ein. Meist aber
675 1395 2615 1602 übt er eine dritte Methode, die ihm in jedem Falle
675 1553 2669 1766 verwehrt sein sollts,-inden er neben dem Wörke, das
680 1658 2765 1884 ihm zur, Beürteilung unterbreitet int,einzelne ander-
688 1862 2674 2034 nach Wahl oder Laune in den Kreie seiner Betrach-
707 2026 2607 2193 tungen aufnimnt, die Existenz der übrigen, die ihm
699 2150 2612 2341 für seinen Zweck und seine Wirkung im Augenblick
782 2314 2548 2481 ben nicht genehm sind, willkürlich ausger Acht
712 2413 2634 2650 läget und aich solchernasgen erlaubtden Dichter
728 2583 2666 2816 aus eigener Machtvollkennenheit-zu fragnentieren.
860 3104 1322 3311 Neue Deur
1239 3123 2231 3276 sche Rundschau,Juni 1923.
524 3359 704 3558 199
