<?xml version="1.0" encoding="UTF-8" standalone="yes"?>
<PcGts xmlns="http://schema.primaresearch.org/PAGE/gts/pagecontent/2013-07-15" xmlns:xsi="http://www.w3.org/2001/XMLSchema-instance" xsi:schemaLocation="http://schema.primaresearch.org/PAGE/gts/pagecontent/2013-07-15 http://schema.primaresearch.org/PAGE/gts/pagecontent/2013-07-15/pagecontent.xsd">
    <Metadata>
        <Creator>prov=READ-COOP:name=PyLaia@TranskribusPlatform:version=2.7.0:model_id=50870:lm=none:date=22_01_2024_21:45</Creator>
        <Created>2023-09-27T14:41:50.634+02:00</Created>
        <LastChange>2024-01-22T21:45:56.471+01:00</LastChange>
        <TranskribusMetadata docId="1589067" pageId="60127238" pageNr="123" tsid="145643441" status="IN_PROGRESS" userId="40391" imgUrl="https://files.transkribus.eu/Get?id=GFNJLSETZETFKHZNBOPEZOTQ&amp;fileType=view" xmlUrl="https://files.transkribus.eu/Get?id=OBZXOABXZNSLLDDHRRSNDHHG" imageId="48552315"/>
    </Metadata>
    <Page imageFilename="1589067_0123.jpg" imageWidth="3128" imageHeight="3800">
        <ReadingOrder>
            <OrderedGroup id="ro_1711787825987" caption="Regions reading order">
                <RegionRefIndexed index="0" regionRef="tr_1"/>
            </OrderedGroup>
        </ReadingOrder>
        <TextRegion orientation="0.0" id="tr_1" custom="readingOrder {index:0;}">
            <Coords points="510,331 510,2907 2895,2907 2895,331"/>
            <TextLine id="tr_1_tl_1" custom="readingOrder {index:0;}">
                <Coords points="1619,451 1644,445 1685,487 1722,481 1736,495 1797,490 1847,467 1877,481 1927,467 1930,292 1908,286 1894,300 1872,286 1830,312 1786,300 1733,317 1710,295 1624,273"/>
                <Baseline points="1635,405 1662,405 1689,405 1716,405 1743,407 1770,408 1798,408 1825,405 1852,402 1879,400 1906,399 1934,397"/>
                <TextEquiv>
                    <Unicode>Wüt</Unicode>
                </TextEquiv>
            </TextLine>
            <TextLine id="tr_1_tl_2" custom="readingOrder {index:1;}">
                <Coords points="492,476 540,484 651,434 698,453 912,428 985,470 1135,431 1138,325 1085,342 1037,306 923,289 787,334 748,309 631,328 553,278 501,281"/>
                <Baseline points="510,429 541,429 573,428 604,426 636,426 668,426 699,426 731,424 763,421 794,419 826,417 858,417 889,416 921,414 953,414 984,414 1016,414 1048,414 1079,412 1111,409 1143,405"/>
                <TextEquiv>
                    <Unicode>kunstikull</Unicode>
                </TextEquiv>
            </TextLine>
            <TextLine id="tr_1_tl_3" custom="readingOrder {index:2;}">
                <Coords points="737,665 1199,617 1405,662 1875,631 2044,687 2642,631 2756,665 2753,531 2550,567 2448,523 2222,578 1941,523 1822,567 1638,570 1577,526 1402,567 1285,515 1079,578 893,503 734,553"/>
                <Baseline points="752,611 852,614 953,614 1053,613 1154,617 1255,614 1355,617 1456,620 1556,617 1657,618 1758,620 1858,623 1959,620 2059,624 2160,625 2261,626 2361,626 2462,623 2562,627 2663,623 2764,620"/>
                <TextEquiv>
                    <Unicode>Nicht jeder Künotler von benie Le vehrtit ieh ver</Unicode>
                </TextEquiv>
            </TextLine>
            <TextLine id="tr_1_tl_4" custom="readingOrder {index:3;}">
                <Coords points="756,829 1246,829 1407,787 1608,834 1863,790 2111,840 2178,793 2422,846 2695,837 2695,723 2623,706 2500,745 2372,693 2050,723 1502,681 1349,726 1207,687 1021,723 834,670 756,706"/>
                <Baseline points="773,758 869,764 965,765 1062,771 1158,769 1255,772 1351,773 1447,773 1544,776 1640,776 1737,775 1833,775 1929,778 2026,776 2122,773 2219,776 2315,777 2411,778 2508,776 2604,779 2701,773"/>
                <TextEquiv>
                    <Unicode>kurzen Hege Phintg ine Stamntuet- hiat Hunor, ader</Unicode>
                </TextEquiv>
            </TextLine>
            <TextLine id="tr_1_tl_5" custom="readingOrder {index:4;}">
                <Coords points="754,946 907,985 1087,937 1196,976 1727,937 1836,990 2167,929 2431,985 2509,943 2717,968 2714,862 2486,823 1329,879 1121,812 751,832"/>
                <Baseline points="770,916 867,916 965,913 1063,915 1161,918 1258,919 1356,919 1454,919 1552,920 1649,922 1747,921 1845,925 1943,924 2040,922 2138,928 2236,928 2334,928 2431,928 2529,928 2627,928 2725,919"/>
                <TextEquiv>
                    <Unicode>jeder Künetler von Huner (nicht jeder spasnmacher)</Unicode>
                </TextEquiv>
            </TextLine>
            <TextLine id="tr_1_tl_6" custom="readingOrder {index:5;}">
                <Coords points="751,1090 954,1143 1382,1079 2030,1124 2253,1087 2448,1146 2795,1096 2792,1004 2639,1029 2456,968 2264,1018 2186,982 2039,1024 1969,982 1780,1032 985,968 748,990"/>
                <Baseline points="767,1062 868,1062 970,1064 1072,1065 1174,1065 1275,1068 1377,1066 1479,1068 1581,1069 1682,1070 1784,1069 1886,1071 1988,1071 2089,1073 2191,1074 2293,1077 2395,1074 2496,1079 2598,1080 2700,1080 2802,1083"/>
                <TextEquiv>
                    <Unicode>hat Genie. Huner ist der weitere und höhere Begriff.</Unicode>
                </TextEquiv>
            </TextLine>
            <TextLine id="tr_1_tl_7" custom="readingOrder {index:6;}">
                <Coords points="743,1232 1290,1265 1352,1227 1652,1224 1805,1268 2172,1246 2275,1288 2573,1240 2842,1277 2812,1151 2514,1182 2297,1151 2253,1185 1997,1126 1282,1182 1060,1121 743,1151"/>
                <Baseline points="758,1208 862,1211 967,1214 1071,1214 1176,1215 1281,1218 1385,1220 1490,1220 1594,1218 1699,1217 1804,1219 1908,1222 2013,1220 2117,1224 2222,1226 2327,1229 2431,1226 2536,1228 2640,1229 2745,1230 2850,1229"/>
                <TextEquiv>
                    <Unicode>Er ist das eigentliche Genie die Herzens, da güte wohl</Unicode>
                </TextEquiv>
            </TextLine>
            <TextLine id="tr_1_tl_8" custom="readingOrder {index:7;}">
                <Coords points="748,1463 1118,1432 1168,1471 1446,1382 1649,1421 1947,1421 2019,1382 2136,1477 2300,1407 2536,1388 2887,1430 2884,1354 2581,1293 2306,1327 2125,1274 1994,1324 1513,1327 993,1279 745,1318"/>
                <Baseline points="761,1358 867,1360 974,1361 1081,1364 1187,1364 1294,1370 1401,1368 1507,1370 1614,1367 1721,1372 1828,1373 1934,1371 2041,1372 2148,1370 2254,1373 2361,1377 2468,1379 2574,1379 2681,1382 2788,1385 2895,1385"/>
                <TextEquiv>
                    <Unicode>ohne Huner, aber Hunor niemals ohne büte bestehen kann.</Unicode>
                </TextEquiv>
            </TextLine>
            <TextLine id="tr_1_tl_9" custom="readingOrder {index:8;}">
                <Coords points="1694,1685 1741,1691 1777,1663 1813,1677 1844,1669 1894,1680 1891,1583 1858,1583 1830,1599 1774,1588 1741,1613 1719,1591 1691,1596"/>
                <Baseline points="1707,1653 1734,1651 1761,1653 1788,1655 1816,1656 1843,1656 1870,1654 1898,1652"/>
                <TextEquiv>
                    <Unicode></Unicode>
                </TextEquiv>
            </TextLine>
            <TextLine id="tr_1_tl_10" custom="readingOrder {index:9;}">
                <Coords points="726,2567 1502,2548 1544,2573 1616,2545 1616,2464 1491,2484 1229,2442 1149,2484 1043,2464 1007,2489 876,2431 726,2434"/>
                <Baseline points="740,2549 784,2547 828,2549 872,2548 916,2547 960,2548 1004,2546 1049,2550 1093,2552 1137,2552 1181,2549 1225,2549 1269,2549 1313,2549 1358,2546 1402,2546 1446,2546 1490,2546 1534,2543 1578,2543 1623,2543"/>
                <TextEquiv>
                    <Unicode>Thomas Mann,60. Geburi</Unicode>
                </TextEquiv>
            </TextLine>
            <TextLine id="tr_1_tl_11" custom="readingOrder {index:10;}">
                <Coords points="656,2667 868,2623 1182,2678 1332,2628 1555,2689 1705,2628 2225,2676 2626,2606 2851,2637 2887,2617 2890,2481 2745,2464 2578,2553 2511,2523 2167,2581 1716,2484 1541,2570 765,2573 656,2539"/>
                <Baseline points="671,2614 782,2614 893,2611 1004,2613 1115,2613 1227,2614 1338,2616 1449,2614 1560,2614 1671,2613 1783,2623 1894,2623 2005,2629 2116,2626 2227,2620 2339,2611 2450,2608 2561,2601 2672,2591 2783,2579 2895,2576"/>
                <TextEquiv>
                    <Unicode>nouo proto Prosso dunt 2525. R li. 60 sel. n T. 1.</Unicode>
                </TextEquiv>
            </TextLine>
            <TextLine id="tr_1_tl_12" custom="readingOrder {index:11;}">
                <Coords points="2484,2714 2500,2717 2520,2698 2548,2720 2600,2706 2626,2714 2656,2701 2684,2712 2726,2695 2734,2606 2698,2606 2676,2628 2651,2628 2626,2648 2617,2639 2584,2648 2573,2637 2525,2648 2509,2628 2489,2623"/>
                <Baseline points="2498,2698 2524,2692 2550,2692 2576,2692 2602,2692 2629,2692 2655,2689 2681,2682 2707,2680 2734,2680"/>
                <TextEquiv>
                    <Unicode>zum 2</Unicode>
                </TextEquiv>
            </TextLine>
            <TextLine id="tr_1_tl_13" custom="readingOrder {index:12;}">
                <Coords points="659,2851 846,2767 937,2812 1021,2781 1160,2817 1221,2767 1430,2829 1494,2806 1494,2667 1332,2626 1235,2676 1099,2656 1032,2695 857,2662 659,2676"/>
                <Baseline points="674,2742 715,2743 756,2745 798,2748 839,2747 880,2746 922,2747 963,2747 1004,2743 1046,2744 1087,2746 1128,2749 1170,2746 1211,2746 1252,2749 1294,2747 1335,2746 1376,2746 1418,2746 1459,2749 1501,2749"/>
                <TextEquiv>
                    <Unicode>Berliner Tageblatt.</Unicode>
                </TextEquiv>
            </TextLine>
            <TextLine id="tr_1_tl_14" custom="readingOrder {index:13;}">
                <Coords points="2164,2929 2233,2920 2258,2943 2295,2934 2333,2954 2503,2926 2539,2948 2564,2937 2562,2781 2509,2773 2442,2801 2378,2804 2308,2790 2200,2723 2161,2734"/>
                <Baseline points="2179,2856 2205,2861 2231,2866 2257,2870 2283,2871 2309,2871 2335,2872 2361,2874 2387,2874 2413,2874 2439,2874 2465,2873 2491,2871 2517,2871 2543,2870 2570,2868"/>
                <TextEquiv>
                    <Unicode>Bel. zol</Unicode>
                </TextEquiv>
            </TextLine>
            <TextEquiv>
                <Unicode></Unicode>
            </TextEquiv>
        </TextRegion>
    </Page>
</PcGts>
