3192 3784
668 237 1168 405 Cnsorad?
1242 471 1626 634 Tert. et.
432 671 2513 837 Es hat noch niemals eine Idee gegeben, weder ei-
442 795 2455 963 ne philosophische noch eine religiöse, die tet-
482 905 2405 1087 sächlich eine allgemeine, seelische Amwälzung
432 1052 2497 1234 hervorgerufen hätte. Imper, auch im Gefolge der
426 1174 2418 1358 bedeutendstenldee sind nur politische, techni-
421 1308 2489 1481 sche und ökononische Veränderungen erfolgt.Denn
1374 1413 1745 1497 geschehen
418 1429 2373 1597 seelische Umwälzungen Axxakxn immer nur beim
421 1550 2400 1734 EinzElnen, unter gewissen Umständen innerhalb
395 1668 2505 1850 kleiner Gruppen, nierals bei ganzen Völkern oder
408 1808 2373 1994 gar bei der Menschheit. Auch des Christentun,
387 1950 2468 2126 was man auch sage,hat sich seit seinem Bestände.
395 2084 2476 2229 seelisch imner nur für den Einzelnenz-für-die-
374 2213 2487 2368 Gesertheit hat es sich ausschliesslich pattisch
1618 2323 2016 2405 nunei c
389 2334 2481 2497 ausgewirkt, und latder liegt(es in Wasen der Polt
387 2465 2439 2634 tik alle übrigen saelischen Elements zu trüben;
374 2629 1837 2779 mit denen sie in Berührung kommt.
1931 3050 2079 3197 509
