3192 3832
1590 263 1905 454 so übe
427 306 1005 505 Kunst. Reilt
1676 465 2305 618 das ich gedruckt
704 486 1249 637 de chem urte11
1303 486 1488 596 gegen
1746 596 2404 747 am denke:„Wie klu-
744 602 1606 811 s mir so, dass ich vor
698 747 2393 919 treffand, wie gerachtl Jeden Wort möcht ich
701 900 2673 1083 schreiben“.- Und doch häbe ich keine rechte Freude
706 1040 2786 1179 dran; denn gleich drängt es nich den Kritiker zu fra-
698 1211 2563 1354 gen: Hand aufe Herz, mein Freund, hät test du dies
704 1346 2810 1510 auch (esh rieben, wenn du für den Autor, desse, Werk du
701 1472 2807 1684 beurte ilet, nicht desondere pereönliche Sympathie an-
698 1649 2619 1837 pfändest? Oder, wenn dir das Loh, das du gespendet
693 1786 2638 1964 hast, nicht irgendwelchen moraliochen oder (wär se
704 1934 2716 2149 auch auf einem Unregleengtigen Gewinn brächte? Oder
701 2101 2692 2265 wenn du diesmal nicht besondere Gelegenheit gehabt
704 2243 2813 2415 hättent, dein ag eigener Licht leuchten zu läner Ja
704 2383 2807 2547 frags ich am Ende - hättent du, wenn dan Werk zufällig
709 2536 2772 2694 von einem Andern wäre, überhaupt bemerkt, dann es dein
701 2681 2646 2858 Vob verdient? Und, wenn du ee bemerkt hättest, wäre
725 2823 2885 2963 e dir der Mühe wert gewogen,de aufzuzeichnen oder gar-
717 2968 1708 3135 in die zeitung zu setzen?
725 3116 2085 3258 Neue peutsche pundechau, Juni 1923.
895 3229 1531 3390 Ie eigener Tacte.
489 3175 653 3301 146
