3064 3752
1083 204 1982 405 Werku Wiederet
128 233 742 440 Vertratun wdrtet
278 346 489 535 wi
1516 361 1928 526 wild
634 513 2486 685 Wann ein Stoff in der Seele eines Dichters
636 644 2500 850 zu reifen beginnt, so ist dieser Prozess der
624 793 2444 968 Aufgueitung einer zelle vorgleichbar, deres
634 933 2427 1095 Hände sich allwählich verdünnen, tords wer-
624 1051 2586 1216 den und sozusagen tausend, hunderttausend Här
1673 1157 1859 1231 eine
621 1181 2471 1329 ler bekommen. Alles wan dieser sdchermassen
612 1282 2518 1454 veränderten Zelle in die Nähe gerät,kann, ja
621 1420 2387 1567 muss ihr Nahrung werden. Ingemässen ver-
609 1540 2414 1710 schliesst sie sich oder scheidet es silie
607 1692 2496 1862 aus, dagegen schlingt sie in sich ein, verar-
607 1818 2582 1975 beitet, eleicht ihrem eigenen Wesen an, was ihr
604 1945 2496 2127 förderl ich sein könnte. Ebenso, wie nun eine
609 2090 2503 2235 solche zelle alles in sich aufninmt, was ihr
612 2218 2294 2390 Zur xxEx Nahrung, zur Entwicklung, zur
609 2316 2503 2503 Vollendung dienlich ist, so nimmt auch jener
607 2449 2562 2653 stoft alles in sich auf, mas aus des Richters
617 2594 2432 2776 Erlebnissen, Erfahrungen, gefühlen ihm nutz-
597 2726 2407 2908 dar sein mag, verschräht das Unverwertbare
594 2832 2540 3009 u stoest es augk und dehnt sich allnählich
597 2965 2564 3164 iuner stärker) so wolt, dass er endlich den ge
592 3105 2550 3296 ren Inhalt der Richtersenle zu bilden, ja dan
1299 3213 1520 3304 oulti
884 3215 1076 3304 iehte
914 3259 2557 3453 enee drekrung in den stoff ungewandelt
617 3257 931 3481 böbeint
