3128 3848
517 154 927 313 Ihr künrt.
1231 328 1691 522 W. u. W.
676 537 2573 761 Im Wesen des Genies liegt es, dass es alle
761 666 2760 922 möglichen inneren und äusseren Kieglichkeiten
743 791 2618 1017 die von dem Talent als Hemmnisse empfunden
1765 960 2494 1067 mantuil geklurgte
741 898 2603 1141 werdenan denen es zuweilen aegar zugrunde
736 1057 2725 1278 geht,zu fördernden Flementen umzubilden, jar
731 1171 2623 1427 Ihnen den letzten Antrieb zur Vollendung zu
721 1318 1609 1489 empfangen versteht.
1231 2486 2121 2648 Kunst und Volk,1923.
