3160 3816
528 363 784 486 1. Ad
1362 491 1842 724 Atr u t
370 571 566 690 An
501 603 852 794 do
726 704 2616 898 das Sinnvolle hat nur gedeutung, ja Paxeins-
733 840 2677 1038 möglichke it, durch die Annahmg des Sinnlosen.
733 958 2674 1164 Versuchen wir uns vorzustelen,dass es weder
726 1113 2507 1309 Sinn noch One inn auf der Welt gäbe, so er-
724 1222 2633 1437 schiene sie uns immer noch eher sinnlos als
733 1360 2539 1556 sinnvoll. Des Ag Negative ist unserem Be-
733 1510 2505 1692 griffevermögen gemässer als das Positive
724 1629 2546 1800 Ebanso gewinnt Leben erst Bedeutung durch
733 1752 2490 1951 den Tod. und ee ist der Folsch Raturt
733 1871 2539 2072 lebet ats coponiter en tetraction, Eines
738 1992 2662 2209 ohne das andere ist überhaupt nichts und des
721 2125 2626 2318 enigerrod näne ein ebenso unsinniger Coden-
731 2265 2587 2454 ko als des ewiger Leben. Das oft gebrauchte
738 2389 2558 2575 Wort von den Schauern der Vernichtung ist
726 2505 2638 2708 sentimental und hat mit höherer Mahrheit zi
741 2689 1442 2865 nichts zu tun.-
2522 3303 2708 3461 232
