3160 3784
576 363 801 513 1. Ad
646 711 2596 939 so lange eine Illusten nicht als Fauschunge
638 894 2501 1069 kannt wird ist s1e einer Raalität durchaus
638 1022 2581 1202 gleichwertig, Wie alle Erscheinungen, die wir
633 1144 2589 1309 mit ungeren alinan fassen, selbst menn sie in
646 1272 2654 1455 physikalschen oder philosophischen sinn Illu-
636 1400 2494 1572 sionen beteuten sollen. Falls wir nin aber
616 1530 2569 1670 die Iilusion als solche erkannt haben, gk ist
2046 1655 2654 1743 iocit also ntor
616 1670 2484 1850 sie abch keine Illusion mehr,- Seken der Be-
1635 1805 1805 1860 e ie
613 1808 2346 1973 griff der Illusion aleeiet Illusion.-
