3224 3800
1449 258 2025 394 .. Velet.
462 287 814 467 Sd. Sel
1389 386 1545 598 Ser
1569 420 2145 624 Ac Vale
718 632 2592 846 Jase n -mögen zwinchen ihnen auch Gege nätze
694 788 2581 1031 walten; die unseren irdiechen Auge unausgleiclber
699 906 2618 1169 sceinen - wie werden an Ende doch vereöhnt durch
679 1075 2644 1328 dis Unendliclikeit schweben. 4sberzeugun-
705 1237 2795 1490 e n- eis dürffen noch so scharf ansinander geraten,-
676 1368 2633 1597 es wind doch imner Kürerhändel, die rilterliel zwi-
658 1561 2691 1741 schen ihnen ausgetrugen werden können.P arti-.
639 1689 2740 1903 en aber - und hätte sich selbet sins oder d- andere
639 1827 2511 2057 ein vernünftige: wiel gesotst - stehen einander.
624 1989 796 2091 auch
874 2012 2673 2200 enn oie nich gegengeitig nur Worté ina Gsnicht
621 2125 2602 2367 schloudern, laner, mit gebalttsr Faust in der Tasche,
606 2268 1558 2435 als Paufhalds gegenüber.
1433 2537 1712 2738 inen
921 2884 2409 3122 Weihnachtsbeilage d.N. Fr. Ergese 1924.
