4088 5480
1579 397 1816 525 11 -
668 557 2873 811 Prince: Charming of you to miss me, I'm sure.
682 793 1124 946 (Silence)
678 891 3329 1044 Countess: Why, are you silent today? Tell me something.
671 981 2682 1162 Anything new in the world?
696 1085 3207 1277 Prince (As if he had to think first what to tell her)
696 1245 1743 1392 Our son was graduated.
696 1343 3228 1503 Countess (ordving nearly xxx imperceptibly.) I hope
710 1472 2174 1604 you know more interesting news.
717 1593 1962 1802 Prince: More interesting-
727 1729 2995 1899 Countess: At least news concerning me personall
720 1785 3225 1972 nearer than the career of a young man,not know to me.
720 1927 3388 2108 Prince: Anyway- I think it my duty, to keep you informed
737 2025 3371 2206 of the more important épochs in this young man's career.
737 2101 3232 2265 After his confirmation too, Iflutured to notify you.
731 2188 3280 2348 But now there's no need our talking about it any more.
744 2393 1183 2567 (Silence)
755 2494 3027 2672 Countess: Did he pass his examination, at least?
744 2647 2139 2818 Prince: With highest honours.
744 2814 2522 2974 Countess: The race seems to improve.
744 2992 2150 3124 Prince: Let us both hope so.
762 3075 3420 3260 Countess: And now probably the solemn moment is coming.
772 3319 1837 3454 Prince: What moment?
772 3385 3458 3594 Countess: Don’t you remember? After his graduation you
564 3503 2960 3733 roing to tell him that you are his father?
783 3681 2306 3851 Prince: I have told him already.
793 3816 2421 3983 Countess: You've-told him already-
793 3983 1385 4161 Prince: Yes.
790 4091 3409 4282 Countess (After a cause without looking at him) And his
797 4244 1545 4383 Somother-is dead.
818 4303 1833 4536 Prince: Dead-for now.
793 4435 2153 4682 Countess: Forever. (Rising)
811 4693 1795 4835 Prince; As you say.
828 4776 2042 4975 (Count and Servant come)
821 4902 3614 5211 Servant: But your Lordship said yourself, Joseph might have
818 5100 1315 5253 ailleday.
