3656 5160
1366 307 1622 507 21 -
656 535 1038 759 it now?
697 825 2843 1035 It’s fifteen years ago, my dear Tugendvetter.
273 821 445 1028 RNH:
711 1087 3295 1228 Fifteen years! A nice time! By heaven, it will be a
262 1083 486 1232 GEND:
697 1214 3246 1387 wrench. Listen Bernhardi, would n’t it be possible for
711 1335 3053 1587 me, just at first, to start over there and put in
704 1542 1501 1666 attendancesDen
697 1718 3298 1932 Ont of the question. The day you take up your position
231 1749 442 1935 GRNH:
697 1918 3250 2070 over there, I shall, of course, promote your assistant
697 2077 1401 2222 provisionally.
176 2270 400 2460 2o. 6
704 2280 3253 2425 Then I must beg you to arrange for the discussion of a
697 2453 3115 2625 new permanent appointment within the next few days.
166 2677 455 2826 BERNH:
697 2684 3443 2853 Why, if I may ask? That would almost seem as if we wanted
714 2839 3315 2977 to prevent wenger poving his worth during a few months
704 2984 1142 3146 interim.
176 3219 390 3391 BEN :
697 3233 3278 3426 I doubt whether the Elizabeth Institute was founded as
690 3384 2077 3595 a school for young lecturers.
135 3578 421 3774 BERNH:
690 3567 3464 3767 You can leave all the datails safety in my hands, Professor
687 3774 3257 3926 Ebenwald. I think you will admit that so far, nothing
690 3909 3240 4092 has been unnecessarily wattponed in our Instituce and,
697 4092 3129 4247 on the other hand, nothing has been undertaken with
690 4223 1760 4430 careless Necipitancy.
117 4426 390 4637 DEBEN:
673 4364 3278 4695 I beg to refuse as unfounded the insinuation that I am
