4344 5480
3714 309 3911 474 20.
1469 353 2220 606 WEIHGAST
839 566 1666 815 Oh no, no indeed.
1767 711 2429 891 HALMSCHLAEGER
843 851 3754 1048 And now Mr. Rademacher, goodtye for a few moments. (Threatens
839 1000 3883 1245 him amiably as ifomening him not to get excited, then speaks to
855 1200 2321 1429 nurse and goes out with her C.)
1839 1341 2264 1550 WEIHGAST
871 1369 4051 1662 (Has given hat, overcoat, etc. to nurse. Sits down near Rademacher,
847 1646 3931 1807 speaks warmly, almost with Sincerity.) And now my dear Rademacher
859 1743 3931 1935 what an idea! To let them bring you here to the public hospital!
1835 1935 2357 2112 RADEMACHER
867 1987 3224 2277 I’inquite content, they take good care of me here.
1895 2264 2317 2409 WEIHGAST
871 2317 3822 2570 Yes, yes of course, you're in good hands. Dr. Halmschlaeger is
871 2546 3903 2738 a very capable physical and what is more he is a good man. But
879 2714 3421 2891 still--you will pardon me--why didn't you send for me?
1987 2871 2513 3031 RADEMACHER
883 2927 1855 3256 How could I think--
2020 3172 2405 3373 WEIHGAST
887 3208 3802 3493 Even if you haven't thought of your old friend for many years--
891 3449 3947 3686 you must surely know that I would be very ready--under such cir-
899 3666 1530 3838 cumstances –...
2007 3770 2513 3991 RADEMACHER
879 3947 2285 4188 Don't let us talk of that.—
2020 4091 2441 4284 WEIHGAST
899 4272 3939 4441 As you wish. But it was well meant. And it's not too late yet.
895 4356 4119 4545 Dr. Halmschlaeger tells me that it is only a question of time and
895 4529 3951 4758 good nursing—you will be out of the hospital in a few weeks and
903 4665 3758 4946 then we will arrange for a few months rest in the country – –
1887 4878 2421 5027 RADEMACHER
891 4995 2710 5240 There's no use talking about that now.
