4264 5624
1704 385 1911 571 -21-
964 455 3768 711 Prince: But you are blooming quite openly now, I must say.
968 658 3909 869 Lolo: Let him alone, Excellency. I love it when young people
616 790 1572 997 are a little likely.
964 922 3764 1084 Philip: And so you are retire to private life, Miss Lolo?
641 1026 3814 1175 Toa bad. Just when I could have had the pleasure of admiring you on
649 1146 2531 1274 the stage, which represents the world...
2337 1228 3921 1365 I'm sure, but unfortunately one
955 1241 2296 1386 Lolo: Versy charming of you,
633 1344 3863 1518 has no time to wait for growing youth. And for the more nature I am
649 1468 1402 1584 already too old.
964 1539 3768 1770 Prince: I hear that you will be married very shortly, Miss
633 1621 902 1816 Lolo.
968 1791 3764 1973 Lolo: Yes, I am entering into the holy state of matrimony.
984 1961 3768 2118 Philip: And who is the lucky one, Miss Lolo, if I may ask?
976 2097 3673 2258 Lolo: Who? He's outside, sitting on the coachman's box.
993 2254 2457 2469 Countess: What? The coachman?
993 2349 3983 2560 Lolo: But Countess...Coachman! It's just as if your dear fath-
662 2502 3963 2639 er —I beg your pardon—were to drive his bays himself. My fiance is
670 2577 3876 2718 the proprietor of a lrevery-stable, owns property and is a citizen of
1038 2664 3979 2788 who only amounts the box when it pleases him, or when he has a
682 2722 1013 2821 Vienna,
2217 2742 3987 2862 Just now hevaives for a certain Baro
687 2771 2155 2891 particular 14king for Jomebody.
674 2821 4004 2970 Radeiner. He was to have driven him out to your father's place, Count¬
951 2928 1994 3073 Where is he, I wonder?
670 2957 873 3077 ess.
993 3015 3206 3222 Philip: May I present myself: Baron Radeiner.
989 3218 2101 3404 Lolo: You, Excellency?
993 3334 4025 3520 Philip: Ever since I've been in Vienna, I ride only with Wasner.
993 3508 3710 3656 Lolo: But under an assumed name. Now we are finding out
658 3636 2060 3805 interesting things about you.
1005 3702 4033 3942 Count: (Enters, flushed.) How do you do? (Takes in the situation)
678 3834 856 4049 Ah!
2676 3921 3896 4124 I have been so bold.I w
1005 3967 2639 4124 Lolo: So happy to see you, Count.
682 4099 2842 4231 wanted to thank ou for the beautiful bouquet.
1022 4182 3185 4430 Count: Please, please—a pleasure, I'm sure.
1005 4368 3516 4554 Prince: Dear old friend, here he is—my son Philip.
1005 4525 2722 4753 Philip: It is a great honor, Count.
1009 4691 3913 4852 Count: (shakes hands) Welcome to my home. always consider it
682 4794 3375 4947 as yours. It seems that introductions are not necessary.
1009 4935 1981 5125 Countess: No, Papa.
1013 5100 3991 5261 Count: (not without embarrassment) It is faireing of you, Miss.
