4232 5192
1987 317 2239 526 -37.
683 562 1000 771 BERNH:
1236 569 2533 798 I accept the no-ponsibly
673 814 1023 984 PRIEST:
1226 824 3681 984 It remains to be seen, Professor, whether that will
1229 987 3148 1193 lie in your hands. Good day, gentlemen.
1863 1138 2203 1343 (Exit)
1422 1343 3828 1585 (The others remain moved, and in some embarassment)
664 1618 981 1781 BERNH:
1229 1644 3475 1801 Tomorrow then, dear Dr. Adler, the post mortem.
686 1834 1062 1997 CYPRIAN:
1223 1847 3609 2014 (To BERNHARDI inaudible to the others) It was not
1229 1997 1553 2187 right.
667 2197 981 2380 BERNH:
1213 2229 2121 2393 How so, not right?
677 2465 928 2625 CYPR:
1206 2442 3795 2664 And besides, it will remain aniden instance. You
1223 2602 2465 2795 can’t alter the principle.
664 2805 958 2994 BERNH:
1216 2837 2478 2988 That was not my intention.
654 3086 964 3230 ALER:
1206 3043 3641 3265 I should consider it dishonest on my part, if I did
1206 3230 3586 3380 not speak out opening at this moment and inform you
1216 3403 3589 3602 that I am unable to side with you normally in this
1200 3556 1572 3723 matter.
628 3730 954 3929 BERNH:
1200 3736 3779 3939 And it would be dishonest on my part, Doctor, if I did
1187 3926 3815 4096 not assure you that I might have known that beforehand.
1347 4158 2537 4396 ( Extt. QYPRIAN andäDLER)
1334 4325 2354 4504 (OSKAR bites his lip)
624 4436 919 4759 BERNH:
1131 4606 3429 4749 Well, my son. It won’t hurt your career, I hope.
