4088 6200
1758 437 1926 608 8 -
1546 595 2103 744 with concern
1308 719 3329 877 (As if concerned) Mr. Rademacher
900 703 1162 862 FLOR'.
1308 827 3795 979 Dont you worry about me, there’s no need at all for
896 858 1169 1020 RADE.
1308 938 3760 1048 that. On my soul I feel quite easy, and I'm not
2993 1004 3671 1105 It wont be so
1315 1036 2860 1121 even afraid any longer off
269 1010 710 1172 dying
1315 1096 3291 1188 terrible, if that man has been here — —
3383 1077 3668 1172 I say
1296 1150 3668 1327 Florian Jackwerth, is there anything I can do for
1308 1261 1514 1375 you?
1318 1365 2553 1517 (astonished) What s that?
900 1394 1169 1520 FLOR.
1299 1479 3753 1631 I should like to show my gratitude to you, for you
900 1527 1175 1676 RADE.
2832 1606 3731 1714 I shall make you
1315 1631 2768 1726 led me to this idea, yes, you.
1834 1657 3766 1774 The key of my desk is under the bol ster
1308 1707 1701 1809 my heir.
1321 1748 3760 1878 perhaps you think that is nothing much; who knows?
2360 1821 3855 1954 Perhaps there are masterpieces
1315 1847 2230 1964 you might be wrong.
2480 1904 3712 2021 On my soul I feel better
1308 1916 2334 2015 adden away in there.
1308 1996 3617 2100 and better. In the end I shall get quite well
1343 2087 1657 2201 again.
1321 2163 2502 2331 Yes, of course you will
906 2211 1175 2369 FLOR.
1381 2300 3563 2464 If I get well, I swear it, if I ever set foot
909 2353 1169 2493 RADE.
1315 2407 3807 2553 out side the hospital again I’ll make a fresh start-,
1311 2518 2537 2664 yes, I shall start again.
1324 2648 1862 2791 Start what?
922 2664 1185 2791 FLOR.
2097 2762 3728 2895 Yes, the struggle. I shall have
1337 2765 2005 2920 The struggle.
912 2806 1172 2939 RADE.
1805 2873 3769 3022 y. Ishant give it up yet,-no;after all,
1321 2898 1815 2993 another tr
1321 2965 3624 3069 I'm not so old, fifty-four, is that a great age
1324 3041 3443 3133 when one is healthy? I’m somebody, Florian
1324 3114 3715 3221 Jacobwerth, I’m somebody, you may take my word for
3003 3174 3684 3278 I am worth as
1324 3215 2895 3288 it. Only I’ve had rotten luck.
1308 3250 3820 3367 much as many another man, who sit's now on his high
1321 3339 3731 3440 hor se, my dear fellow, and I could be a match for
1324 3402 3826 3519 many a man who thinks himself much better than I am
1324 3500 3430 3589 becauæ he has had better luck. (feverishly
1330 3576 3655 3665 If he only comes, if he onlycomes. I pray Thee,
1330 3649 3646 3744 Oh Lord! Thompson Thou hast left me in the lurch
1321 3700 3864 3826 fifty-four years, at least grant me strength for the
2639 3782 3776 3909 So that the balance may
1321 3801 2499 3902 last quarter of an hour!
2886 3858 3554 3972 Letme see him
1273 3861 2841 3985 be made even as far as it can!
1330 3963 3532 4054 sitting in front of me pale and overwhelmed.-
1321 4010 3823 4115 as far below me as all his life he has felt himself
1337 4089 3738 4191 above me — —yes, my dear Jackwerth, you see the
1321 4172 3719 4276 man I'm waiting for me now is a friend from early
1704 4241 3681 4358 And twenty-five years ago, even twenty,
1337 4267 1666 4358 day s.
1337 4333 3598 4431 we were on very terms for we both began
580 4327 1036 4492 of close
1349 4393 3753 4511 from the same point, although after, we both went
1349 4488 3757 4583 different ways; he higher and higher upwards, and
1349 4564 3849 4663 I further and further downwards. And to-day he has
1349 4644 3760 4754 got on so farthat he is a rich favour, and
1343 4729 3652 4811 I am a poor civil of a journalist, dying like a
1343 4799 3842 4894 dog in alho spital. But that doe snt matter, for now
1330 4868 3665 4957 the moment is coming when I can smash him, and
1356 4948 3791 5036 shall do it if he only comes - if he only comes -
1330 5011 3801 5141 Mr. Jackwerth, I know your sweetheart was with you
1394 5087 3706 5188 this afternoon, but what is the joyafter all, of
1343 5141 3785 5274 looking forward to the sight of someone one lives,
1356 5239 3826 5375 compared to the longing for someone one hates, has
