4248 5176
1926 370 2201 588 — 36 —
744 503 1053 781 BERNH:
1311 560 2432 798 You have been in there?
740 822 1114 1032 SISTER:
1308 805 3019 1009 It will be too late, your Revenue.
1545 1039 2894 1243 (KURT hurries into the ward)
751 1253 1060 1426 BERNH:
1325 1297 4038 1443 (to the SISTER) You told the patient that his Revenue
1318 1416 1793 1583 was here?
751 1657 1104 1848 SISTER:
1308 1651 2058 1824 Yes, Professor.
737 1841 1053 2048 BERNH:
1294 1831 3705 2038 I see. And -- answer me quite quietly -- how did
1325 2034 3834 2218 the patient take it? Did she say anything? Speak up
1311 2228 1589 2381 Well?
734 2428 1100 2598 SISTER:
1311 2411 3369 2652 Of course, she got a little bit of a shock.
740 2669 1046 2829 BERNH:
1325 2686 3668 2870 ( Without anger) Well, speak up, what did she say?
1294 2887 2214 3077 "Must I really die?"
754 2900 1097 3067 SISTER:
740 3138 1019 3291 KURT:
1308 3114 3070 3281 (coming out of the ward) All is over.
1681 3355 2326 3559 ( lhort Pause)
740 3576 1053 3753 BERNH:
1301 3525 3709 3736 Bon’t let it upset you,your Revenue. It was not
1301 3773 3902 3933 your fault. You only meant to do your duty. I wished
1263 3916 3994 4062 to do the same. I'm sorry enough that I wasbringingful.
727 4140 1090 4320 PRIEST:
1301 4157 3831 4306 It is not for you, Professor, to grant me absolution.
1284 4327 3831 4456 The poor creature in there died a sinner, without the
1287 4476 3756 4666 consolations of her Religion. And for that you are
1284 4636 1885 4768 respondible.
