4088 5480
1792 533 2018 670 14
600 655 3562 807 in divinie judgment? And even then the result would have been
611 740 3536 900 questionable. Because we poor mortals never know how He above
600 863 1933 1014 us thinks about such things.
1133 918 3299 1126 You'd talk difficulty in Parliament, -If your
607 1000 1077 1129 Countess:
611 1100 1944 1226 voice were ever heard there.
618 1192 3369 1363 Prince: Possibly. The essential remains, that honesty and
618 1292 3269 1429 daring wouldn't have been of the slightest use to us. A
611 1325 3466 1507 useless cruelty to people, that we loved. How could we have
611 1448 3369 1592 gained the Pope’s dispensation? – And apart from that, the
629 1492 3547 1655 Princes’s would never have consented to a diverse, you know that
615 1644 1244 1773 as well as I.
618 1707 3458 1888 Countess: As if I'd had theolightest desire to many you.
622 1914 1285 2077 Prince: Oh, -
2810 1996 3329 2166 I said the
611 2033 2758 2184 Countess: No. That isn't new to you, is it?
626 2133 3477 2288 same to you then. You don’t grasp how, at that time(Looking
622 2222 3466 2344 at him). What you could have made of me. I would have
2962 2281 3473 2384 I, and our
633 2296 2844 2425 followed you everywhere, even as your mistress.
641 2370 3510 2514 child. To Switzerland, to America. We might have lived any¬
1000 2455 3332 2588 And perhaps in Parliament they wouldn’t have even
641 2495 970 2595 where.
626 2555 1618 2695 noticed your absence
626 2658 3425 2818 Prince: Why, of course, we might have fled and lived some¬
641 2769 3288 2888 where outside, but I doubt whether now even you
637 2829 3340 2999 would think such an existence desirable or even bearable.
1799 2962 3395 3077 because now I know you. But then
641 2992 1770 3110 Countess: Not now, no.
637 3073 3421 3177 loved you. And perhaps I might have loved you for a very
637 3121 3477 3277 long time, if you hadn’t been too great a toward to take the
637 3217 3517 3354 responsibility of what happened. - Too great a toward, Prince
637 3343 903 3458 Egon.
648 3484 3203 3580 Prince: whether that’s just the right expression.....
641 3614 3617 3714 Countess: Yes, there is no other. You didn’t find me wanting.
3136 3677 3662 3784 with pride,
655 3688 3092 3810 I was ready, to take everything on myself- With joy,
648 3762 3588 3888 I was ready to declare myself as my child’s mother. You knew
666 3847 3395 3980 it, Egon. Seventeen years ago, in the little forest lodge
659 3932 3577 4043 where you hid me, I told you, that I was ready for everything.
663 3999 3588 4143 But not for half measures. I wanted to be a mother— But wholly
666 4080 3595 4210 or not at all. On the day I had to give up the boy, I made up
655 4154 3495 4284 my mind never to think of him again. And I think it ridicu¬
659 4247 3440 4358 lous of you to bring him out here all of a sudden. take my
648 4287 3554 4487 advice, go and meet him, as Papa did with Lolo, and drive back
648 4417 1333 4547 home with him.
666 4484 3417 4676 Prince: I have no such intention. After what you told me
678 4606 3547 4758 just now, I see that his mother must remain dead. But I must
2969 4684 3651 4824 I have adopted
659 4713 2929 4865 care for him all the more. He s my son, opening,
659 4817 866 4947 him.
