4344 5416
3615 312 3769 415 4.
2932 334 3097 547 14
1951 393 2344 595 FLORIAN
779 599 3553 783 In quite another tone, turning as if going from one bed to
658 760 3608 929 another) nothing new today? personing new? nothing new? Good--
797 885 1650 1065 good--very good--
1796 1007 2090 1198 NURSE
779 1135 3384 1381 Why that's the head doctor. If he should see you now--
1771 1334 2138 1525 FLORIAN
775 1528 3659 1675 Oh that's nothing just wait. (He lets himself fall into
779 1653 3622 1830 a chair, his face is directed as if in pain, his eyes roll
775 1837 963 2006 up)
1763 1932 2057 2127 NURSE
768 2098 2112 2274 For mercy's sake, that's--
1712 2281 2105 2417 FLORIAN
794 2421 3196 2663 (Interrupting his trick for a moment) Well? guess.
1763 2586 2057 2744 NURSE
794 2722 3655 2877 The man in bed 17, the carpenter who died yesterday. Oh stop
775 2862 1716 3075 it. It's a sin--
1716 2990 2105 3178 FLORIAN
786 3163 3575 3365 Yes, my dear Mrs. Paschanda, I'm not waiting my time in this
775 3343 2961 3541 hopital. There’s a lot for me to study here.
1771 3475 2028 3663 NURSE
786 3644 3567 3824 Here’s the doctor. (She goes out through the curtain. (White
797 3802 3604 4001 it is drawn back Halmschlaeger and Tann can be seen further
797 3975 1782 4111 down the large room.)
1778 4111 2160 4295 FLORIAN
768 4232 3703 4394 Yes Mr. Rademacher, I have made many an interesting study here
1763 4394 2300 4614 RADEMACHER
775 4577 1036 4728 Yes?
