4328 5208
3331 291 3514 467 1 I
1930 319 2236 569 - 32 -
1193 625 3071 832 (sits down) That is a hard word Doctor.
779 656 958 814 EST
1186 863 3808 1028 Your pardon Revenue, of course this refers only to the
1186 1046 3745 1197 edical profession. Anyway that is sometimes the most
1193 1162 3654 1383 difficult and, at the same time, the noblest part of
1186 1348 1657 1488 our work.
1383 1506 3622 1695 (HERNHARDI appears at the door. PRIEST gets up
1439 1664 2927 1801 SISTER enters behind Bernhardi)
1218 1888 3240 2064 (somewhat taken aback) Oh, your Revenue!
709 1864 927 2064 JERNH:
1193 2081 3805 2327 We release each other, Professor. (Holds out his hand)
674 2102 958 2341 PRILST
1200 2296 3468 2485 I hope I shall find the patient still conscious.
1200 2510 3815 2661 Yes. One might even say with heightened consciousness.
670 2517 969 2692 BERNH:
1200 2685 3847 2871 (Speaking more to the others) Absohute Emphoria has set
1193 2843 3843 3043 in. (Explaining to the PRIEST) She, so to speak, feels
1162 2994 1720 3191 quite well.
1200 3159 4015 3370 That’s pleasant hearing. Who knows – quite recently I had
814 3103 990 3391 IST:
1204 3363 3798 3535 the pleasure of meeting a young man hale and hearty in
1193 3538 3668 3686 the street who, only a few weeks previously had been
1200 3714 3654 3903 quite prepared for the end and had received he last
1158 3861 1941 4047 unction from me.
663 4086 951 4265 ADLER:
1144 3994 3671 4247 And who can tell whether perhaps it was not just your
1200 4194 3847 4447 Reverence who gave him the strength and courage to live.
681 4454 948 4630 BERNH:
1200 4528 3798 4689 (To ARLER) His Revenue has misunderstoof me, Doctor.
1169 4623 3728 4819 (To the PRIEST) What I meant was that the patient is
1186 4784 3766 4977 quite unconscious of her condition. She is dying, but
