4168 5144
1814 329 2105 436 - 14 -
738 485 1028 717 BERNH:
1274 519 3113 731 (To the Sister) Has she any relations?
727 744 1070 997 SISTER:
1233 769 3553 952 No one has been to see her during the three days.
1222 1001 2247 1201 Not her lower either?
731 956 1042 1174 BERNH:
1222 1229 2784 1440 He'd take good care to keep away.
710 1226 980 1402 KURT:
710 1454 1028 1662 OSKAR:
1274 1444 3823 1593 She hasn't mentioned him at all. Who can tell whether
1267 1614 2406 1794 she even knows his name.
720 1846 980 2026 BERM :
1229 1870 3535 2005 And this once thought itself love's ecstacy. (To
1201 2019 3521 2216 ERENWALD I am at your service, Professor.
710 2226 1021 2417 OSKAR:
1253 2254 3778 2410 Excuse me, Father, are you coming up here again? She
1278 2417 2784 2607 beaged you so earnestly to come.
713 2559 1021 2777 BERN H:
1264 2628 2413 2798 Yes, I’ll look in again.
1454 2825 3906 3019 (KURT has gone to the etagere and is busying himself
1454 3037 3809 3241 with two test tubes. OsKAR goes up to him. They
1465 3196 3708 3338 say a few words to each other, then go into the
1485 3338 2147 3521 ward together)
675 3504 1046 3722 SISTER:
1264 3570 3715 3729 (To HOCHROITZPOINTNER) I’11 go accross now and 18tch
1233 3736 1925 3881 his Revenue.
679 3930 945 4100 HoCH:
1240 3847 3646 4152 Yes, go. And if you’re too late, it’ll be no great
1229 4065 1821 4255 harm either.
1617 4245 2216 4432 (Exit SISTER
672 4470 983 4654 damme :
1205 4498 3992 4723 (who has become very impatient) This is the matter, Chief.
