4232 5656
1960 394 2147 561 I. W.
813 419 1004 598 1
1814 512 2033 651 -14-
838 651 3021 862 Prince: And your father, Mizzi...Your father!
854 834 3607 960 Countess: He would have got used to it, you can depend on
537 907 3586 1049 it. That was just the time when he started his affair with Lolo.
2863 960 3741 1106 Otherwise he would
525 1000 2830 1102 Otherwise ours should not have gone so monthly.
520 1078 3668 1195 have paid more attention to me. I shouldn’t have been able to stay
537 1151 3725 1269 away for months if it hadn’t happened to be very convenient for him.
537 1232 3538 1362 The only danger in the whole affair, dear Prince, was that Fedor
537 1317 2794 1472 Wangenheim would have most likely shot you dead.
862 1403 3651 1586 Prince: He, me? It might have happened saifferently too. Or
537 1545 3639 1675 do you believe in divine judgment? And even the result might have
537 1626 3688 1789 been questionable. For we poor mortals can never know how He above
533 1732 1578 1875 thanks of such things.
870 1826 3834 1984 Countess: In the House of Lords you would speak difficulty if
529 1952 2102 2119 you ever opened your month there.
862 2094 3566 2224 Prince: That’s possible. But the most important is that
537 2175 3692 2289 all honor and courage would not have helped us then. It would have
549 2253 3704 2375 been useless cruelty to people who were dear to us. A dispensation
545 2322 3615 2472 could hardly have been procured--and besides, the Princess would
549 2403 3627 2574 never have consented to a separation. That you know as well as I.
874 2517 3607 2749 Countess: As if I had the elightest interest in marriage!
866 2733 1500 2879 Prince: Ah
878 2875 3778 3005 Countess: Not the slightest. That isn’t anything new to you,
919 2976 3765 3090 I told you then too. You haven't the lightest idea how I..
545 2944 866 3090 is it?
952 3042 3660 3159 ^nat...what you could have made of me. I should have fol¬
561 3066 899 3184 ( Look)
561 3111 3578 3249 lowed you anywhere, everywhere, even only as your mistress. I and
553 3180 3806 3342 our child. To Switzerland, to America. We could have lived anywhere
561 3265 3615 3412 it pleased us. And in the House of Lords, perhaps they would not
557 3379 2472 3538 even have noticed that you had gone away.
891 3493 3676 3619 Prince: Yes, naturally we could have fled and settled down
557 3574 3717 3704 somewhere in another country... But that such arrangement would have
561 3647 3525 3806 been pleasing, or even tolerable, to you for long, you yourself
573 3782 1964 3908 probably do not believe today
2013 3847 3822 3997 tyday I know you, you see. But then I
952 3871 1976 4038 Countess: Friday, no.
557 3961 3660 4111 loved you. And I might perhaps have—long been able to love you,
557 4054 3627 4192 had you then not been too comardly to take the on-stbons lelity for
573 4139 2911 4314 that which occurred...Too towardly, Prince Egon..
931 4265 3306 4440 Prince: whether that is exactly the right word....
952 4432 3721 4558 Countess: Yes. I know no other. It did not depend on me.
569 4526 3639 4648 I was ready to take all upon myself, with joy, with pride. I was
569 4611 3721 4753 ready to be a mother and to acknowledge myself as the mother of our
569 4692 3830 4814 child. You knew that, Egon. Seventeen years ago in the little house
569 4766 3725 4896 in the wood where you kept me in hiding, I told you that I was ready
573 4847 3692 4973 for that. But for half-truths I was never to be had. I wanted to
565 4928 3599 5079 be completely a mother, or not at all. On the day when I had to
569 5018 3623 5176 give the boy away, I made up my mind not to think of him anymore.
573 5103 3745 5258 That is why I find it so ridicule that suddenly you want to bring
