4232 5016
1913 271 2226 410 - 35 -
757 351 1101 608 PRIEST:
1302 392 3778 656 This is hardly the place to discussion that, Professor.
1316 601 3802 806 Who knows but that, at the bottom of her soul, which
1302 715 3893 927 God alone can see, just in these last moments, there is
1316 892 3691 1115 the longing to free herself from sin by a deathbed
1306 1045 1861 1201 confession.
747 1240 1042 1458 BERNH:
1288 1299 3955 1511 Must I repeat it once more, your Revenue? The patient
1306 1462 4056 1639 does not know that the end is hear. She is pay, happy — –.
1257 1587 2028 1781 and unrepentant.
708 1747 1056 2004 FRIEST
1281 1833 3802 2059 All the greater would be my sin if I moved away from
1288 2028 3795 2163 this threshold without having ministered to the dying
1295 2149 3379 2313 Roman the consolations of our holy Religion.
722 2288 1049 2525 BERNH:
1267 2320 3914 2629 From this sin God, and every earthly judge would declare
1264 2559 3736 2705 your Revenue absolved. (in answer to the Priest’s
1264 2702 3785 2903 movement of impatience) Yes, your Revenue. For I,
1261 2851 4042 3031 as physical, cannot permit pou to.approach the bed of this
1264 2990 1677 3129 patient.
698 3174 1042 3379 PRIEST:
1254 3202 3146 3445 I was called here. I must therefore beg
688 3351 997 3591 BERNH:
1236 3327 3566 3594 Not by my orders, your Revenue. And I can only
1240 3549 3566 3702 repeat that I, as Doctor, to whom the well of his
1254 3716 4039 3920 patient is entravted till the last hour, must, unfortunately,
1236 3813 2910 3997 forbid you to cross that threshold.
670 3955 1017 4226 PRIEST:
1233 3973 3094 4337 (Taking a step forward) You forbid me?
618 4292 986 4466 BERNH:
1191 4309 3636 4542 (Noch hie shoulder lightly)Kes, your Revenue.
646 4518 1021 4750 SISTER:
1226 4556 3518 4809 (Hurnying out of the ward) Your Revenue......
