3880 5368
3319 231 3494 428 9.
1366 284 1900 534 RADEMACHER
522 484 2475 712 There is some one I must speak to,Doctor.
1404 678 2078 874 HALMSCHLAEGER
515 799 3410 1045 You may write him if you want to. And you can see anyone you
511 961 3316 1173 choose tomorrow afternoon from 4 to 5. I have no amijection
522 1132 1828 1294 to your receiving visitors.
1450 1306 1972 1469 RADEMACHER
500 1457 3187 1650 That may be too late Doctor—I feel it will be too late.
488 1620 3085 1805 Tomorrow—all may be over. I must speak to him today.
1423 1760 2093 1919 HALMSCHLAEGER
500 1900 3452 2097 But that is quite impossible. If you are so anxious about this
492 2082 2532 2260 matter why didn't you mention it yesterday?
1419 2222 1942 2400 RADEMACHER
503 2362 3406 2544 (Insistently) You have been so good to me doctor — I know this
484 2544 3357 2687 may be an impertinance on my part—but you see when you feel
481 2631 3520 2846 quite sure that tomorrow –or next day ——the white-robed gentle-
466 2854 3297 3005 man will come to carry you away--then you feel you can take
462 2983 2456 3172 liberties you wouldn't think of otherwise.
1503 3142 1745 3289 TANN
458 3270 2275 3463 Well Halmschlaeger, what's the trouble.
1446 3444 2108 3626 HALMSCHLAEGER
458 3584 3285 3785 Just a moment. (To Rademacher, slightly impatient) Well then,
462 3781 1427 3933 what is it you want?
1472 3899 2002 4095 RADEMACHER
435 4042 3285 4269 I must speak to a friend of mine. A Mr. Weihgast, Alexander
431 4201 897 4406 Weihgast.
1389 4345 2082 4584 HALMSCHLAEGER
428 4553 2986 4758 Weihhast, do you mean the celebrated write, Weihgast?
1446 4667 1983 4868 RADEMACHER
409 4849 647 5008 Yes.
