4328 5208
1724 433 1990 575 - 29 -
1146 660 2597 858 I really don't understand you.
741 653 951 862 RNH:
724 876 1029 1071 YPRIAN:
1199 890 3877 1054 This is the favorable moment to obtain something for our
1199 1043 3885 1220 Institute. When a Doctor, a Clinical Professor is at the
1185 1164 3650 1391 head of affairs, that is a conjuncture which we must
1192 1352 2164 1572 utilise to the full.
1181 1564 3647 1791 You are all extremely optimistic in regard to Flint.
678 1554 937 1763 BERNH:
667 1834 1018 1987 CYPRIAN:
1199 1834 3973 1997 With good reason. I prophesied hs career when we were both
1181 1972 3700 2100 working together in the laboratory at Bruocke, nearly
1203 2107 4023 2302 thirty years ago. I have already sketched out a permorandum.
1185 2270 3842 2409 What we want first of all is a State subvention, so that
1156 2430 3661 2586 We should no longer be entirely dependent on somewhat
1192 2586 3686 2781 degrading method of private collection. further -
649 2746 940 2994 BERNE:
1185 2831 3806 2976 You are forgetful of one particular. Flint is our most
1192 2966 1990 3196 bitter opponene.
1192 3147 3753 3388 Oh, but that’s quite an old story. To day his attitude
642 3235 905 3430 CYPR:
1192 3395 3682 3526 towards the Elizabeth Institute is one of the utmost
1181 3505 3743 3689 sympEthy. Councillor- Winkler mentioned it to me only
1185 3686 2905 3867 yesterday. quite of his own accord.
1185 3931 1642 4080 Well —--
653 3867 926 4083 BERNH:
646 4165 951 4331 OSKAR:
1181 4112 3902 4346 (coming out of the ward) Quickly to Bernhardi) I think
1174 4339 3388 4456 father, if you want to speak to her again --
642 4551 933 4718 BERNH:
1174 4576 4026 4796 Excuse me, my dear Cyprian. Perhaps you won’t mind waiting
