<?xml version="1.0" encoding="UTF-8" standalone="yes"?>
<PcGts xmlns="http://schema.primaresearch.org/PAGE/gts/pagecontent/2013-07-15" xmlns:xsi="http://www.w3.org/2001/XMLSchema-instance" xsi:schemaLocation="http://schema.primaresearch.org/PAGE/gts/pagecontent/2013-07-15 http://schema.primaresearch.org/PAGE/gts/pagecontent/2013-07-15/pagecontent.xsd">
    <Metadata>
        <Creator>prov=READ-COOP:name=TrHtr:version=2.1.0:model_id=51170:date=15_08_2023_04:46</Creator>
        <Created>2023-05-10T15:12:06.579+02:00</Created>
        <LastChange>2023-08-15T04:46:13.835+02:00</LastChange>
        <TranskribusMetadata docId="1428823" pageId="55431773" pageNr="35" tsid="132838954" status="IN_PROGRESS" userId="64420" imgUrl="https://files.transkribus.eu/Get?id=INJHNTCPCVXNZCXONGDVRAIS&amp;fileType=view" xmlUrl="https://files.transkribus.eu/Get?id=MGTOGXIUGBZPYJJWLBXKOYNK" imageId="44705810"/>
    </Metadata>
    <Page imageFilename="1428823_0035.jpg" imageWidth="4056" imageHeight="5432">
        <ReadingOrder>
            <OrderedGroup id="ro_1711802842152" caption="Regions reading order">
                <RegionRefIndexed index="0" regionRef="tr_1"/>
            </OrderedGroup>
        </ReadingOrder>
        <TextRegion id="tr_1" custom="readingOrder {index:0;}">
            <Coords points="555,451 3509,451 3509,2540 555,2540"/>
            <TextLine id="tr_1_tl_1" custom="readingOrder {index:0;}">
                <Coords points="960,567 981,571 989,563 1011,589 1032,582 1069,549 1127,567 1134,360 1116,360 1094,342 1072,345 1032,324 1000,342 967,342"/>
                <Baseline points="984,507 1050,501 1140,501"/>
                <TextEquiv>
                    <Unicode>k</Unicode>
                </TextEquiv>
            </TextLine>
            <TextLine id="tr_1_tl_2" custom="readingOrder {index:1;}">
                <Coords points="1694,636 1825,632 1923,680 1981,691 1985,534 1854,545 1810,527 1759,483 1698,487"/>
                <Baseline points="1719,614 1808,614 1898,608 1987,614 1993,614"/>
                <TextEquiv>
                    <Unicode>31 -</Unicode>
                </TextEquiv>
            </TextLine>
            <TextLine id="tr_1_tl_3" custom="readingOrder {index:2;}">
                <Coords points="542,927 2461,1000 2955,832 3217,854 3228,662 3068,622 2555,785 2094,691 545,825"/>
                <Baseline points="561,919 632,919 722,919 811,913 901,907 990,901 1080,895 1169,895 1259,889 1349,889 1438,883 1528,877 1617,871 1707,871 1796,871 1886,865 1975,859 2065,859 2154,853 2244,847 2333,847 2423,841 2513,835 2602,829 2692,823 2781,817 2871,811 2960,811 3050,811 3139,805 3229,805"/>
                <TextEquiv>
                    <Unicode>Countess (After a silence looking into his eyes) I think</Unicode>
                </TextEquiv>
            </TextLine>
            <TextLine id="tr_1_tl_4" custom="readingOrder {index:3;}">
                <Coords points="553,1109 709,1141 858,1076 1025,1112 1076,1083 1265,1090 1305,1058 1469,1098 1476,963 1298,945 1261,978 996,974 934,1007 778,931 705,974 560,938"/>
                <Baseline points="573,1080 584,1080 674,1080 764,1074 853,1068 943,1062 1032,1056 1122,1056 1211,1050 1301,1050 1390,1044 1480,1038"/>
                <TextEquiv>
                    <Unicode>Skake hands again).</Unicode>
                </TextEquiv>
            </TextLine>
            <TextLine id="tr_1_tl_5" custom="readingOrder {index:4;}">
                <Coords points="531,1272 1229,1298 1403,1229 1701,1261 1821,1189 1930,1236 1937,1090 1490,1116 1290,1072 1065,1174 967,1123 538,1130"/>
                <Baseline points="555,1229 596,1229 686,1223 776,1223 865,1217 955,1217 1044,1217 1134,1211 1223,1199 1313,1193 1402,1193 1492,1193 1581,1187 1671,1181 1760,1175 1850,1175 1940,1169"/>
                <TextEquiv>
                    <Unicode>Professor: good-tye, Maria.</Unicode>
                </TextEquiv>
            </TextLine>
            <TextLine id="tr_1_tl_6" custom="readingOrder {index:5;}">
                <Coords points="553,1403 3010,1338 3013,1196 556,1312"/>
                <Baseline points="573,1378 602,1384 692,1378 781,1372 871,1372 961,1366 1050,1366 1140,1360 1229,1355 1319,1349 1408,1343 1498,1343 1587,1343 1677,1331 1766,1331 1856,1325 1945,1325 2035,1319 2125,1313 2214,1313 2304,1307 2393,1301 2483,1301 2572,1295 2662,1295 2751,1289 2841,1283 2930,1277 3020,1277"/>
                <TextEquiv>
                    <Unicode>Countess: good luck to you- and remember me to your</Unicode>
                </TextEquiv>
            </TextLine>
            <TextLine id="tr_1_tl_7" custom="readingOrder {index:6;}">
                <Coords points="560,1490 709,1523 883,1469 967,1512 1040,1458 1123,1483 1185,1443 1407,1476 1450,1443 1603,1447 1607,1367 563,1410"/>
                <Baseline points="579,1462 626,1462 716,1456 805,1456 895,1450 984,1444 1074,1438 1164,1438 1253,1432 1343,1426 1432,1420 1522,1420 1611,1420"/>
                <TextEquiv>
                    <Unicode>wife and the children.</Unicode>
                </TextEquiv>
            </TextLine>
            <TextLine id="tr_1_tl_8" custom="readingOrder {index:7;}">
                <Coords points="556,1647 2203,1614 2537,1534 2853,1603 2861,1447 1658,1516 1447,1443 1061,1556 563,1545"/>
                <Baseline points="579,1611 626,1605 716,1605 805,1605 895,1599 984,1599 1074,1593 1164,1587 1253,1581 1343,1581 1432,1575 1522,1575 1611,1569 1701,1563 1790,1563 1880,1557 1969,1552 2059,1546 2148,1540 2238,1540 2328,1534 2417,1528 2507,1522 2596,1522 2686,1522 2775,1522 2865,1522"/>
                <TextEquiv>
                    <Unicode>Professor: I'll mention it, Countess. (Goes.)</Unicode>
                </TextEquiv>
            </TextLine>
            <TextLine id="tr_1_tl_9" custom="readingOrder {index:8;}">
                <Coords points="531,1861 778,1774 1261,1832 1487,1745 2156,1730 2199,1639 2032,1574 1469,1676 1160,1621 880,1708 542,1668"/>
                <Baseline points="555,1772 596,1766 686,1766 776,1766 865,1760 955,1754 1044,1748 1134,1748 1223,1743 1313,1743 1402,1737 1492,1731 1581,1731 1671,1725 1760,1719 1850,1713 1940,1707 2029,1707 2119,1701 2208,1701"/>
                <TextEquiv>
                    <Unicode>(Countess stands looking after him)</Unicode>
                </TextEquiv>
            </TextLine>
            <TextLine id="tr_1_tl_10" custom="readingOrder {index:9;}">
                <Coords points="578,1937 3282,1843 3501,1807 3508,1668 585,1850"/>
                <Baseline points="602,1916 644,1916 734,1916 823,1910 913,1910 1002,1904 1092,1898 1181,1892 1271,1886 1360,1886 1450,1880 1540,1880 1629,1874 1719,1868 1808,1862 1898,1862 1987,1850 2077,1856 2166,1850 2256,1850 2345,1844 2435,1832 2524,1826 2614,1826 2704,1820 2793,1814 2883,1814 2972,1808 3062,1808 3151,1802 3241,1802 3330,1796 3420,1790 3509,1790"/>
                <TextEquiv>
                    <Unicode>Count: (on the terrace) Everything fixed. Departure tomorrow</Unicode>
                </TextEquiv>
            </TextLine>
            <TextLine id="tr_1_tl_11" custom="readingOrder {index:10;}">
                <Coords points="571,2054 3064,1996 3097,1821 578,1937"/>
                <Baseline points="596,1999 686,1999 776,1993 865,1987 955,1981 1044,1975 1134,1975 1223,1969 1313,1969 1402,1963 1492,1963 1581,1957 1671,1951 1760,1945 1850,1945 1940,1945 2029,1934 2119,1928 2208,1928 2298,1922 2387,1916 2477,1916 2566,1910 2656,1904 2745,1898 2835,1898 2924,1892 3014,1886 3104,1886"/>
                <TextEquiv>
                    <Unicode>night-9:30- Western Station. Where's the Professor?</Unicode>
                </TextEquiv>
            </TextLine>
            <TextLine id="tr_1_tl_12" custom="readingOrder {index:11;}">
                <Coords points="593,2166 1011,2221 1185,2126 1359,2174 1505,2126 1796,2156 1850,2141 1857,2036 1668,2014 1218,2076 916,2021 596,2079"/>
                <Baseline points="614,2148 698,2148 787,2148 877,2142 967,2136 1056,2131 1146,2131 1235,2125 1325,2119 1414,2119 1504,2113 1593,2107 1683,2107 1772,2107 1862,2095"/>
                <TextEquiv>
                    <Unicode>Countess: I sent him away.</Unicode>
                </TextEquiv>
            </TextLine>
            <TextLine id="tr_1_tl_13" custom="readingOrder {index:12;}">
                <Coords points="593,2312 3188,2257 3344,2225 3348,2097 2639,2156 2392,2068 2159,2156 596,2225"/>
                <Baseline points="614,2304 668,2304 758,2298 847,2292 937,2286 1026,2286 1116,2280 1205,2274 1295,2268 1384,2268 1474,2262 1563,2262 1653,2262 1743,2250 1832,2244 1922,2244 2011,2244 2101,2238 2190,2232 2280,2226 2369,2220 2459,2220 2548,2220 2638,2214 2727,2208 2817,2202 2907,2202 2996,2196 3086,2190 3175,2190 3265,2184 3354,2190"/>
                <TextEquiv>
                    <Unicode>Count: Oh— And who do you think has a compartment between</Unicode>
                </TextEquiv>
            </TextLine>
            <TextLine id="tr_1_tl_14" custom="readingOrder {index:13;}">
                <Coords points="589,2410 869,2465 1098,2370 2592,2355 2963,2319 2966,2239 593,2308"/>
                <Baseline points="608,2381 644,2381 734,2375 823,2375 913,2369 1002,2369 1092,2363 1181,2357 1271,2357 1360,2351 1450,2345 1540,2345 1629,2339 1719,2333 1808,2328 1898,2328 1987,2322 2077,2316 2166,2316 2256,2310 2345,2304 2435,2298 2524,2298 2614,2286 2704,2292 2793,2286 2883,2280 2972,2280"/>
                <TextEquiv>
                    <Unicode>us?- Egon and his son. How surprised then '11 be.</Unicode>
                </TextEquiv>
            </TextLine>
            <TextLine id="tr_1_tl_15" custom="readingOrder {index:14;}">
                <Coords points="603,2603 992,2526 1134,2599 1334,2530 2097,2552 2603,2450 2915,2534 2923,2348 2254,2326 1872,2435 887,2475 611,2421"/>
                <Baseline points="626,2530 686,2530 776,2530 865,2524 955,2524 1044,2513 1134,2513 1223,2507 1313,2507 1402,2501 1492,2495 1581,2489 1671,2489 1760,2489 1850,2477 1940,2477 2029,2471 2119,2465 2208,2465 2298,2459 2387,2453 2477,2453 2566,2447 2656,2447 2745,2435 2835,2435 2924,2441"/>
                <TextEquiv>
                    <Unicode>Countess: Ch- tremendously. (Goes into the house)</Unicode>
                </TextEquiv>
            </TextLine>
        </TextRegion>
    </Page>
</PcGts>
