3880 5432
3251 193 3482 430 2 4.
1378 279 2058 517 HALMSCHLAEGER
313 457 2927 725 That is good and I hope our patient will be calmer now.
1439 638 1967 831 RADEMACHER
321 736 1582 1035 I am very greateful to you,
1458 978 1869 1152 WEIHGAST
325 1114 3304 1280 Au revoir then, good friend. If our doctor here will permit it
321 1284 3206 1446 I'll be in again in a few days to see how you are getting on.
1454 1427 2115 1601 HALMSCHLAEGER
321 1526 3251 1771 certainly. I will give orders to have you let in at any hour.
1458 1733 1877 1899 WEIHGAST
340 1847 2938 2054 Oh no, don't make any change in your rules for my sake.
1458 2058 2122 2217 HALMSCHLAEGER
351 2156 2900 2421 (Mosions to nurse who helps Weihgast on with overcoat)
1420 2375 1839 2511 WEIHGAST
351 2473 3391 2715 (To Rademacher) Goodtye once more. Get well soon and don’t lose
336 2647 2243 2870 heart. (Goes to door with Halmschlaeger)
1424 2832 1801 2983 FLORIAN
363 2945 2591 3157 (Slips in through curtain) Good evening doctor.
1424 3138 2103 3304 HALMSCHLAEGER
344 3297 1412 3512 Aren't you in bed yet?
1431 3380 1869 3580 WEIHGAST
363 3531 3206 3810 (Aside to Halmschlaeger) Who's that man? He stores at me so
366 3810 770 3969 queerly.
1393 3874 2073 4101 HALMSCHLAEGER
529 3984 3368 4263 a poor civil of an actor who doesn't suspect that he'll be
370 4173 2277 4399 in his grave before another week is out.
1454 4377 1854 4520 WEIHGAST
363 4471 2232 4758 Ah indeed! (His glance meets Florian's)
1503 4679 2164 4837 HALMSCHLAEGER
374 4781 3308 5064 That's why I am not more strict with him. I don’t believe in
374 4981 1341 5162 rules for the dying.
