4296 5448
3450 216 3620 368 2.
1579 338 1920 581 NURSE,
706 501 1309 664 What is it?
1575 569 1973 865 FLORIAN
725 858 3609 1002 (coming back to her) On my soul—I thought the man was dead.
1590 1006 1879 1154 NURSE
706 1123 2182 1347 It'll be some little while yet.
1579 1313 1966 1484 FLORIAN
702 1412 2759 1681 Think so? Good night then, Miss Paschanda.
1590 1605 1871 1753 NURSE
694 1765 1765 1875 Mrs. Paschanda please.
1598 1890 1970 2038 FLORIAN
717 2019 3624 2239 Oh I beg your pardon, I hadn't had the honor of meeting your
706 2243 1298 2357 husband yet.
1731 2383 2015 2501 NURSE
717 2512 3742 2649 I hope for your sake you, won't ever have it. He is an attend-
706 2694 1579 2805 ant in the Morgue.
1639 2831 2023 2964 FLORIAN
702 2918 3639 3165 No, thanks.--no use for that just at present. (Confidentially)
713 3165 3564 3324 Say Mrs. Paschanda, did you see the young lady who honored me
706 3279 2049 3434 with a visit this afternoon?
1700 3472 1981 3632 NURSE
706 3620 2231 3822 The young lady with the red hat.
1700 3776 2068 3913 FLORIAN
744 3856 3704 4121 (Offended) With the red hat? Yes--she is a fellow player. We
717 4076 3579 4285 were engaged together last year in Olmütz, she and I playing
706 4243 3609 4414 leads. Lock at me please--I need say no more. Yes--I wrote
713 4410 3522 4562 her a mortal card, just a postal card and she came at once.
706 4489 3723 4698 There is still fidelity to be found in the profession. And she
713 4668 3765 4880 promised to look about her, to speak to the agents for a summer
717 4888 3712 5032 engagement for me when I get out of this place. So you see the
