4360 5160
1995 291 2190 435 -3 -
1829 787 2098 959 D A C T
1851 934 2344 1122 ̃ ̃̃ •̃ r * * a
1522 1167 3904 1305 fairly brge lobby, leading to a sick ward. on
1557 1333 4000 1493 the right a door the passage. At back a door to
1557 1455 4080 1618 the ward. Left a rather imad wordow. In the middle,
1503 1640 3885 1755 a little to the left, a longish table, on which a
1480 1807 3850 1960 journal is lying, besides this aKolder containing
1500 1947 4058 2069 histories of cases, documents and various papers. near
1503 2107 3904 2235 theAlfrance door cot pegs. In the corner, on the
1548 2264 3962 2389 right, an iron stove. near the door a wide etagere
1500 2408 4026 2548 on the top sheriff a test tubest stand; by the side of it
1500 2577 4064 2750 someedicine bottles. On the lower shelves books and
1500 2724 3831 2875 magazines. Each side of the middle door a closed
1503 2871 3981 3006 cupboard. A white smock, a coat and hat are hanging
1487 3044 3952 3194 on the pags. Over the etagere hangs a rather failed
1500 3188 3754 3322 photograph of the medical staff. A few chairs,
1448 3335 2750 3498 according to requirements.
1762 3636 4080 3789 SISTER LUDMILLA (about 28, not too pretty, pale
1528 3827 3885 3984 with large, sometimesbringing, eyes) busy at the
1522 4000 3031 4099 etagere when the curtain Leises.
1771 4202 4118 4355 BOCHROITZPoINTNER comes in from the ward. (Younz
1516 4336 4026 4492 man, aned 25. medium height, steut, small moustache.
1500 4540 3891 4691 student’s gear, pince nez, pale, very sleek hair.
