4328 5000
1925 255 2159 424 - 5 -
1300 435 3864 642 Why not indeed? What should we say thenr-we Doctor?
811 458 1002 672 CH:
1317 601 3629 822 Look at Dr. Adler for example. There you have a
1317 750 3826 964 pathological anatomist -- and a very jolly gentleman.
1310 900 3826 1093 come to that I’m nowhere in better humor than in the
1263 1056 2068 1273 dissecting room.
1443 1287 3816 1524 Etter from the right DR.OSKAR BRNHARDI (age 25,
1443 1460 3755 1698 very elegant, of amiable, but somewhat diffident
1446 1643 1860 1857 hearing
744 1874 1018 2051 DSKAR:
1334 1871 1996 2071 Good morning.
730 2095 940 2281 HoCH
1253 2169 2281 2336 Good morning, Doctor.
723 2254 1049 2478 ISTER:
727 2489 998 2685 DSKAR:
1334 2478 2743 2679 Father will be here directly.
733 2716 974 2923 HoCH:
1293 2685 4026 2910 So they're finished downsteirs, Doctor? What conclusions
1293 2862 2977 3089 did they arrive at, if one may ask.
713 3103 1008 3330 OSKAR:
1280 3045 3955 3276 The tumour onignnated in the kidney and was very simply
1293 3235 1698 3419 defined.
699 3490 961 3684 HoCH:
1229 3504 3589 3684 So it would really have been possible to operate.
693 3684 985 3921 DSKAR:
1263 3680 2040 3891 Yes, possible —
710 3965 954 4186 Ho0H:
1263 3945 3738 4145 If Professor Ebenwald had held the same opinion ——
703 4155 981 4420 OSKAR:
1215 4149 3690 4383 Then we should have had the post mortem eight days
1246 4363 3918 4543 earlier. (At table) Ah, here is the printed matter for
1260 4464 3901 4767 our Ball. Why do they send all this stuff here--?
