4216 5416
1659 315 1818 458 -p-
915 310 3480 596 Countess: So you've left me to breakfast alone again,
568 494 1863 686 papa. Where have you been?
907 621 3546 772 Count: quite far away. Rode out over Mauer and Rodaun.
564 625 3783 837 It's wonderful out today. And what are you doing? Already working?
576 817 2582 956 May I look at some of your work soon?
903 886 3529 1160 Countess: Oh yes, papa; but as usual, it's nothing but
564 1054 968 1205 flovers.
915 1119 2806 1373 Count: Isn’t the professor coming today?
895 1295 2586 1503 Countess: Yes, but not before one.
919 1467 2733 1683 Count: Well, don't let me disturb you.
903 1593 3824 1810 Countess: (throws him a diss and disappears into the studio.)
907 1781 3562 1932 Count: (to the servant) Well, what do you want? Oh yes,
580 1887 3591 2034 about the horses. I'm not going out anymore today. Joseph can
588 2014 3587 2153 have the day off. Or, wait a moment. (Calls up) Oh, Mizzi...
919 2132 2549 2316 Countess (appears on the balcony).
919 2275 3734 2496 Count: Somnny to trouble you again Mizzi. Wouldn’t you like
588 2382 1883 2553 to have the carriage today?
927 2447 3591 2704 Countess: No, thanks, papa. Itreally don't....No thanks.
600 2618 1507 2806 (Disappears again.)
964 2757 3648 2888 Count: Well, that’s how it stands. Joseph may do what he
584 2831 3717 3047 wishes this afternoon. And you...see that Franz gives the nag a
588 2945 3489 3121 good [?]  de were a little fifty today...both of us.
976 3051 1752 3264 Servant (leaves)
976 3203 3701 3427 Count: (sits down on the bench, picks up a newspaper that
588 3342 2455 3521 has been lying on the table and read.)
976 3448 3080 3627 Gardener: (enters) Good morning, your honor.
989 3627 2929 3815 Count: Good morning, Peter. What is it?
980 3791 3840 3958 Gardener: Please, your honor, I have just cut the tea-roses.
989 3909 1275 4011 Count:
989 3930 2284 4114 Gardener: But why so many?
997 4060 3852 4257 Gardener: The bush is quite full. It would hardly be wise,
617 4159 3893 4346 your honor, to leave them on the bush any longer. Perhaps your honor
609 4306 1475 4457 could use them....
989 4391 3717 4538 Count: Can't use them, Well, why d'you look at me like
617 4506 3824 4661 that? I'm not going to town today. I don't need any bouquet. Put
617 4592 3762 4718 theKlowers around in the vases and classes standing around iin the
617 4649 3893 4808 house, as is the style nowadays. (Takes the flowers and smells them.
617 4747 3619 4918 Seems deep in thought) Isn't that aIIarriageivtopping outside?
997 4857 3877 5041 Gardener: These are his Excellency's black horses. I know
