4088 5368
3454 135 3623 269 1e
1788 481 2038 647 - 2 -
1115 641 2672 743 (Countess appears on the balcony)
1105 702 3498 839 Count: Excuse me if I disturb you again, will you
1112 795 2249 903 need the carriage today?
1115 942 3486 1064 Countess: No, Papa, thank you. I can’t think- No,
1112 1025 2345 1163 thanks. (Disappears again)
1115 1166 3502 1272 Count: All right then. This afternoon Joseph can
1105 1246 3537 1362 do what he wants. Yes- and see that Franz rubs the
1112 1333 3466 1419 horse down well. We've been a little wild today -
1105 1406 2403 1557 both of us. (Servant goes)
1099 1547 3438 1644 Count: (Sits down on the bench, takes up a news-
1105 1644 1865 1752 aper and reads.
1105 1730 3249 1890 Gardner: (Comes) Good-morning, your Lordship.
1112 1900 3217 2066 Count: Good-morning. Peter. something new?
1112 2079 3447 2191 Gardner: If your Lordship would allow me- I just
1105 2179 1784 2265 cut theGroses.
1115 2310 2303 2467 Count: Such a lot? Why.
1112 2444 3402 2573 Gardner: The bush is full of them. It wouldn’t
1105 2563 3354 2678 do, your Lordship, to leave them any longer. If
1112 2643 2871 2739 your Lordship could use them, perhaps?
1112 2752 3454 2880 Count: Can’t use them. Well, why do you look at
1105 2861 3623 2970 me? I'm not going to town to-day, I need no flowers.
1099 2944 3617 3044 Put theostes singly in the vases and glasses inside,
1092 3024 3476 3117 as they do it now. (Takes the flowers and smells,
1112 3085 3675 3236 seems to think about something) Ien’t that a carriage
1112 3159 1551 3297 stopping?
1092 3293 3627 3431 Gardner: those are the Prince's horses, I know their
1092 3402 1442 3502 stride.
1092 3543 3393 3678 Count: Well, thank you. (He returns the roses.)
1096 3707 2906 3854 Prince: (Enters through the lorridor)
1102 3828 2906 3992 Gardner: Good-morning, your Highness,
1105 4005 3162 4107 Prince: Good-morning, Peter. (Garnner goes)
1105 4152 3649 4280 Prince: (Lieht summer suit, slender, fifty-five years,
1089 4255 3668 4367 but longer looking; has a light account of a diplomat,
1099 4331 3044 4437 who speaks just as much French as German)
1086 4428 2976 4626 Count: Hello, old friend, how are you?
1089 4588 3370 4754 Prince: All right, thank you. Wonderful morning.
1080 4751 2493 4908 Count Offers him a big eigar)
1099 4860 3348 5036 Prince: thank you, not before lunch. One of my
1092 5014 3611 5120 cigarattes, if you will excuse me. (Takes aõigarette
1092 5104 2515 5232 out of his case and lighte it)
