4008 6136
1677 334 1937 456 13 -
1307 676 3510 851 ... Well we won't speak of that! By the way
1310 719 3614 924 my wife i snt in Vienna at the moment, w he is in
906 744 1080 890 IH.
1310 851 2919 1047 Abbazia, still rather bad health.
933 857 1258 1031 (CONT.)
1322 998 2298 1190 Not serious, I hope.
802 1043 1083 1163 RADE.
2381 1108 3210 1258 No, thank Heaven.
1343 1132 2264 1300 (gra sping his hand)
1322 1224 3715 1353 dear friend, I should be in a bad way if it were.
814 1190 1089 1353 WEIH.
1325 1285 3507 1432 T duly, with her I find myself. I recover my
2246 1346 3617 1481 If I come near lo sing it.
441 1420 2121 1558 lovenever I seem on the faith in my self,
1349 1429 3473 1588 ...I recover the power to create, the joy of
1824 1496 3696 1637 The older one grows the more one feel s
1004 1506 1230 1659 point
1343 1576 1756 1668 living.
1337 1603 3684 1729 that this really is the only true relationship
1319 1668 3605 1821 which exists. For, as for children,- oh, Good
1331 1796 1606 1903 Lord!
1337 1857 3452 2090 How is it with them? What are they doing?
835 1961 1114 2096 RADE.
2604 2023 3406 2154 Hes, I’m twice a
1331 2050 2485 2194 My daughter is married.
2460 2081 3553 2228 I know I dont show it.
942 2090 1114 2222 IH.
1343 2151 2332 2277 grandfather already.
1343 2170 3755 2341 And my boy, boy! this is his year as a volunteer
1359 2277 3430 2424 with the Army.... he is getting into debt
1368 2356 3651 2476 the other day he had a duel with a young Baron,
1356 2430 3338 2564 about a woman...... yes, my dear fellow
2739 2451 3828 2635 one grows old and so
1380 2521 2671 2632 still the same nousons.
713 2506 1331 2711 + old fally!
1380 2598 2552 2730 life goes on its course.
1374 2726 2280 2892 Yes, yes. (Pause)
866 2757 1138 2904 RADE.
1365 2824 3418 3005 But the time is running out, I'm waiting,
3014 2910 3779 3029 I’m prepared to
900 2910 1138 3054 WEIH.
1386 2950 2889 3081 What have you got to say to me?
2775 2996 3687 3121 Maybe I could take
1377 3048 2641 3179 do anything that you wish.
2690 3069 3703 3189 Or perhaps with the
1392 3112 2561 3244 Step s in the “Concordia”?
2586 3149 3733 3302 in preparation for your
1398 3192 2491 3314 Editor of the “New Age”
2500 3237 3586 3329 or..... excuse me for
1405 3280 2414 3406 early recovery,
1401 3290 3794 3461 speaking of such a thing, could I in any way.er
1411 3412 2913 3568 as to filthy lucre.
2512 3504 3684 3629 I need nothing, nothing,
1398 3543 2488 3678 Let it be, let it be.
1405 3592 3862 3748 I only just wanted to see you again, my old friend
894 3589 1157 3724 RADE.
1411 3681 3525 3837 that was all, yes.... (holds out his hand)
2277 3810 3537 3954 Heally, I’m touched. Yes.
1411 3856 2225 3987 Oh was that it?
1405 3911 3797 4054 Well, when you get well, I hope we shall often,..
903 3908 1166 4021 WEIH.
1420 3984 3678 4140 well,... (A painful pause) the thinking of the
1420 4067 3167 4275 clock in the next ward can be heard)
1019 4312 1977 4468 ENTER HALMSCHLOGER.
1420 4428 3825 4584 Well, here I am back, not too punctually, I hope.
915 4495 1193 4642 HALM.
1435 4550 3574 4789 (Rising, with obvious relief) No, we have
927 4651 1200 4783 WEIH.
1432 4719 2075 4859 done already.
1429 4804 3605 4991 Oh, I.M glad of that, and I hope our patient
927 4844 1209 5000 HALM.
1426 4957 2668 5034 feels calmer for it. Eh
1447 5052 2742 5245 (Nodding) Yes, thank you.
939 5073 1212 5251 RADE.
1438 5193 3510 5349 Well, goodtye for the present, old friend.
1450 5282 3666 5441 If the Doctor will albwe me I shall look in on
949 5260 1212 5407 WEIH.
1444 5389 2947 5557 you again in a couple of day s.
3256 5370 3449 5536 so
1450 5496 3678 5664 certainly. I will give instructions that at
955 5560 1258 5734 HALM.
1457 5664 2289 5805 any time
