4312 5032
1981 284 2236 425 - 6 -
1425 383 3994 655 The Ball of the Elizabeth Institute premises to be one
879 374 1051 645 OCH:
1444 613 3757 748 of the most fashionable events of the Season this
1457 754 3764 930 year. It's in the papers already. I understand,
1444 923 3614 1112 Doctor, that you have bedicated a waltz to the
1451 1045 1943 1272 Committee.
818 1252 1093 1502 OSKAR:
1438 1265 3799 1470 (Deprecatingly) It’s nothing — (Looking towards
1492 1425 3233 1633 the ward). What's the news in there?
815 1658 1067 1844 Ho0ch:
1425 1636 2962 1891 The seernic case won’t last long.
789 1917 1096 2121 OSKAR:
1422 1898 3920 2099 Ah yes....... (Commiseratingly) nothing could be done
1422 2058 1757 2195 there.
1425 2265 2907 2483 I gave her a camphor injection.
786 2259 1042 2476 HoCH:
1415 2518 3885 2751 Yes, the art of prolonging life. That we understand
780 2508 1173 2687 OSKAR:
1428 2661 1789 2812 to a T.
1604 2904 3895 3064 Enter from right DR. BERNHARDI; aged over fifty,
1601 3054 4077 3237 beard sprinkled with rrey, straight hair, cut rather
1604 3205 3853 3377 short, his bearing is more that of a man of the
1617 3368 4003 3588 world than the student. With him enters his chief
1604 3543 4019 3681 assistant, DR. KURT PFLUGFELDER, aged 27, moustache
1594 3703 3847 3920 pince nez, likely and at the same time somewhat
1610 3860 1920 4026 stern.
1265 3994 2438 4147 Greetings areasschanged.
770 4179 1077 4364 BERNH:
1367 4253 2658 4396 (still at the door) But -
1585 4374 3872 4662 SISTER takes his overlenat, which he has hanging
