4232 5576
1749 512 1930 616 -5-
2895 503 3610 652 It's a damnable
530 562 2818 716 darling; we're going to have a wedding soon....”
544 634 3674 815 business. (Stands up, valks up and down.) And I can’t plame her
2881 707 3764 847 What else is there
525 716 2840 901 for it either. Because I understand it so well.
530 861 847 997 to do?
861 906 3053 1105 Prince: You were always much too good, Arpad.
883 1101 3665 1268 Count: What's so good about that? Why should I not under¬
924 1178 3678 1345 Thirty-eight has already struck for her. And she has said
548 1264 3642 1436 farewell to her profession. And that it’s no pleasure for her to
539 1210 888 1373 stand?
553 1336 3579 1508 llve on as a pensioned ballettinner and the active mistress of
562 1413 3696 1581 Count Pazmardy who with time naturally is getting to be an old ass
553 1472 3819 1672 everyone must certainly feel with her. I was prepared for it. Don't
553 1640 2324 1758 blame her in the least, 'pon my soul.
888 1730 2646 1939 Prince: So you psrted good friends?
892 1884 3647 2057 Count: Naturally. In fact it was quite a jolly fairewell.
566 1984 3452 2129 My soul. At first I didn't know how hard it would be for me.
571 2038 3837 2206 came to realize it gradually. really, it’s quite a remarkable story..
901 2179 2763 2410 Prince: What’s soû remarkable about it?
911 2319 3683 2523 Count: Wait. Let me tell you about it. When I left her
571 2446 3715 2618 house for the last time one night last week, suddenly I felt--how
593 2501 3860 2682 shall I say—quite light hearted. 'Now you're a free man,' I thought
589 2591 3810 2781 to myself. Now every evening that God has given you, you don’t have
593 2668 3769 2845 to go to Mayerhof St. and to sit at table with Lolo and chatter or
589 2727 4018 2908 only listen to her. Kelly sometimes it wasorall enough to make you jam;
172 2809 3814 3012 and in the middle of the night to go home again and then after
589 2913 3728 3108 all that, to have to give an account of yourself if you take supper
589 2990 3737 3157 with friends once in a while at the Casino or go to the opera with
607 3080 3678 3257 your daughter, or to the Theater. Well, what's the use of talking
602 3135 3778 3307 about it? I was really feeling quite fit on the way home. Had all
598 3225 3696 3411 sorts of plans in my head....Oh not what you imagine...... no--plans
602 3289 3823 3465 for travel, as I had long wanted to do—to Africa or India, as-free
602 3398 3728 3561 man... that is to say, I should have taken my little girl with me.
625 3493 3031 3647 Yes, you length, because I still say my little girl.
2075 3592 3832 3746 Mizzi really looks like a young girl.
612 3633 2043 3801 Prince:I never thought of it.
612 3706 3764 3905 like a very young girl. especially recently in her new Florentine
612 3855 1119 3986 straw hat.
947 3923 3832 4082 Count: Like a young girl! And yet she's the same age exact-
625 4014 3692 4195 ly as Lolo. Yes, you know! We're getting old, Egon. All of us.
639 4050 3850 4263 Yes, Yes...And lovely. But truly, at first I didn't notice it. The
621 4168 3751 4381 first days after the fairewell party it wasn't so bad. It was only
630 4231 3891 4430 day before yesterday and yesterday, when the hour came when I usually
648 4331 3855 4512 went to Mayerhofgasse...and now, when Peter brought me the roses--
643 4412 3909 4598 for Lolo, of course — it became clear to me that for the second time
625 4494 3828 4675 in my life I had become a widower. Yes; dear friend. And now it's
639 4607 2822 4761 for ever. Now comes solitude. Now it's here
965 4707 2985 4947 Prince: But that’s ridiculous. Solitude!
974 4870 3946 5074 Count: Don't be angry with me; but you don't understand. You
630 4997 3946 5205 have lived so difficulty from me. You haven’t gone in for anything
