4264 5624
1877 490 2104 643 -28-
676 579 3698 712 would really..do you know, without you...You needn't look at me
676 655 3795 825 like that...I know that I didn't trouble about you all these years
672 789 1343 931 as I shghid...
1016 858 3751 1040 Countess: (taking his hand) But Papa, you aren’t going to
660 987 2468 1129 apologize? I understand it perfectly.
1052 1056 3650 1271 Count: Yes! But don't you see,- without you there will
660 1169 3739 1355 be no pleasure for me in the whole journey. And what do you want
668 1315 2254 1481 to do here alone. Point all day?
1578 1355 3844 1614 The thing is only this... The Prince has asked me
1060 1428 1538 1602 Countess:
664 1546 1266 1708 for my hand.
1052 1639 3767 1805 Count: What? Is it possible? But go on...And.. And you
672 1776 1186 1938 said...No?
1056 1882 2153 2072 Countess: More or less.
1052 2003 3731 2181 Count: Ah. Well yes...After all I have never talked you
1432 2173 3654 2258 As you think...But really I don’t know why not.
688 2157 1372 2294 into anything.
680 2217 3795 2351 have long noticed that he... In age you are not bodily matched. And
680 2290 3803 2464 as for other conditions...Sixty millions aren’t exactly a thing to
700 2403 1922 2553 despise. But as you wish.
1076 2509 2068 2715 Countess: (Is silent)
1072 2630 3888 2816 Count: Or us it perhaps because of the boy? I really think
692 2768 3941 2893 that would be exaggeration. Such things happen in the best families.
704 2857 3751 2982 And especially when his wife always had trouble with her heart...
692 2921 3771 3071 Juddenly one is drawn into such affairs... without knowing oneself
692 3055 894 3156 how
1129 3055 3901 3298 Countess: And one deserts a poor working girl and lots her
692 3269 1036 3407 perish
1129 3375 3864 3512 Count: Please--that only happens in books. How could he
692 3468 3868 3613 help that? These creatures unfortunately die early. And who knows
704 3561 3957 3686 that if she hadn’t died, if he would not...I really find it very fine
712 3634 3917 3759 of him, what he has done about the boy. One needs courage for that.
700 3702 3767 3832 I could tell you of some...Well, let's not talk about it...But if
704 3795 3759 3913 that is the only thing that speaks against him.. And besides, be¬
712 3884 3108 4022 ing together in Ostend doesn't bind you in any way.
1173 4010 2270 4172 Countess: That's true.
1129 4160 3905 4309 Counte Well then. I’ll tell you what. You just come with
943 4265 3876 4382 If you like it, stay. If not, then perhaps you can go over to
688 4285 890 4398 me.
1966 4354 3735 4495 I only mean, there's no sense in your
712 4386 1926 4483 London to your Aunt Lori.
704 4459 1845 4572 letting me go off alone.
1125 4520 2375 4730 Countess: Very well then.
1137 4746 1728 4872 Count: What?
1153 4847 3828 5013 Countess: I'm going with you, Papa But without any ob¬
692 4989 2201 5179 ligation. In absolute freedom.
1105 5098 2497 5313 Count: You are going with me?
