4296 5672
1768 508 1973 665 -19-
472 551 1641 783 I learned to ride and.....
788 757 1702 901 Countess: And....?
788 840 1978 1072 Philip: To play the clarinet.
805 1002 3233 1181 Countess (laughs) Why did you desitate to say that?
818 1164 3898 1348 Philip: Because...Well, because all people laugh when I say that
481 1247 3828 1409 I am learning to play clarinet. You laughed too, Countess. Isn’t that
871 1343 3631 1531 Did anyone ever laugh when you told them that you point to
481 1400 739 1492 funny.
494 1452 1159 1571 pass the time?
822 1488 2699 1711 Countess: So you know that too already?
822 1667 3911 1816 Philip: O yes, Excellency...Dat told me that. And there's even a
490 1798 3780 1925 flower piece, a sort of Chinese vase with laburnum and something purple
490 1881 2608 1999 with it, hanging in my bedroom in the castle.
822 1960 2555 2043 Countess: The purple must be lilacs.
822 1999 3806 2144 Philip: Naturally—lilacs. I recognized them immediately. I
503 2087 2555 2253 just couldn't think of the name, that's all.
822 2188 3933 2371 Servant (enters) There's a lady out here, who would like to speak
490 2341 2918 2450 with the Count. I showed her into the drawing room.
818 2446 3684 2647 Countess: A lady? Pardon me a moment, gentlemen. (Leaves.)
818 2586 3202 2809 Philip: Well,Lead, if it depends on me, I approve.
809 2752 2516 2958 Prince: Of what? What do you mean?
809 2922 2424 3124 Philip: Idapprove of your choice.
809 3098 2161 3264 Prince: Are you crazy, boy?
809 3246 3780 3412 Philip: But Bad, you don't you can keep a secret from me. The
477 3329 1339 3500 bourgeois blood...
805 3461 2520 3671 Prince: What are you talking about?
801 3622 3898 3780 Philip: Lock here, Bad; when you told me that you wanted first of
481 3736 3999 3881 all to present me to your old friend, the Count: and the Count had a daugh¬
477 3832 3732 3972 ter, which I, by the way, had long known – I was only a little afraid
477 3911 2179 4034 that she might perhaps be too young.
801 4056 3846 4196 Prince: (angrily, but laughing in suite of himself) too young...
801 4161 3574 4331 Philip: That you eherished a certain predilection for this
464 4283 3859 4410 danghter was easy to see. You were downright embarrased when you spoke
477 4366 3951 4506 of her. And then you told me all sorts of things about her that you would
477 4480 3811 4581 not have told me about others. For example why should the paintings of
472 4541 3846 4659 some indifferent countess or other interest me? Even if you can tell the
459 4624 3767 4721 difference between her lilacs and laburnum by the difference in color.
472 4708 3859 4799 So I thought to myself right away that you were only bringing me here to
472 4773 3902 4887 see what impression she made on me. And as I have said, my only fear was
477 4856 3754 4957 that she might be too young—as my mother, not as your wife. You, of
459 4939 3762 5049 course, can still lay claims to the Ioungest and prettiest. But now I
472 5022 3736 5167 can say to you,Lead, I find her quite satisfactory, just as she if
788 5136 3749 5263 Prince: You are really the mostaeceful rascal that I ever
