4248 5672
2944 448 3248 567 at all
1827 419 2033 587 -16
608 505 3679 669 you than you probably guess. For example it is not unknown to me
608 620 3802 727 that you have spent these seventeen years in a better way than
604 694 3630 813 weep for a man who at that time was probably not quite worthy of
612 768 3663 903 you. Yes, I even know that after the cisappointment that you ex¬
616 858 3490 1006 perienced with me, you insisted on experiencing still others.
949 990 3679 1125 Countess: Disappointments? Well, for your comfort, I can
595 1080 3716 1203 assure you, dear Prince, that there were very pleasant experiences
604 1195 1142 1322 among them.
2205 1281 3716 1445 Should I dare otherwise to main¬
944 1293 2152 1441 Prince: That I know too.
620 1408 2833 1548 tain that I really know the story of your life?
944 1523 3593 1667 Countess: And do you perhaps imagine that I do not know
628 1610 3770 1762 yours? World you like me to recount to you the list of your lives?
616 1721 3642 1827 From the wife of the Belgarian Attache, 1887 to Mlle. Therese
608 1794 3626 1930 Gredun, if that is really her name—who at least to this spring
616 1872 3811 2004 reigned in full glory over you? Probably I know even more than you
608 1963 3392 2102 about them, because I know with whom each one betrayed you.
3379 2078 3774 2201 When one
928 2065 3301 2226 Prince: I'd rather you didn't tell me about that.
620 2180 3770 2308 doesn't discover such things himself, there can be no real pleasure
608 2226 3909 2398 in hearing about them. (Sonnd of a car nunge Upproaching and dopping)
628 2353 3733 2480 ...But there he is. Perhaps you would like to disappear before he
608 2427 2735 2575 enters the garden. I hold him off that long.
2644 2538 3852 2702 It is my pleasure to stay.
944 2558 2612 2710 Countess: Don't trouble yourself.
608 2657 3728 2772 But if you perhaps believe I am the least bit moved....It’s only a
620 2735 3737 2870 young man come to visit my father. There he is already... The call
2410 2817 3634 2948 I feel absolutely nothing,
628 2833 2373 2961 of the blood? That must be a fable.
608 2915 1203 3051 dear Prince.
944 3063 3737 3174 Philip (entersduickly through the main gate. He is seven-
620 3121 3864 3236 teen years old,ern alender, handsome, elegant, but not foppish,pleasant-
620 3191 3638 3338 ly, rather boyishly impudent, still not without shyness) How do
616 3306 2287 3441 you do? (Bows before the Countess)
957 3412 3868 3548 Prince: Good morning, Philip. Countess, may I present my son?
608 3515 3798 3671 This is Countess Mizzi, the daughter of my old friend in whose home
620 3622 1195 3749 you now are.
944 3741 3827 3868 Philip (Takes the hand offered by the Countess and kisses it.
608 3839 1240 3999 as a
961 3967 2398 4151 Countess: Wen't you sit down?
944 4135 3326 4316 Philip: thanks, Countess. (All remain standing.)
957 4279 3901 4435 Prince: Did you come out with the carriage? You might send it
632 4390 1770 4546 back—I have mine here.
957 4505 3806 4665 Philip: Worldn’t you rather side back with me, Bad? I find
620 4607 3761 4730 that Wasner drives much better than your Franz with his old family
620 4730 875 4866 nags.
944 4821 2501 4989 Countess: You ride with Wasner?
949 4989 1601 5157 Philip: Yes.
