3576 5096
1342 332 1625 537 - 11 -
697 505 3012 713 My dear fellow, guesswork!.... How can you....!
150 567 427 742 EEEN :
703 707 3012 837 Intuition they call that! The gift of Diagnosis!
150 951 414 1110 Hooh:
684 967 2869 1127 Anyway it would have been too late to operate.
703 1110 3162 1306 Ont of the question, In the State Hospital they can
160 1179 420 1322 EEEN :
703 1325 3142 1462 indulge in such experiments, but we, a vompar ltively
710 1429 3191 1651 young, so to say, private Institute —— you know, my
710 1609 3074 1771 dear fellow, there are always cases where only the
703 1775 3289 1947 house Doctors are in favour of operating. Then, on the
710 1941 3253 2113 other hand, they always say that we are too ready with
697 2084 1208 2273 the knife.
710 2286 2384 2494 (HOCHROITZPOLINTNER begins to write)
160 2553 404 2706 EPEN :
703 2559 3302 2677 Excuse my interrupting you again.. Of course you attend
684 2693 2286 2862 at the Tugendvetter Section also?
697 2947 1446 3126 Yes, Professor.
143 3136 391 3331 EBEN:
697 3136 3250 3292 I should like to ask you something in confidence. How
697 3312 1866 3500 does Dr, Wenger lecture?
143 3553 391 3732 HoCH:
703 3520 1254 3735 Dr. Wenger?
684 3794 3045 4005 Well yes, he often acts as subscribe, doesn't he
143 3794 384 3950 EEEN:
710 3973 3282 4119 when the old man has an urgent call to a hunting party,
684 4119 2286 4285 or to a Prince with an infection.
140 4328 397 4523 Hooh:
687 4347 3308 4536 Yes, certainly, on those occasions Dr. Wenger gives the
681 4520 1094 4709 lecture.
