3672 4984
1545 226 1781 399 - 7 -
942 459 3179 669 over his shoulder, and hangs it on a cost peg.)
266 593 516 875 KURT:
762 716 3322 879 I can’t help it Professor. Dr. Adler would have been
766 872 3285 1032 better pleased if Dr. Enenwald's congressis had turned
769 972 1541 1175 out to be right.
236 1188 526 1391 BERNH
762 1205 3006 1425 (Smiling) Really Dr. Pflugfelder. You suspect
709 1361 3272 1578 disloyalty everywhere. Where will you end up with all
709 1545 1538 1758 these suspicions?
243 1774 506 1927 HoCH:
756 1754 1861 1964 Good morning Professor.
250 2007 536 2184 BERNH:
739 1981 1395 2184 Good morning.
233 2244 479 2397 HoCH:
752 2267 3122 2457 I have just heard from Dr. Oskar that we have been
752 2403 1388 2590 proved right.
223 2550 509 2773 BERNH
729 2593 3096 2836 Yes, my collegue. But at the same time" we" were
739 2829 3106 2949 proved wrong. Or are you no longer studying under
739 2936 1391 3149 Dr. Ebenwald?
216 3162 533 3325 OSKAR:
729 3119 3289 3395 Dr. Hochroitzpointner attends in nearly every Section.
220 3395 516 3555 BERNH:
732 3422 3196 3572 Then you must have a large stock of loyalty on hand.
789 3522 2473 3738 ( des HOCHROITZPOINThek rerses hie laps)
213 3655 516 3888 BERNH:
736 3718 3415 3888 (Laying his hand lightly on Hochroitzpointner’s shoulder,
776 3881 2210 4081 kindly) Well, what's the news?
206 4088 476 4297 HoCH:
722 4104 2437 4347 The seernic case is going very bodily,
203 4311 523 4487 BERNH:
719 4334 2120 4547 Is the poor girl still alive?
