3832 5704
861 241 1120 471 "    "  "
1229 295 1568 474 „ „
1692 292 2156 489 1 1/2/1
963 675 1722 883 Courniess Mitzi
875 999 1791 1196 The Family Reunion.
394 1120 2371 1368 A comedy in One Act, by Arthur SCHNITZLES
1043 1382 1992 1576 Count Arpad Pazmandy
412 1437 978 1645 Characters:
1025 1554 1995 1758 Mizzi, his daughter.
1032 1725 2170 1900 Egon, Prince Ravenstein.
1025 1889 1744 2072 Lolo Langhuber.
1025 2024 1393 2247 Philip
1047 2167 1981 2360 Professor Windhofer
1058 2396 1386 2553 Wasner.
1058 2509 1678 2699 The Gardener
1054 2674 1619 2830 The Servant
456 2754 3389 2995 Garden of the Count’s villa. High lattice work in back. Gate
456 2900 3268 3068 slightly to the right. left forward, the façade of the two-
88 2820 376 3024 Scene
427 2973 3246 3148 storied villa, that at one time was a hunting-ledge-- built
474 3060 3272 3232 180 years before, lrenovated 50 years before. A shallow ter¬
456 3159 3286 3290 race from which three imbrs-stairs lead into the garden, ex¬
471 3235 3115 3378 tends along the raised ground floor. An open class door
471 3290 3337 3461 leads from the terrace into the drawing-room. The main floor
471 3367 3301 3545 has simpleussindows; over the second floor is a small flower-
471 3476 3301 3626 adorned balcony that belong to a sort of attic studio. Be¬
471 3534 3203 3691 fore the villa is a laws withelower-beds. Right forward,
471 3611 3286 3801 under a tree, are a garden-bench, small table and arm chair.
460 3739 3265 3958 (enters from right with servant. He is an elderly gentleman
474 3852 3188 4016 with pray moustache; very wellogreserved, in carriage and
157 3826 401 3965 Count
478 3906 3257 4111 hearing the former officer. Wears niding-habit and carried
485 4071 1196 4242 a riding-whip.
481 4206 3330 4406 Servant: And at what hour would your honor like luncheon
153 4344 449 4512 tyday.
492 4454 3286 4658 Count: (Speaks an officer's dialect. Light's a large vigar)
153 4629 748 4818 two o'clock.
492 4713 3250 4935 Servant: And at what time shall the horses be ready, your
171 4880 481 5048 honor?
511 4964 3396 5136 Countess: (appears on the balcony, palette andébrush in hand.
175 5103 1838 5271 She calls down) Good morning, Papa.
529 5205 1813 5409 Count: Hello, there, Mizzi.
