<?xml version="1.0" encoding="UTF-8" standalone="yes"?>
<PcGts xmlns="http://schema.primaresearch.org/PAGE/gts/pagecontent/2013-07-15" xmlns:xsi="http://www.w3.org/2001/XMLSchema-instance" xsi:schemaLocation="http://schema.primaresearch.org/PAGE/gts/pagecontent/2013-07-15 http://schema.primaresearch.org/PAGE/gts/pagecontent/2013-07-15/pagecontent.xsd">
    <Metadata>
        <Creator>prov=READ-COOP:name=TrHtr:version=2.1.0:model_id=51170:date=15_08_2023_04:46</Creator>
        <Created>2023-05-10T15:12:07.434+02:00</Created>
        <LastChange>2023-08-15T04:46:15.797+02:00</LastChange>
        <TranskribusMetadata docId="1428823" pageId="55431801" pageNr="41" tsid="132838960" status="IN_PROGRESS" userId="64420" imgUrl="https://files.transkribus.eu/Get?id=PKBCVAQBJUJJWTAXCGKYWBQQ&amp;fileType=view" xmlUrl="https://files.transkribus.eu/Get?id=COEZLIZGZXPCXFTOFHQQWUQO" imageId="44705838"/>
    </Metadata>
    <Page imageFilename="1428823_0041.jpg" imageWidth="4216" imageHeight="5640">
        <ReadingOrder>
            <OrderedGroup id="ro_1711802858534" caption="Regions reading order">
                <RegionRefIndexed index="0" regionRef="tr_1"/>
            </OrderedGroup>
        </ReadingOrder>
        <TextRegion id="tr_1" custom="readingOrder {index:0;}">
            <Coords points="483,649 3949,649 3949,5207 483,5207"/>
            <TextLine id="tr_1_tl_1" custom="readingOrder {index:0;}">
                <Coords points="2419,730 2664,726 2773,777 3145,713 3343,768 3609,768 3609,629 3563,616 3415,650 3314,608 3111,637 2972,595 2862,642 2778,604 2419,642"/>
                <Baseline points="2443,722 2455,716 2545,716 2634,710 2724,716 2814,716 2903,710 2993,710 3082,705 3172,710 3262,710 3351,705 3441,705 3530,699 3620,699"/>
                <TextEquiv>
                    <Unicode>Anything serious, I mean.</Unicode>
                </TextEquiv>
            </TextLine>
            <TextLine id="tr_1_tl_2" custom="readingOrder {index:1;}">
                <Coords points="460,760 2360,730 2360,667 2212,646 1845,688 1283,608 1013,697 903,650 616,697 464,642"/>
                <Baseline points="483,758 489,758 579,752 669,752 758,758 848,746 938,746 1027,746 1117,740 1206,734 1296,734 1386,734 1475,734 1565,734 1654,728 1744,728 1834,728 1923,728 2013,722 2103,722 2192,722 2282,722 2371,722"/>
                <TextEquiv>
                    <Unicode>since your poor wife died ten years ago.</Unicode>
                </TextEquiv>
            </TextLine>
            <TextLine id="tr_1_tl_3" custom="readingOrder {index:2;}">
                <Coords points="460,870 2723,865 2727,756 464,756"/>
                <Baseline points="483,836 495,830 585,830 675,830 764,830 854,830 943,824 1033,830 1123,824 1212,818 1302,818 1392,812 1481,812 1571,812 1660,812 1750,806 1840,806 1929,806 2019,806 2109,800 2198,800 2288,794 2377,800 2467,800 2557,794 2646,794 2736,800"/>
                <TextEquiv>
                    <Unicode>And besides, you have a profession, so to speak.</Unicode>
                </TextEquiv>
            </TextLine>
            <TextLine id="tr_1_tl_4" custom="readingOrder {index:3;}">
                <Coords points="789,1000 979,1038 1076,992 1165,988 1199,1017 1511,992 1511,886 1397,908 1245,865 1098,886 1051,861 954,899 844,857 789,878"/>
                <Baseline points="812,973 896,973 985,973 1075,973 1165,967 1254,967 1344,967 1433,967 1523,967"/>
                <TextEquiv>
                    <Unicode>Prince: How so?</Unicode>
                </TextEquiv>
            </TextLine>
            <TextLine id="tr_1_tl_5" custom="readingOrder {index:4;}">
                <Coords points="789,1178 1068,1157 1304,1199 1752,1148 1988,1182 2073,1157 2073,1013 1756,1000 1634,1043 1537,984 1300,1064 1034,1009 950,1064 789,1055"/>
                <Baseline points="812,1129 824,1135 914,1135 1003,1129 1093,1129 1182,1129 1272,1129 1362,1129 1451,1123 1541,1123 1631,1123 1720,1117 1810,1117 1899,1117 1989,1117 2079,1123"/>
                <TextEquiv>
                    <Unicode>Count: Why, House of Lords.</Unicode>
                </TextEquiv>
            </TextLine>
            <TextLine id="tr_1_tl_6" custom="readingOrder {index:5;}">
                <Coords points="777,1330 874,1313 946,1342 1043,1300 1144,1342 1325,1300 1651,1330 1651,1216 1537,1195 1355,1182 1317,1216 1271,1178 1186,1178 1102,1228 777,1207"/>
                <Baseline points="800,1284 890,1284 979,1284 1069,1284 1159,1284 1248,1284 1338,1284 1427,1284 1517,1284 1607,1278 1660,1284"/>
                <TextEquiv>
                    <Unicode>Prince: Well,-yes.</Unicode>
                </TextEquiv>
            </TextLine>
            <TextLine id="tr_1_tl_7" custom="readingOrder {index:6;}">
                <Coords points="789,1465 2524,1494 2778,1452 2778,1300 2208,1304 2014,1389 1739,1292 1317,1393 1123,1321 789,1368"/>
                <Baseline points="812,1445 818,1445 908,1439 997,1439 1087,1439 1176,1439 1266,1439 1356,1439 1445,1439 1535,1433 1625,1433 1714,1433 1804,1427 1893,1427 1983,1427 2073,1421 2162,1421 2252,1421 2342,1421 2431,1421 2521,1415 2610,1415 2700,1415 2790,1421"/>
                <TextEquiv>
                    <Unicode>Count: And twice you were almost minister.</Unicode>
                </TextEquiv>
            </TextLine>
            <TextLine id="tr_1_tl_8" custom="readingOrder {index:7;}">
                <Coords points="794,1655 912,1608 1051,1651 1224,1608 1317,1659 1490,1613 1596,1638 1646,1621 1651,1503 1482,1499 1406,1541 1275,1503 1203,1537 1157,1511 1093,1537 946,1499 798,1511"/>
                <Baseline points="818,1601 854,1601 943,1601 1033,1595 1123,1595 1212,1595 1302,1595 1392,1595 1481,1595 1571,1595 1660,1595"/>
                <TextEquiv>
                    <Unicode>Prince: Almost....</Unicode>
                </TextEquiv>
            </TextLine>
            <TextLine id="tr_1_tl_9" custom="readingOrder {index:8;}">
                <Coords points="794,1756 3854,1731 3854,1604 3571,1583 2529,1689 798,1659"/>
                <Baseline points="818,1756 902,1756 991,1756 1081,1750 1171,1750 1260,1750 1350,1750 1439,1744 1529,1744 1619,1744 1708,1738 1798,1738 1887,1738 1977,1738 2067,1732 2156,1732 2246,1732 2336,1732 2425,1732 2515,1732 2604,1726 2694,1726 2784,1726 2873,1726 2963,1720 3053,1720 3142,1720 3232,1714 3321,1714 3411,1714 3501,1714 3590,1708 3680,1708 3769,1708 3859,1720"/>
                <TextEquiv>
                    <Unicode>Count: Who knows? Perhaps some time you’ll really be successful.</Unicode>
                </TextEquiv>
            </TextLine>
            <TextLine id="tr_1_tl_10" custom="readingOrder {index:9;}">
                <Coords points="460,1870 3677,1887 3651,1722 464,1777"/>
                <Baseline points="489,1840 549,1840 639,1840 728,1840 818,1840 908,1840 997,1840 1087,1834 1176,1834 1266,1834 1356,1834 1445,1828 1535,1828 1625,1822 1714,1822 1804,1822 1893,1822 1983,1816 2073,1816 2162,1816 2252,1816 2342,1810 2431,1810 2521,1810 2610,1804 2700,1804 2790,1804 2879,1804 2969,1804 3058,1804 3148,1798 3238,1798 3327,1798 3417,1798 3507,1792 3596,1792 3686,1792"/>
                <TextEquiv>
                    <Unicode>And I'm through. Even let myself be pensioned three years ago, foot</Unicode>
                </TextEquiv>
            </TextLine>
            <TextLine id="tr_1_tl_11" custom="readingOrder {index:10;}">
                <Coords points="477,1938 570,1967 608,1933 663,1946 701,1921 823,1942 874,1971 950,1938 1000,1950 1000,1853 908,1870 861,1840 815,1857 751,1845 713,1883 659,1845 612,1870 477,1862"/>
                <Baseline points="501,1923 591,1923 681,1923 770,1917 860,1917 949,1917 1009,1923"/>
                <TextEquiv>
                    <Unicode>that was</Unicode>
                </TextEquiv>
            </TextLine>
            <TextLine id="tr_1_tl_12" custom="readingOrder {index:11;}">
                <Coords points="802,2094 3039,2123 3765,2060 3765,1912 802,1971"/>
                <Baseline points="824,2067 908,2067 997,2073 1087,2073 1176,2073 1266,2067 1356,2067 1445,2061 1535,2067 1625,2061 1714,2055 1804,2055 1893,2055 1983,2049 2073,2049 2162,2049 2252,2049 2342,2049 2431,2049 2521,2043 2610,2043 2700,2037 2790,2037 2879,2037 2969,2037 3058,2037 3148,2037 3238,2031 3327,2031 3417,2031 3507,2025 3596,2025 3686,2025 3775,2037"/>
                <TextEquiv>
                    <Unicode>Prince: (smiling) But in return you’re now a free man. Entirely</Unicode>
                </TextEquiv>
            </TextLine>
            <TextLine id="tr_1_tl_13" custom="readingOrder {index:12;}">
                <Coords points="473,2203 2258,2195 2634,2136 2634,2081 473,2111"/>
                <Baseline points="495,2162 585,2156 675,2156 764,2156 854,2150 943,2150 1033,2150 1123,2150 1212,2144 1302,2144 1392,2138 1481,2138 1571,2138 1660,2138 1750,2138 1840,2132 1929,2132 2019,2132 2109,2126 2198,2126 2288,2126 2377,2126 2467,2126 2557,2120 2646,2126"/>
                <TextEquiv>
                    <Unicode>free. The whole world stands open before you.</Unicode>
                </TextEquiv>
            </TextLine>
            <TextLine id="tr_1_tl_14" custom="readingOrder {index:13;}">
                <Coords points="3077,2292 3174,2275 3191,2292 3352,2275 3390,2292 3470,2275 3487,2292 3567,2271 3567,2166 3537,2174 3516,2153 3402,2182 3377,2161 3314,2170 3293,2144 3225,2199 3191,2174 3082,2187"/>
                <Baseline points="3106,2270 3130,2264 3220,2264 3309,2264 3399,2264 3489,2258 3578,2264"/>
                <TextEquiv>
                    <Unicode>That's it.</Unicode>
                </TextEquiv>
            </TextLine>
            <TextLine id="tr_1_tl_15" custom="readingOrder {index:14;}">
                <Coords points="815,2330 2980,2301 3044,2292 3044,2161 819,2246"/>
                <Baseline points="836,2306 902,2306 991,2306 1081,2306 1171,2306 1260,2300 1350,2300 1439,2300 1529,2294 1619,2294 1708,2294 1798,2288 1887,2288 1977,2288 2067,2288 2156,2282 2246,2282 2336,2282 2425,2288 2515,2276 2604,2276 2694,2276 2784,2276 2873,2270 2963,2270 3053,2276"/>
                <TextEquiv>
                    <Unicode>Count: But no desire for anything, old friend.</Unicode>
                </TextEquiv>
            </TextLine>
            <TextLine id="tr_1_tl_16" custom="readingOrder {index:15;}">
                <Coords points="473,2402 3677,2360 3723,2271 473,2284"/>
                <Baseline points="495,2377 507,2383 597,2389 687,2389 776,2389 866,2389 955,2389 1045,2383 1135,2383 1224,2383 1314,2383 1404,2377 1493,2377 1583,2371 1672,2371 1762,2371 1852,2371 1941,2365 2031,2365 2120,2365 2210,2359 2300,2359 2389,2359 2479,2353 2569,2353 2658,2353 2748,2348 2837,2353 2927,2348 3017,2348 3106,2348 3196,2342 3286,2342 3375,2342 3465,2342 3554,2336 3644,2336 3734,2342"/>
                <TextEquiv>
                    <Unicode>Not once have I gone to the Casino since then. Do you know what I've</Unicode>
                </TextEquiv>
            </TextLine>
            <TextLine id="tr_1_tl_17" custom="readingOrder {index:16;}">
                <Coords points="477,2482 3668,2482 3774,2339 477,2393"/>
                <Baseline points="501,2473 555,2473 645,2473 734,2473 824,2467 914,2473 1003,2467 1093,2467 1182,2461 1272,2461 1362,2455 1451,2455 1541,2455 1631,2449 1720,2449 1810,2449 1899,2449 1989,2443 2079,2443 2168,2443 2258,2443 2348,2443 2437,2437 2527,2437 2616,2431 2706,2431 2796,2431 2885,2431 2975,2431 3064,2425 3154,2425 3244,2425 3333,2419 3423,2419 3513,2419 3602,2413 3692,2413 3781,2413"/>
                <TextEquiv>
                    <Unicode>been doing these last evening? Sitting out there under the tree with</Unicode>
                </TextEquiv>
            </TextLine>
            <TextLine id="tr_1_tl_18" custom="readingOrder {index:17;}">
                <Coords points="485,2588 958,2575 1034,2609 1287,2550 1389,2588 1452,2554 1515,2592 1613,2579 1613,2503 1511,2461 1439,2491 485,2491"/>
                <Baseline points="507,2551 549,2551 639,2551 728,2551 818,2557 908,2551 997,2545 1087,2545 1176,2545 1266,2539 1356,2539 1445,2533 1535,2533 1625,2533"/>
                <TextEquiv>
                    <Unicode>Mizzi, playing dominoes.</Unicode>
                </TextEquiv>
            </TextLine>
            <TextLine id="tr_1_tl_19" custom="readingOrder {index:18;}">
                <Coords points="3183,2693 3242,2668 3280,2685 3402,2659 3432,2676 3597,2655 3770,2664 3770,2571 3685,2567 3651,2588 3580,2550 3529,2596 3483,2575 3352,2605 3183,2545"/>
                <Baseline points="3208,2652 3244,2658 3333,2652 3423,2652 3513,2652 3602,2652 3692,2646 3781,2646"/>
                <TextEquiv>
                    <Unicode>When one has</Unicode>
                </TextEquiv>
            </TextLine>
            <TextLine id="tr_1_tl_20" custom="readingOrder {index:19;}">
                <Coords points="819,2714 3136,2680 2980,2567 2119,2651 1988,2583 819,2605"/>
                <Baseline points="842,2700 908,2700 997,2700 1087,2700 1176,2694 1266,2694 1356,2694 1445,2694 1535,2688 1625,2688 1714,2676 1804,2682 1893,2682 1983,2682 2073,2682 2162,2682 2252,2676 2342,2676 2431,2670 2521,2670 2610,2670 2700,2670 2790,2664 2879,2664 2969,2658 3058,2658 3148,2664"/>
                <TextEquiv>
                    <Unicode>Prince: Well then—you see, that's not solitude.</Unicode>
                </TextEquiv>
            </TextLine>
            <TextLine id="tr_1_tl_21" custom="readingOrder {index:20;}">
                <Coords points="477,2790 3862,2811 3867,2664 481,2672"/>
                <Baseline points="501,2784 561,2790 651,2784 740,2784 830,2784 920,2784 1009,2784 1099,2778 1188,2772 1278,2772 1368,2772 1457,2772 1547,2766 1637,2766 1726,2760 1816,2760 1905,2760 1995,2760 2085,2754 2174,2754 2264,2754 2353,2754 2443,2748 2533,2748 2622,2748 2712,2748 2802,2742 2891,2742 2981,2736 3070,2736 3160,2736 3250,2730 3339,2730 3429,2730 3519,2730 3608,2730 3698,2730 3787,2730 3877,2724"/>
                <TextEquiv>
                    <Unicode>a daughter, and such a olever creature besides, with whom one has always</Unicode>
                </TextEquiv>
            </TextLine>
            <TextLine id="tr_1_tl_22" custom="readingOrder {index:21;}">
                <Coords points="494,2892 2187,2841 2499,2925 2744,2832 3309,2887 3542,2756 494,2799"/>
                <Baseline points="519,2867 597,2867 687,2861 776,2861 866,2861 955,2861 1045,2855 1135,2855 1224,2849 1314,2855 1404,2849 1493,2849 1583,2849 1672,2843 1762,2843 1852,2843 1941,2837 2031,2837 2120,2837 2210,2837 2300,2831 2389,2831 2479,2825 2569,2825 2658,2825 2748,2825 2837,2820 2927,2820 3017,2820 3106,2820 3196,2814 3286,2814 3375,2814 3465,2814 3554,2808"/>
                <TextEquiv>
                    <Unicode>been such friends......What does she say to your sending all your</Unicode>
                </TextEquiv>
            </TextLine>
            <TextLine id="tr_1_tl_23" custom="readingOrder {index:22;}">
                <Coords points="494,2968 806,3014 962,2972 1136,3006 1266,2942 1435,2997 1473,2984 1477,2862 1309,2866 1266,2900 1228,2870 498,2879"/>
                <Baseline points="519,2951 591,2945 681,2945 770,2945 860,2945 949,2939 1039,2939 1129,2933 1218,2933 1308,2933 1398,2927 1487,2933"/>
                <TextEquiv>
                    <Unicode>evenings at home now?</Unicode>
                </TextEquiv>
            </TextLine>
            <TextLine id="tr_1_tl_24" custom="readingOrder {index:23;}">
                <Coords points="1600,3090 3753,3077 3778,2972 1600,2989"/>
                <Baseline points="1625,3076 1637,3076 1726,3076 1816,3076 1905,3076 1995,3070 2085,3070 2174,3070 2264,3070 2353,3064 2443,3064 2533,3064 2622,3058 2712,3058 2802,3058 2891,3053 2981,3053 3070,3053 3160,3053 3250,3047 3339,3047 3429,3041 3519,3047 3608,3047 3698,3041 3787,3041"/>
                <TextEquiv>
                    <Unicode>It used to happen once in a while before. She</Unicode>
                </TextEquiv>
            </TextLine>
            <TextLine id="tr_1_tl_25" custom="readingOrder {index:24;}">
                <Coords points="815,3128 1047,3103 1093,3124 1203,3094 1469,3120 1528,3094 1528,3031 1418,3031 1325,2984 1186,3001 1119,3048 1051,2984 819,3001"/>
                <Baseline points="836,3088 908,3088 997,3088 1087,3088 1176,3088 1266,3088 1356,3088 1445,3088 1535,3082"/>
                <TextEquiv>
                    <Unicode>Count: nothing.</Unicode>
                </TextEquiv>
            </TextLine>
            <TextLine id="tr_1_tl_26" custom="readingOrder {index:25;}">
                <Coords points="494,3195 3639,3174 3727,3052 494,3120"/>
                <Baseline points="519,3184 603,3178 693,3178 782,3178 872,3178 961,3172 1051,3172 1141,3166 1230,3166 1320,3166 1410,3172 1499,3160 1589,3160 1678,3160 1768,3154 1858,3154 1947,3154 2037,3148 2126,3148 2216,3148 2306,3148 2395,3142 2485,3142 2575,3136 2664,3136 2754,3136 2843,3136 2933,3130 3023,3130 3112,3130 3202,3130 3291,3124 3381,3124 3471,3124 3560,3124 3650,3118 3740,3112"/>
                <TextEquiv>
                    <Unicode>doesn't say a word. What should she say? It seems to me she doesn’t</Unicode>
                </TextEquiv>
            </TextLine>
            <TextLine id="tr_1_tl_27" custom="readingOrder {index:26;}">
                <Coords points="494,3284 3288,3259 3542,3238 3542,3132 498,3191"/>
                <Baseline points="519,3268 597,3262 687,3262 776,3262 866,3256 955,3256 1045,3250 1135,3256 1224,3250 1314,3244 1404,3244 1493,3244 1583,3238 1672,3244 1762,3238 1852,3238 1941,3232 2031,3232 2120,3232 2210,3232 2300,3232 2389,3226 2479,3220 2569,3220 2658,3220 2748,3220 2837,3214 2927,3220 3017,3214 3106,3214 3196,3208 3286,3208 3375,3208 3465,3202 3554,3208"/>
                <TextEquiv>
                    <Unicode>notice a thing. Do you think that she knows anything about Lolo?</Unicode>
                </TextEquiv>
            </TextLine>
            <TextLine id="tr_1_tl_28" custom="readingOrder {index:27;}">
                <Coords points="815,3440 1174,3470 1317,3411 1908,3478 2073,3419 2372,3474 2372,3288 2279,3267 2132,3322 1553,3284 1199,3343 815,3280"/>
                <Baseline points="836,3405 860,3405 949,3411 1039,3405 1129,3405 1218,3405 1308,3405 1398,3405 1487,3405 1577,3405 1666,3399 1756,3393 1846,3393 1935,3387 2025,3387 2115,3387 2204,3387 2294,3381 2383,3387"/>
                <TextEquiv>
                    <Unicode>Prince: (laughs) Listen to that!</Unicode>
                </TextEquiv>
            </TextLine>
            <TextLine id="tr_1_tl_29" custom="readingOrder {index:28;}">
                <Coords points="3390,3546 3449,3529 3542,3537 3571,3516 3601,3542 3618,3525 3698,3521 3812,3533 3812,3445 3770,3449 3744,3423 3647,3436 3563,3474 3529,3440 3495,3453 3390,3428"/>
                <Baseline points="3411,3519 3465,3519 3554,3513 3644,3513 3734,3513 3823,3513"/>
                <TextEquiv>
                    <Unicode>But after</Unicode>
                </TextEquiv>
            </TextLine>
            <TextLine id="tr_1_tl_30" custom="readingOrder {index:29;}">
                <Coords points="2364,3542 2474,3567 2845,3529 2896,3567 2993,3529 3031,3554 3322,3537 3352,3533 3356,3445 3157,3474 2879,3453 2837,3487 2659,3423 2533,3461 2364,3445"/>
                <Baseline points="2389,3536 2461,3536 2551,3530 2640,3530 2730,3530 2820,3530 2909,3530 2999,3525 3088,3525 3178,3519 3268,3519 3357,3525"/>
                <TextEquiv>
                    <Unicode>Of course she knows.</Unicode>
                </TextEquiv>
            </TextLine>
            <TextLine id="tr_1_tl_31" custom="readingOrder {index:30;}">
                <Coords points="823,3580 2229,3571 2296,3554 2301,3478 1579,3453 1351,3525 1233,3449 1068,3499 827,3470"/>
                <Baseline points="848,3560 872,3566 961,3566 1051,3566 1141,3560 1230,3560 1320,3560 1410,3560 1499,3554 1589,3554 1678,3554 1768,3554 1858,3554 1947,3548 2037,3542 2126,3542 2216,3536 2306,3542"/>
                <TextEquiv>
                    <Unicode>Count: Oh, certainly. I know.</Unicode>
                </TextEquiv>
            </TextLine>
            <TextLine id="tr_1_tl_32" custom="readingOrder {index:31;}">
                <Coords points="494,3656 3128,3694 3622,3660 3791,3525 494,3580"/>
                <Baseline points="519,3656 573,3650 663,3656 752,3650 842,3644 932,3644 1021,3644 1111,3638 1200,3638 1290,3638 1380,3638 1469,3638 1559,3638 1648,3638 1738,3632 1828,3632 1917,3626 2007,3626 2097,3626 2186,3626 2276,3620 2365,3620 2455,3620 2545,3614 2634,3614 2724,3614 2814,3614 2903,3608 2993,3608 3082,3608 3172,3602 3262,3596 3351,3596 3441,3590 3530,3596 3620,3590 3710,3590 3799,3590"/>
                <TextEquiv>
                    <Unicode>all, I was almost a young man when her poor mother died. She couldn't</Unicode>
                </TextEquiv>
            </TextLine>
            <TextLine id="tr_1_tl_33" custom="readingOrder {index:32;}">
                <Coords points="490,3782 625,3786 726,3732 950,3765 1017,3732 1262,3799 1309,3774 1393,3791 1393,3672 1334,3651 937,3677 490,3656"/>
                <Baseline points="513,3728 603,3734 693,3734 782,3728 872,3728 961,3728 1051,3722 1141,3722 1230,3722 1320,3722 1404,3728"/>
                <TextEquiv>
                    <Unicode>hold it against me.</Unicode>
                </TextEquiv>
            </TextLine>
            <TextLine id="tr_1_tl_34" custom="readingOrder {index:33;}">
                <Coords points="1600,3795 1621,3791 1642,3812 1667,3816 1689,3803 1705,3816 1735,3795 1760,3820 1798,3820 1794,3664 1748,3668 1697,3719 1667,3723 1655,3715 1634,3732 1596,3736"/>
                <Baseline points="1625,3793 1714,3793 1804,3799 1810,3799"/>
                <TextEquiv>
                    <Unicode>not.</Unicode>
                </TextEquiv>
            </TextLine>
            <TextLine id="tr_1_tl_35" custom="readingOrder {index:34;}">
                <Coords points="832,3888 3795,3896 3799,3719 832,3808"/>
                <Baseline points="854,3883 938,3877 1027,3877 1117,3877 1206,3883 1296,3877 1386,3877 1475,3877 1565,3877 1654,3883 1744,3877 1834,3871 1923,3871 2013,3865 2103,3865 2192,3865 2282,3859 2371,3853 2461,3853 2551,3853 2640,3853 2730,3847 2820,3847 2909,3841 2999,3841 3088,3841 3178,3841 3268,3841 3357,3835 3447,3829 3536,3829 3626,3829 3716,3829 3805,3829"/>
                <TextEquiv>
                    <Unicode>Prince: certainly/ (lightly) But I imagine she must have felt</Unicode>
                </TextEquiv>
            </TextLine>
            <TextLine id="tr_1_tl_36" custom="readingOrder {index:35;}">
                <Coords points="494,3985 578,4010 612,3976 810,4002 1178,3968 1271,4014 1351,3972 1494,4019 1587,4006 1591,3888 494,3896"/>
                <Baseline points="519,3973 609,3973 699,3973 788,3967 878,3967 967,3961 1057,3961 1147,3961 1236,3961 1326,3955 1415,3955 1505,3955 1595,3955"/>
                <TextEquiv>
                    <Unicode>how much alone she was,</Unicode>
                </TextEquiv>
            </TextLine>
            <TextLine id="tr_1_tl_37" custom="readingOrder {index:36;}">
                <Coords points="874,4124 3597,4137 3761,4124 3765,3989 878,4002"/>
                <Baseline points="896,4116 902,4116 991,4122 1081,4122 1171,4116 1260,4116 1350,4116 1439,4116 1529,4110 1619,4110 1708,4110 1798,4104 1887,4104 1977,4104 2067,4098 2156,4098 2246,4098 2336,4092 2425,4092 2515,4092 2604,4092 2694,4086 2784,4080 2873,4074 2963,4080 3053,4080 3142,4086 3232,4080 3321,4074 3411,4068 3501,4068 3590,4068 3680,4068 3769,4068"/>
                <TextEquiv>
                    <Unicode>Count: Has she ever complained about me? Some, you can tell</Unicode>
                </TextEquiv>
            </TextLine>
            <TextLine id="tr_1_tl_38" custom="readingOrder {index:37;}">
                <Coords points="494,4230 536,4221 557,4242 578,4238 599,4259 612,4259 629,4272 659,4272 659,4149 616,4154 583,4124 561,4120 532,4137 494,4128"/>
                <Baseline points="519,4212 609,4212 669,4212"/>
                <TextEquiv>
                    <Unicode>me.</Unicode>
                </TextEquiv>
            </TextLine>
            <TextLine id="tr_1_tl_39" custom="readingOrder {index:38;}">
                <Coords points="823,4356 3841,4314 3567,4171 827,4251"/>
                <Baseline points="848,4355 890,4355 979,4355 1069,4355 1159,4355 1248,4355 1338,4349 1427,4349 1517,4349 1607,4343 1696,4343 1786,4343 1876,4337 1965,4337 2055,4331 2144,4331 2234,4331 2324,4331 2413,4331 2503,4325 2592,4325 2682,4325 2700,4319 2772,4319 2861,4319 2951,4313 3041,4313 3130,4319 3220,4307 3309,4307 3399,4307 3489,4307 3578,4307 3668,4301 3758,4301 3847,4307"/>
                <TextEquiv>
                    <Unicode>Prince: But I'm not Mizzi’s confident. Naturally she never com¬</Unicode>
                </TextEquiv>
            </TextLine>
            <TextLine id="tr_1_tl_40" custom="readingOrder {index:39;}">
                <Coords points="507,4475 3736,4344 507,4386"/>
                <Baseline points="531,4451 609,4445 699,4445 788,4439 878,4439 967,4439 1057,4433 1147,4433 1236,4433 1326,4427 1415,4427 1505,4433 1595,4427 1684,4421 1774,4421 1864,4421 1953,4415 2043,4415 2132,4409 2222,4409 2312,4409 2401,4409 2491,4403 2581,4403 2670,4403 2760,4397 2849,4397 2939,4397 3029,4391 3118,4391 3208,4397 3297,4391 3387,4391 3477,4391 3566,4385 3656,4385 3746,4397"/>
                <TextEquiv>
                    <Unicode>plained to me. Lord, perhaps she didn’t feel it socomply after all.</Unicode>
                </TextEquiv>
            </TextLine>
            <TextLine id="tr_1_tl_41" custom="readingOrder {index:40;}">
                <Coords points="498,4567 2731,4567 3432,4517 3521,4415 502,4462"/>
                <Baseline points="525,4522 573,4522 663,4522 752,4522 842,4522 932,4516 1021,4516 1111,4510 1200,4510 1290,4510 1380,4504 1469,4504 1559,4504 1648,4504 1738,4504 1828,4498 1917,4498 2007,4498 2097,4492 2186,4492 2276,4492 2365,4486 2455,4492 2545,4486 2634,4480 2724,4480 2814,4480 2903,4474 2993,4474 3082,4474 3172,4474 3262,4468 3351,4474 3441,4474 3530,4474"/>
                <TextEquiv>
                    <Unicode>She has been accustomed to this seöluded quiet life for so long.</Unicode>
                </TextEquiv>
            </TextLine>
            <TextLine id="tr_1_tl_42" custom="readingOrder {index:41;}">
                <Coords points="810,4702 3567,4635 3542,4551 2811,4517 2537,4614 2064,4534 815,4584"/>
                <Baseline points="836,4672 848,4672 938,4672 1027,4672 1117,4672 1206,4666 1296,4660 1386,4666 1475,4666 1487,4666 1517,4660 1607,4654 1696,4654 1786,4654 1876,4654 1965,4648 2055,4648 2144,4648 2234,4648 2324,4642 2413,4642 2503,4648 2592,4642 2682,4642 2772,4642 2861,4636 2951,4636 3041,4630 3130,4630 3220,4630 3309,4630 3399,4630 3489,4630 3578,4618"/>
                <TextEquiv>
                    <Unicode>Count: Yes. And that's heräste. And then, up to a few</Unicode>
                </TextEquiv>
            </TextLine>
            <TextLine id="tr_1_tl_43" custom="readingOrder {index:42;}">
                <Coords points="507,4783 3710,4728 3736,4631 507,4690"/>
                <Baseline points="531,4767 609,4755 699,4755 788,4749 878,4755 967,4755 1057,4749 1147,4749 1236,4743 1326,4737 1415,4737 1505,4737 1595,4737 1684,4737 1774,4731 1864,4731 1953,4731 2043,4731 2132,4725 2222,4731 2312,4725 2401,4725 2491,4719 2581,4719 2670,4719 2760,4719 2849,4719 2939,4713 3029,4707 3118,4707 3208,4707 3297,4707 3387,4707 3477,4707 3566,4701 3656,4701 3746,4707"/>
                <TextEquiv>
                    <Unicode>years ago she went out into society a good deal. Between ourselves,</Unicode>
                </TextEquiv>
            </TextLine>
            <TextLine id="tr_1_tl_44" custom="readingOrder {index:43;}">
                <Coords points="507,4854 3727,4850 3812,4694 511,4783"/>
                <Baseline points="531,4833 597,4839 687,4833 776,4833 866,4827 955,4827 1045,4821 1135,4821 1224,4821 1314,4821 1404,4821 1493,4821 1583,4821 1672,4821 1762,4821 1852,4815 1941,4821 2031,4815 2120,4809 2210,4809 2300,4803 2389,4809 2479,4803 2569,4803 2658,4803 2748,4797 2837,4797 2927,4791 3017,4797 3106,4797 3196,4791 3286,4791 3375,4785 3465,4785 3554,4785 3644,4785 3734,4785 3823,4785"/>
                <TextEquiv>
                    <Unicode>Egon even till three years ago, even till two, I firmly believed that</Unicode>
                </TextEquiv>
            </TextLine>
            <TextLine id="tr_1_tl_45" custom="readingOrder {index:44;}">
                <Coords points="498,4939 578,4926 650,4960 713,4926 853,4981 882,4956 1017,4977 1098,4935 1195,4973 1317,4939 1321,4846 1081,4854 1034,4821 705,4871 502,4854"/>
                <Baseline points="525,4917 615,4917 705,4911 794,4911 884,4911 973,4905 1063,4905 1153,4905 1242,4905 1332,4911"/>
                <TextEquiv>
                    <Unicode>she would decide.</Unicode>
                </TextEquiv>
            </TextLine>
            <TextLine id="tr_1_tl_46" custom="readingOrder {index:45;}">
                <Coords points="844,5125 1102,5070 1613,5133 1659,5095 1760,5125 1828,5066 2119,5078 2157,4952 1680,4964 1562,4918 1452,4968 1313,4930 1148,4977 844,4964"/>
                <Baseline points="866,5066 914,5060 1003,5066 1093,5066 1182,5066 1272,5060 1362,5060 1451,5060 1541,5060 1631,5060 1720,5060 1810,5060 1899,5054 1989,5054 2079,5054 2168,5054"/>
                <TextEquiv>
                    <Unicode>Prince: Decide? Ah yes....</Unicode>
                </TextEquiv>
            </TextLine>
            <TextLine id="tr_1_tl_47" custom="readingOrder {index:46;}">
                <Coords points="836,5239 3195,5243 3293,5163 3550,5239 3934,5175 3938,5066 2550,5019 840,5129"/>
                <Baseline points="860,5197 902,5197 991,5197 1081,5197 1171,5191 1260,5191 1350,5191 1439,5191 1529,5191 1619,5185 1708,5185 1798,5185 1887,5185 1977,5185 2067,5179 2156,5173 2246,5173 2336,5173 2425,5173 2515,5173 2604,5173 2694,5173 2784,5173 2873,5168 2963,5168 3053,5168 3142,5162 3232,5162 3321,5162 3411,5162 3501,5162 3590,5156 3680,5156 3769,5144 3859,5138 3949,5126"/>
                <TextEquiv>
                    <Unicode>Count: If you had any idea of the people that even in very nesent</Unicode>
                </TextEquiv>
            </TextLine>
        </TextRegion>
    </Page>
</PcGts>
