4072 5480
2576 185 2739 308 1:1
1509 403 1803 548 - 12 -
787 515 2332 729 Count: Why, yes, it's all right.
805 700 1476 871 (Servant goes)
798 816 2441 1001 Countess: What's the matter. Papa¬
802 932 3403 1132 Count: nothing, child, nothing.I wanted to drive some
820 1070 3399 1204 place quickly, and that foot of a Joseph- - Excuse, me,
820 1125 3326 1284 Mizzi, I just want to say a few words to Egon. (To the
823 1186 3413 1360 Prince) Just think of it, she had called me up on the
823 1237 3744 1436 telephone, /.. Lolo, I mean. She couldn t get the number than
823 1349 3519 1513 and now, Laura,-well, her maid,- telephones, that Lolo just
834 1484 1926 1632 left to drive out here.
838 1589 2213 1796 Prince: Out here, to see you?
827 1738 1357 1915 Count: Yes.
845 1897 2267 2060 Prince: What's she coming for?
838 2017 3526 2184 Count: I can explain it. You know, she has never been out
838 2115 3435 2271 here, naturally, and I had always promised her,that she
2612 2180 3497 2314 he got married. It
838 2227 2525 2354 might see the house and park, before
852 2282 2597 2412 always grieve her that I wouldn’t
2608 2249 3442 2369 her out here. Of
863 2340 3569 2503 course, with Mizzi around...... Lolo could see it herself..
852 2420 3413 2557 and as to bringing her secretly, while Mizzi was away—I
2583 2478 3497 2605 Well, and there she
852 2543 2528 2641 could never make up my mind to it.
874 2576 3410 2728 sends a message, that her Bedding s going to be the day
849 2677 3210 2815 after tomorrow and that she's on the way out here.
2351 2761 3620 2942 It isn't as your mistress-
874 2793 2325 2960 Prince: And if she does come?
874 2891 2430 3040 so why should you be embarrassad?
874 3047 3421 3199 Count: To-day-and just now when we expect your son.—
871 3210 1959 3381 Prince: Don't mind him.
1299 3290 3294 3479 But I don't like it. I’ll go and meet the
881 3366 1259 3501 Count:
885 3417 3392 3562 car nunge and stop her. It gets on my nerves. Excuse
892 3497 3479 3646 me to your son, if he should come in the meantime. Good-
885 3588 2594 3725 tye, Mizzi, back in a moment. (Goes)
892 3678 3631 3867 Prince: Miss, Lolo, hasinenced herself and your father
889 3849 1632 3994 doesn't like it.
889 3958 3036 4117 Countess: Why, really? Lolo? She's coming?
1368 4103 3595 4233 Your father, Mizzi, had promised her to let her
903 4135 1302 4280 Prince:
903 4190 3519 4342 see the grounds before her wedding.. And now he went out
889 4280 3025 4429 to match her on the way before she gets here.
911 4429 3642 4574 Countess: How childish. And touching. I'd have like to
907 4498 3508 4669 meet her. isn’t it silly? There I've got a father, who
925 4592 3540 4741 spends nearly half of his life with a probably very sym-
911 4676 3501 4843 pathetic person- and I can’t even Shabe hands with her.
921 4741 3551 4937 Why doesn't he want her out? He might know,that I'm im-
918 4868 1273 5006 formed.
2093 4926 3660 5100 Perhaps he wouldn’t have care if
921 4962 2013 5137 Prince: That's his way.
914 5093 2938 5249 he didn’t expect another call presently...
