4056 6184
1634 330 1859 484 10 -
1196 610 3318 754 me, I longed to about it into your face.
856 635 1126 754 RADE.
877 744 3543 856 (CONTD)My good friend, not only I and thousand sothers
1196 807 3560 894 know what you really are - - your dear wife too
1196 870 3823 993 know s you better than you suppose and saw through you
1203 954 3728 1059 as long as twenty years ago — — in the fl ower of
1221 1038 3536 1133 your youth and of your successes – — - yes, saw
1210 1108 3788 1207 through you, and I know that better than any man...
1221 1182 3662 1291 for she was my mistress for two years,
1210 1249 3493 1336 and a hundred times she came running to me, in
1228 1315 3774 1435 diegust at your nullity and reptiness, and wanted to
512 1294 1150 1487 sickened by
1217 1403 3672 1498 run away from it with me. But I was poor and she
1217 1466 3655 1589 was towardly, and so she went on living with you
2624 1550 3462 1684 It was more
1217 1564 2582 1659 and was unfaithful to you!
1210 1627 2311 1757 convenient for us all.
1210 1729 2445 1905 „Villain, you are lying!"
870 1768 1126 1894 FLOR.
1210 1873 3634 2006 I? (As it were making up) Oh yes.......... you
859 1929 1129 2048 RADE.
2715 1992 3578 2083 In case he doe snt
1217 1992 2652 2090 Jacobwerth, you have the key.
3472 2069 3627 2161 You
1217 2062 3346 2164 believe me the letters are in the deck too.
1210 2136 3592 2252 are to be executor of my will. – - besides, in
1217 2234 3448 2325 my deck there are tressures of many kinds- -
1217 2283 3669 2406 who knows, perhaps nothing more is needed to bring
1217 2375 3444 2459 out their value than that I should be dead. -
1210 2445 3458 2543 Yes, then people will begin to think about me.
1196 2487 3578 2624 And especially then they hear of my having died
1196 2596 3823 2718 penniless and wattched - - for I am dying penniless
1217 2694 3634 2788 and wattched as I have lived. And there will be
491 2701 1182 2890 of make a speech.
3115 2746 3844 2869 Yes, you take
1228 2753 2981 2841 someone to say a word/over my grave.
1210 2820 3683 2936 My word for it - - standfastness - - ability - -
740 2852 1077 3020 from me
1210 2908 3732 2995 a martyr to his profession.... yes that the truth
1221 2988 3679 3069 Florian Jackwerth, ever since Ive had a profession
1294 3030 3823 3178 have been a martyr to it; from the very beginning
1217 3066 3094 3216 have been a martyr to my profession.
3202 3122 3728 3234 And do you
1196 3209 3016 3311 know what it is that is finding me?
3164 3195 3778 3315 Do you think
1252 3283 3634 3381 it is those Latin syllables written on the chart
2224 3346 3493 3451 It/ie frem bitterness at
1210 3346 2140 3441 there? Not much!
1210 3413 3806 3532 having had to bow down before people whom I disposed,
1217 3508 2301 3595 for the sake of a job.
2476 3500 3518 3585 It is the loathing of
1196 3550 3648 3690 having had to write things I never believed so as
1961 3655 3634 3771 It is the anger at having had to
1210 3662 1901 3746 not to starve.
1217 3732 3592 3848 turn out copy for the most abominable exploiters
1217 3785 3848 3900 who got their money by knavery and fraud, and that
1221 3897 3465 3967 with my talent I helped them to go on with it.
1217 3960 3441 4037 It true that I ought not to complain: Ive
1217 4037 3672 4142 always had my share of contempt and hatred for the
1193 4100 3655 4195 mob-but not mx share of anything el se, wor se luck.
1210 4272 2736 4469 (Enters ) Here is the Doctor,
852 4290 1168 4448 NURSE.
1217 4430 2073 4626 (Alarmed) Alone?
849 4430 1175 4605 RADE.
863 4581 2904 4746 NURSE. No, there is a gentleman with him.
863 4739 2992 4907 RADE. (Gives her a look full of gratitude)
2680 4893 3641 5054 What akeme that I
852 4882 2532 5044 FLOR. Now pull yourself together.
2041 4995 2985 5156 (he then slips out)
1217 5009 1919 5146 cant be there!
947 5195 2592 5363 ENTER HALMSCHLOGER AND WeIHGAST.
838 5349 2378 5559 HALM. Well heres the patient.
852 5500 3669 5707 WEIH. (An elegantly dressed, very well preserved man of
1207 5630 3455 5763 about 55, with a greybeard, dark overcoat and
1221 5745 1989 5907 rühring alking stick.)
