4072 5480
1712 454 1952 626 21 -
810 570 3194 849 Lolo: I didn't know that you Highness had a son.
803 807 1929 945 And such a big one,too,
817 856 3408 1044 Phillip: Yes, Miss Pallestri, up to now I blossomed
833 1040 1462 1175 in subscribe.
846 1129 3391 1310 Prince: But now you do it visible enough, I must say.
840 1274 3454 1445 Lolo: Oh, that's all right, Prince, I like young people
859 1422 1742 1587 to be a little gay.
859 1492 3418 1673 Phillip: And now you are going to retire into private
873 1567 3421 1765 life, Miss Pallestri? too bad. Just now, when I could
869 1653 3355 1841 have had the opportunity,to admire you on the board,
873 1817 2048 1943 that symbolize the world.
1867 1890 3253 2015 Prince, but we can’t dance on
873 1939 1821 2058 Lolo: Too charming,
882 1943 3348 2134 till the Oabies grow up. And for the grown-ups, I'm
882 2087 2387 2222 rather a back number, I'm afraid.
896 2180 3283 2367 Prince: I heard you are going to be married, Miss.
886 2354 1363 2492 Pallestri.
886 2413 3213 2611 Lolo: Yes, I enter the Holy ranks of matrimony.
889 2542 3088 2759 Phillip: And who is the happy man, may I ask?
899 2753 3075 2950 Lolo: Who? He's sitting out there on the box.
912 2911 2341 3098 Countess: What, the coachman?
909 3046 3487 3250 Lolo: Coachman - what do you think, Countess. It's as
932 3125 3283 3306 if your father sometimes drives his own horses. My
945 3154 3490 3385 fiance is carriage proprietor, house owner and oitzen
948 3260 3533 3470 of Vienna, and only takes the rein, if he'.feels like it
2894 3345 3441 3451 Just now he
925 3395 2743 3543 and has particular esteem for someone.
2621 3427 3493 3546 He took him out to
938 3493 2506 3628 drives a certain Baron Radeimor.
942 3503 3467 3694 your father just now, Countess. By the way, where is
935 3642 2041 3793 he, this Mr. Radeiner?
948 3697 3451 3908 Phillip: If I may introduce myself, Baron Radeiner.
945 3951 1870 4122 Lolo: You, Prince?
961 4020 3546 4228 Phillip: Since I am in Vienna, I drive only with Wasner.
958 4188 3530 4415 Lolo: And under a false name, Prince? These are nice
978 4389 1373 4494 stories.
2269 4412 3632 4563 Good- morning (Understanding
978 4405 2229 4606 Count: (Comes breathlessly)
975 4521 3181 4698 the situation) Ah, -LXIζκηηκαληλάη κηυκκκλ
981 4659 3632 4866 Lolo: How-do-you-do, Count. I only took the liberty to-
981 4777 3309 4945 I wanted to thank you for your beautiful von ice¬
991 4949 2519 5143 Count: Please don't mention it.
