4312 5672
1924 426 2149 675 -111
956 607 3885 804 Countess: And what do you say, Prince Egon? I'm really sorry.
611 715 3801 888 If hecher to something now, he’ll surely get into trouble. And I'm
611 771 3841 964 afraid he'll begin something again. He's entirely too young for his
635 964 912 1085 years.
980 1028 1812 1237 Prince: Yes, yes.
964 1113 3704 1370 Countess: ( Ilurning towards him) You haven’t been here for
623 1318 1213 1466 a long time.
1004 1338 3648 1575 Prince: I fear you will not have missed me very much...
623 1539 2431 1724 Your art..and Lord knows what more.
1028 1627 2435 1848 Countess (simply) And yet...
956 1796 2627 2009 Prince: V¬ry kind of you. (Pause.)
980 1928 3957 2109 Countess: Why are you^silent today? Tell me something. Isn't
643 2081 2173 2226 there anything new in the world?
992 2177 3913 2366 Prince: (As if he has just thought of it) Our son has passed
639 2350 1181 2527 his filnals
992 2382 3857 2611 Countess: (draws back slightly) I hope that have more inter¬
671 2559 1675 2716 asting news in store.
1008 2684 2266 2873 Prince: More interesting...
1004 2816 3821 2985 Countess: Or at least news that concern me more personally
1667 2917 3435 3073 of a young man entirely unknown to me.
667 2965 1462 3138 than the career
1008 3053 3564 3206 Prince: Of the more important stages in the Career,
683 3106 3841 3318 this young man, I believe myself duty- bound to inform you. When he
695 3202 3893 3387 was confirmed, I also took the liberty of advising you. But we need
667 3339 2278 3511 not speak further of it. (Pause.
1057 3435 2965 3652 Countess: Has he at least come through?
1020 3616 2431 3797 Prince: With distinction.
1032 3712 3326 3941 Countess: Ah, so the race seems to be improving.
1028 3941 2499 4126 Prince: Let us both hope that.
1028 4082 3383 4287 Countess: And now the great moment is hearing....
1024 4255 2049 4455 Prince: What moment?
1041 4375 3833 4540 Countess: Don't you remember? After theienals you wanted
703 4504 2780 4664 to blidlose to him that you were his father.
1041 4616 2668 4813 Prince: I have already done that.
1057 4793 2848 5002 Countess: You—have already told him?
1089 4986 1687 5134 Prince: Yes.
1049 5038 3664 5275 Countess: (after a cause, with looking at him) And his
