4088 5464
2908 177 3093 304 1
1633 304 1930 500 - 19 -
728 543 2216 728 Phillip: To blow the clarinet.
731 666 3237 851 Countess: (Laughs) Why do you »hesitate to tell it?
757 844 3462 978 Phillip: Why- Well, because everybody laughs when I tell
768 942 3574 1065 them. What’s funny about it? Nobody ever boughed at you,
757 1032 2278 1191 because you point for a pastime.
757 1170 2133 1325 Countess: You know that too?
760 1325 3560 1441 Phillip: Oh, yes, His Highness...... Papa told me. And then
760 1409 3523 1543 a flower study, a Chinese vase with anemones and something
760 1506 2372 1648 purple inside hangs in my bedroom.
760 1608 3147 1767 Countess: Probably lilacs.- The something purple.
739 1767 3563 1908 Phillip: Of course, lilacs. Iarrignized it at once. Only
757 1894 2567 2010 I couldn't think of the word just now.
760 2032 3480 2137 Servant:(Comes) A lady is here who wants to speak to His
760 2126 2966 2234 Lordship. I showed her into the drawing room.
757 2220 3252 2372 Countess: A lady? You’ll excuse me a minute. (Goes)
757 2372 3473 2557 Phillip: Well, Papa, if I have to decide, I'm satisfied.
768 2549 2578 2694 Prince: With what? What do you mean?
775 2723 2520 2883 Phillip: Satisfied with your choice.
764 2864 2140 3038 Prince: Are you crazy, boy?
1246 2998 3437 3165 Papa, do you really think you can Conide a thing
775 3017 1162 3179 Phillip:
1249 3122 2426 3270 The Bourgeois blood.
786 3140 1170 3263 from me?
779 3227 2495 3404 Prince: What are you talking about?
768 3375 3502 3527 Phillip: Lock here, Papa, when you told me you wanted to
779 3495 3567 3625 introduce me first thing to your old friend, the Count;
793 3603 3527 3697 and that the Count had a daughter— But I knew that before,
775 3647 3495 3813 anyway— I was only a little afraid that she might be too
786 3762 1054 3875 young.
779 3853 3411 4016 Prince: (Angry) Has to laugh in suite of himself) too
793 3994 1076 4125 yöung-
779 4063 3552 4237 Phillip: Why, of course, everybody could see that you had
779 4204 3498 4349 a certain sympathy for this daughter. You were almost em-
771 4251 3639 4400 b la rassed talking to her. And you said lots of things about
797 4327 3712 4469 her, that you wouldn’t have told of anyone else. What should
797 4422 3556 4556 the paintings of any old Countess interest me? Even if you
782 4508 3592 4650 can’t distinguish the anemones and the lilacs except by the
1217 4563 3643 4708 So I thought at once, that you only wanted to bring
797 4621 1094 4718 ettor.
797 4653 3603 4791 me out here to see what an impression she'd make on me. And
797 4758 3491 4867 as I said, I was only afraid that she might be too young-
793 4805 3654 4936 to be my mother, not to be your wife. You might get married
811 4910 3632 5037 to the youngest and prettiest girl. But now I can tell you,
793 4990 2368 5149 Papa,-as-the is, she is all right.
