4200 5672
86 399 341 625 V.J.H.
1584 518 1794 658 -17-
884 609 3850 819 Countess: With the gentleman himself? Do you know that that's
551 736 3690 921 a great honor? Wasner doesn't drive for everyone. Till two years
551 860 1901 1045 ago he still drove for Papa!
884 987 1543 1181 Philip: Ah...
897 1111 3213 1316 Prince: By the way, you're a little late, Philip.
884 1279 3480 1440 Philip: Yes, I'm awfully sorry. You see, I overslept.
564 1349 3579 1522 (To the Countess) A few classrates and + spent last evening to-
991 1419 3682 1584 You have heard perhaps, Countess, that I passed myienals
564 1514 913 1617 gether.
576 1530 3052 1691 ten days ago, and so yesterday we had a little spree.
897 1650 3517 1835 Countess: You seem to have becomeoustomed to Vienna
568 1814 1707 1970 life very quickly, Mr.
909 1892 2991 2094 Prince: simply call him Philip, dear Mizzi.
913 2032 3624 2242 Countess: Please, won't you sit down, Philip? (Groks at
1016 2160 2518 2345 Papa will be here at any moment.
584 2201 921 2324 Prince)
921 2283 2374 2501 Countess and Prince (sit down).
2143 2402 3706 2596 Well, if you don’t mind my saying
934 2481 2053 2608 Philip: (still standing)
2151 2546 3419 2682 It is much finer than ours.
584 2604 2086 2752 so, I find the park delightful.
934 2703 2785 2888 Countess: So you know Ravenstein Park?
930 2785 3587 3003 Philip: Naturally, Countess. I have been living in the
596 2937 1666 3135 Castle for three days.
934 3102 1695 3266 Countess: What?
934 3205 3678 3386 Prince: In the city the valdens cannot Sorelop so well as
609 3316 3912 3488 out here. A hundred years ago ours wasowdoubtedly much lovelier than
617 3427 3423 3579 now. At that time our castle was still outside of the city.
946 3554 3505 3727 Philip: Too bad that they allowed the people to build
605 3669 1983 3838 houses all around our castle.
1477 3789 3781 3916 We are better off. We shall probably not live to
954 3809 1432 3945 Countess:
609 3900 2711 4044 see the time when the city lextends out here.
1925 3990 2871 4196 But why, Countess...
942 4007 1868 4212 Philip: (Politely)
1469 4163 3731 4315 A hundred years ago this was all elunting ground.
963 4200 1395 4340 Countess:
638 4266 3641 4414 It orders directly on the emperor’s garden. There, you can see
634 4352 3641 4496 the wall, Philip. And our villa was at one time a hunting lodge
638 4422 3744 4566 of Maria Theresia. The sandstone figure out there inside the pool
629 4537 1617 4661 dates from that time.
950 4607 2871 4821 Philip: And how old is our castle,
967 4788 3793 4912 Prince: (smiling) Our castle, my son, dates from the seven-
638 4891 3846 5019 teenth century. I showed you the room in which Kaiser Leopold slept
638 4990 1127 5138 one night.
963 5064 2769 5278 Philip: Kaiser Leopold, 1643 to 1705.
