4072 5368
1619 378 1822 509 - 4 -
989 588 3155 757 Prince: Oh, that's it. I thought already of
999 725 3193 820 Mizzi. Well, why not? - - So Lolo is going
1005 798 1453 925 to marry?
1014 951 1883 1081 Count: Yes, Lolo.
986 1097 2900 1208 Prince: But don’t call that the latest.
999 1221 3428 1342 Count: Why not?
1008 1339 3390 1425 XXXJuchtixaaktaxxxaatstatstakaukthaxtatamme
999 1418 1304 1520 Xääks.
1005 1530 3294 1676 Prince: She has promised it, or threatened it,
1021 1641 3180 1759 just as you like to put it- for the last three
1008 1727 1301 1832 years.
999 1854 1689 1968 Count: Three?
1784 1848 3263 2000 You might say ten, or eighteen,
1463 1937 3323 2051 Ever since our story began.It hasawlays
992 1943 1364 2045 Heally,,
1367 1997 3320 2108 fixed idea. If a decent fellow comes a
1005 2032 1377 2118 keen stu
1005 2073 3387 2197 along and ask me the many him, I leave the state
1005 2181 3358 2283 at once. She said it all the time- you have heard
1005 2251 1402 2369 her say
1615 2248 3504 2366 Pew times yourself, And now he has come.
1005 2258 1631 2430 ^e expectaa.
1615 2325 3174 2433 And she is going to many him.
992 2464 3263 2592 Prince: Well, let’s hope he is a decent fellow.
983 2604 1689 2728 Count: Jokes.
1743 2620 3377 2741 That’s all your sympathy for me in
999 2703 1949 2830 this serious moment.
1005 2814 3228 2986 Prince: Oh, (puts his hand on the Count’s arm)
992 2951 3349 3129 Count: Yes, I assure you, it is a serious moment.
992 3094 3215 3205 No easy matter when have lived nearly twenty
986 3164 3186 3266 years with a girl- the best years of your life
1005 3218 3358 3352 shared good and bad. I really thought it couldn’t
986 3326 3212 3434 end any more- and suddenly she comes and says;
999 3393 3215 3488 good-tye, dearest, to-morrow Æs my Bedding-day.
999 3479 3215 3581 That s no easy matter. (Gets up-walking around-,
992 3562 3126 3660 and with all that I can't suleme her. Because I
986 3635 2922 3743 understand her so well. What can you do?
986 3746 3352 3886 Prince: You were always too good a fellow, Arpad.
989 3896 2379 4039 Count: What's good about it?
2455 3896 3177 4077 Whyshouldn’t I
986 4013 3406 4109 understand her? Thirtyseight years; left the stage
992 4067 3457 4188 and that she doesn’t particularly enjoy the prospect
986 4169 3320 4261 to exist on as pensioned ball[n]a danger and active
973 4248 3263 4344 mistress of Count Paznrsdy, who is getting to be
979 4328 3536 4417 more of an old ass every day, - everybody can see that.
973 4395 2970 4503 I was prepared,-By god, I don’t blame her.
967 4528 3085 4662 Prince: Then you psrted in good friendship?
979 4665 3492 4808 Count: Of course. It was rather a jolly fairewell.
1355 4770 2032 4875 I didn't know
2251 4780 2560 4888 suld be
2681 4776 2868 4894 „ de„
973 4760 1320 4888 By gad,
2897 4773 3333 4888 lish hard
1393 4786 2872 4964 later it got hold or me— it is a
2900 4802 3568 4974 strange story.
973 4856 1323 4977 for me.
