3704 5352
3127 122 3297 288 11.
1264 292 1937 529 HALMSCHLAEGER
399 469 3297 684 (Undecided, looks at his watch ) Why—but even if I should do
373 651 3253 858 it--how can I ask it of him—at this hour? Really you know
373 839 2754 1020 it is an imposition—can't you see that yourself?
1312 976 1844 1198 RADEMACHER
384 1124 3179 1286 Oh I know my friend Weihgast. If you tell him that his old
381 1279 3282 1460 friend Rademacher is dying in the public hospital and wants to
381 1471 3349 1649 see him--do you think he'll miss that? Doctor I beg of you...
377 1556 2957 1822 it's only a short drive for you--and for me--for me--
1312 1730 1985 1926 HALMSCHLAEGER
370 1859 3197 2077 Yes that’s just it. It's of no importance for me of course.
384 2055 2883 2273 But for you--the excitement might do you great harm,
1401 2196 1918 2384 RADEMACHER
373 2358 3160 2602 Oh doctor, as one man to another--what matters an hour more
373 2525 943 2683 or less--?
1375 2643 2063 2831 HALMSCHLAEGER
392 2828 3197 3005 (Soothingly) come, come—(After a moment's. watt) Well I'11
381 2968 3286 3146 go to him. (Rademacher attempts to thank him) Of course I can-
366 3160 3190 3341 not guarantee that he will come with me. But as you wish it
373 3323 3149 3456 so much – — (Rademacher again attempto to speak) Hever mind,
373 3452 2225 3656 that’s all right. (Turns away from him)
1442 3615 1685 3759 TANN
362 3763 802 3911 At last!
1442 3833 2122 4084 HALMSCHLAEGER
373 4007 3253 4236 My dear Tann, I'll have to ask you to take a look through the
381 4206 3194 4376 other two rooms. There’s very little to be done.—two in-
362 4347 2218 4561 jections — the nurse will tell you —...
1530 4487 1774 4661 TANN
362 4565 898 4916 What’s up?
1449 4776 2118 5023 HALMSCHLAEGER
