4360 5192
2088 326 2247 438 2.
665 503 1903 697 DR. GOLDENTHAL Advocate
747 747 3112 853 DR. TEUERMANN District Doctor in Oberhollabrunn.
741 876 1018 991 KULvor.
1488 871 2094 1009 A Journalist
741 1015 2003 1203 A MANSERVANT AI BERNHARDIS
747 1168 2427 1309 A PORTER diese E.L.IJ.A.BJTH INSTJTUTÉ
724 1324 2900 1474 A COMMISSIONAIRE AI THE d¬INISTRY OF EDUGATION
729 1459 2688 1638 SACRISTAN FROM THE CHURCH OF ST. FLORIAN.
1206 1756 3344 1927 The Sonen is laid n Vianna in the year 1900
1879 1962 2597 2088 ....,,.. ̃ —: — — —
