4344 5144
888 465 1138 650 KURT:
1421 472 4040 673 They might have kept her in the gynaecological Section.
1421 703 3666 914 There happened to be no bed free the day before
878 729 1184 878 OSKAR:
1431 894 1932 1070 yesterday.
872 1103 1132 1265 HoCH:
1428 1093 3561 1314 And what shall we give as the cause of death?
872 1347 1168 1522 OSKAR:
1428 1343 2755 1522 Flood poinsoning, of course
1421 1600 3919 1760 And the cause of the blood poinsoning? Besause there
855 1584 1132 1730 HoCH:
1412 1714 3226 1909 was understoodly an illigal operation -
859 1968 1168 2127 BERNH:
1431 1974 3789 2166 (who has, meanwhile signed some papers which the
1402 2130 3919 2300 Sister placed in front of him) We couldn’t prove it.
1399 2316 3828 2436 No injury could be Oefinitety tried. The case has
1408 2465 3994 2589 been notified and that ends the matter for us. And for
1415 2609 3812 2755 the poor creature in there -- it was ended before.
1607 2830 3828 2983 (He gets up and moves towards the ward. Inter
1678 2986 3923 3161 PROFESSOR EBENWALD, a very tall, slim man,faged
1665 3165 4079 3314 about 40, overcoat hung round his shoulders, small
1662 3292 3835 3483 beard, spectacles, speaks with a polished and
1665 3451 3038 3594 somewhat exaggerated account)
810 3656 1083 3825 EBEN :
1382 3646 3857 3851 Good morning. Have you seen----? Oh here you are
1369 3831 1695 3981 Chief.
816 4043 1122 4192 BERNH:
1353 4049 2345 4225 Good day, Professor.
803 4274 1073 4443 EEEN:
1340 4290 2986 4482 I have you a minute to spare for me?
803 4524 1109 4713 BERNH:
1340 4479 2319 4755 Must it be at once?
