4248 5624
1800 308 2018 425 -29-
1005 405 2022 658 Countess: Yes, Papa.
1017 581 3592 768 Count: Then I'm really very glad. I thank you, Mizzi.
1021 694 3733 916 Countess: But don't thank me, Papa. I'm doing it gladly.
1033 888 3698 1107 Count: You can hardly imagine...without you, Mizzi...the
694 1017 3756 1223 memories, just now...You know, I suppose, that last year I was in
713 1188 1594 1348 No¬rmandy with Lolo?
1083 1294 2497 1516 Countess: Of course I know...
1099 1438 3690 1601 Count: And besides, concerning Egon...without wanting to
717 1512 3849 1687 try to persuade you—in a new place, some times people get to know
713 1644 3242 1788 each other better in a few days than at howe in years.
1095 1687 3869 1917 Countess: It's all settled, Papa. I'm going with you. As
709 1851 3394 2034 for the rest, let’s not talke about it...for the present.
1087 1975 3912 2162 Count: Well, I'll tell you want--I'll phone Cook's at once
717 2120 2042 2268 for sleeping accommodations.
1087 2248 2010 2396 Countess: So soon?
1107 2373 3924 2529 Count: Yes, what sense is there in sitting around here when
721 2451 3647 2618 we've finally made up our minds. Yes, I'll telephone...Do you
717 2591 1025 2751 agree?
1126 2649 1835 2778 Countess: Yes.
1110 2759 2007 2973 Count: (Kisses her)
1118 2868 3386 3098 Professor Windhofer (Appears at the garden gate)
1126 2957 3962 3222 Count: Ah, there's the professor. Have you aiesson to-day?
1114 3214 3927 3382 Professor Windhofer (Handsome man of about thirty-five, very
748 3316 3846 3464 elegant, pray overcoat, blonde pointed heard. He takes off his hat
760 3378 3881 3546 as he enters the garden, and comes forward.) How do you do, Count-
1040 3511 2018 3682 How do you do, Count.
744 3534 962 3686 ess?
1130 3608 3916 3752 Count: Good day, dear Professor. How are you. Please par¬
748 3725 3659 3861 don me a moment. I must telephone--because we're going away.
1138 3822 3908 4025 Professor Windhofer: You are going away? Please don’t let
740 3962 1804 4130 me disturb you, Count.
1126 4048 3807 4243 Count: I’11 probably see you yet, dear Professor. (Into
756 4185 1286 4395 the house.)
1126 4329 3105 4516 Professor: You are going away, Countess?
1138 4492 2388 4656 Countess: Yes, to Ostend.
1126 4621 3495 4835 Professor: But that is a rather sudden decision.
1142 4750 3082 4972 Countess: Father. I am always that way.
1142 4956 3966 5155 Professor: So the lessons are over temporarily? I'm sorry.
