3736 5384
3012 207 3195 468 17.
1196 378 1718 565 RADEMACHER
218 518 3242 764 (Feverishly talking himself into excitement) Yes I sent for you.
222 713 3113 908 Not to bid you fairewell in memory of our old friendship--but
222 834 2381 1083 to tell you something--before it is too late.
1200 986 1590 1200 FLORIAN
230 1169 3308 1368 (Acting) "Don't keep me in suspense, old man. What is it you want
222 1301 1894 1531 to tell me”. Well—go on--go on.
1196 1473 1722 1675 RADEMACHER
218 1586 3214 1788 You think yourself better than I? My dear friend you and I are
218 1757 3331 1972 not of the Great, and in the depths where we belong there is small
257 1929 3203 2120 difference-- especially in hours like these. All your greatness
269 2053 3296 2268 is sham and pretense. Your fame? Only a heap of newspaper notices
284 2240 3191 2439 which will be scattered to the windes the day after you're dead.
265 2388 3191 2556 Your friends? Flatterers who bow to success; envious congressites
242 2540 3230 2739 who olenoh their fits at you when your back is turned;fools who
245 2700 3105 2891 find you just small enough for their admiration. But you are
222 2852 3320 3039 clever enough to realize all & a yourself occasionally. I didn’t
242 3004 3242 3199 trouble you to come here just to tell you this. What I am going
230 3148 3152 3374 to tell you—it may be despicable of me--but it's astonishing
207 3331 3230 3491 how little we care whether we are despicable or not when we know
222 3464 3238 3643 we have no more time to be ashamed of it in. (Rises) I have been
218 3616 3175 3783 nearüthrowing it in your face many times during the past years,
210 3787 3117 3939 many times when we chance to meet on the street and you were
210 3908 3253 4130 gratious enough to stop for a few words with me. My dear friend,
207 4111 3125 4262 not only do I know you—and hundreds of others too—but your
207 4227 3331 4411 beloved wife also knows you better than you dream.—She realized
199 4411 3168 4637 what you were twenty years ago—in the prime of your youth and
191 4598 3051 4730 your triumph. Yes she realized it--and I knew it--for she
207 4679 3195 4878 was my mistress two whole years. Mary a time she came to me in
207 4863 3148 5069 disgust at your hollowness, your utter nothingness-came to me
