4200 5160
1839 263 2115 445 17 -
1273 505 3832 717 (He has a habit of putting a thoughtless, questioning
1293 714 3900 899 "eh" after his sentence, especially after quotations.)
3290 839 3714 1014 I, thank
1212 872 3071 1118 How do pou know that? Is it authentic?
734 872 993 1148 ERNH:
1219 1135 3866 1360 Guthentic? What, if flint himself told it me? You must
717 1175 1014 1317 UGEND:
1219 1273 3866 1472 know I was att he Ministers yesterday. They are to build
1219 1492 3849 1677 a new Pavillion for me. I'm going to get it too. By the
1222 1633 2970 1849 way he asked to be remembered to you.
2536 1744 2792 1896 larly
687 1822 966 2064 BERNH:
1212 1815 2819 2061 Tho asked to be remembered to me?
684 2058 1024 2280 TUGEND:
1219 2020 3886 2233 Flint. We talked a lot about you. He thinks very highly
1219 2199 3812 2398 of you. He still members the time with pleasure when
1199 2361 3889 2529 you were both aasitants at Rappenweiler s. His own words.
1229 2522 3839 2704 Ipsissima verba. What a career that is! The first time
1212 2707 3889 2883 within memory, at any rate in Austria, that the Professor
1206 2839 3347 3061 of a Glinic has become Minister of Education!
3283 2994 3620 3152 have an
647 3071 953 3256 BERNH:
1206 3034 3654 3324 He was always a good Ipoliticiam, your la test friend,
1202 3219 1512 3381 Flint.
630 3445 993 3650 TUGEND:
1189 3452 3704 3714 He takes a great interest in our, in your, no for the
1189 3590 2684 3778 present still in our Institute.
647 3829 940 4017 BERNH:
1185 3856 3812 4051 That's no news to me. He nearly ruined it once through
2613 4001 3489 4155 rk that I consider
1926 3980 2367 4135 entured to
1192 3977 2125 4169 excess of interest.
1398 4034 3974 4317 prövisional appointments in general an unsound proceeding
633 4236 970 4405 TUGEND:
1189 4273 3866 4428 That wasn't he. That was the whole Collegiate. It was
1182 4401 3886 4617 the battle of the old against the young. And any way
135 4334 414 4627 G. C. R.
1162 4533 3812 4762 all that is an old story. I assure you Bernhardi, that
