4216 5128
1784 345 1989 495 -10-
1273 631 3411 850 can be expected, a few weeks before the final
1273 817 1907 970 examinations.
1266 1090 3646 1178 Oh, you’ll come to no harm -- with your industry.
713 1068 983 1230 EEEN :
1260 1312 3877 1471 Yes, I feel pretty safe on the practical side. But the
716 1299 976 1442 HoCH:
1276 1452 2246 1637 dull theory, Doctor.
1276 1644 3668 1797 Is that the trouble? It was never my strong point
719 1670 970 1833 EBEN :
1276 1816 3844 1976 either. (coming close to him) If it's any comfort to
1276 1946 3877 2132 you, I even failed inselology once. You see it’s no
1273 2129 3030 2298 particular hindrance the one's career.
1234 2301 3818 2441 (HOCHROITZPOINTNER, who has sat down, laughs with glee)
716 2487 976 2695 EREN :
1289 2523 3369 2702 (urskimg over his shoulder) Section Journal.
723 2770 967 2894 HoCH:
1260 2744 2008 2897 Yes, Professor.
1266 2962 2467 3125 great joy in Israel - eh?
716 2975 980 3125 EBEN:
729 3206 967 3385 HoCH:
1273 3154 3275 3385 (Doubtfully) What do you mean, Professor?
1260 3450 3362 3633 Well, because Bernhardi's Section triumphed.
716 3444 976 3610 EBEN :
723 3681 967 3821 HoCH:
1273 3652 3727 3844 Oh, you mean Professor, that the tumour was “defined”.
716 3913 976 4079 EEEN:
1260 3929 3203 4108 And did actually originate in the kidney.
706 4127 983 4306 HOCH:
1260 4098 3730 4300 But it was impossible to diagnose that with absolute
1273 4290 3743 4479 certainty. It was, after all, if I may say so, mere
1256 4466 1761 4616 guesswork
