<?xml version="1.0" encoding="UTF-8" standalone="yes"?>
<PcGts xmlns="http://schema.primaresearch.org/PAGE/gts/pagecontent/2013-07-15" xmlns:xsi="http://www.w3.org/2001/XMLSchema-instance" xsi:schemaLocation="http://schema.primaresearch.org/PAGE/gts/pagecontent/2013-07-15 http://schema.primaresearch.org/PAGE/gts/pagecontent/2013-07-15/pagecontent.xsd">
    <Metadata>
        <Creator>prov=READ-COOP:name=TrHtr:version=2.1.0:model_id=51170:date=15_08_2023_04:46</Creator>
        <Created>2023-05-10T15:12:03.612+02:00</Created>
        <LastChange>2023-08-15T04:46:06.803+02:00</LastChange>
        <TranskribusMetadata docId="1428823" pageId="55431606" pageNr="13" tsid="132838932" status="IN_PROGRESS" userId="64420" imgUrl="https://files.transkribus.eu/Get?id=DIUKXUHKGFYXAMSHNMDZOOQY&amp;fileType=view" xmlUrl="https://files.transkribus.eu/Get?id=PIUAYOCVIHCNFZOXXAAVQFCA" imageId="44705643"/>
    </Metadata>
    <Page imageFilename="1428823_0013.jpg" imageWidth="4072" imageHeight="5480">
        <ReadingOrder>
            <OrderedGroup id="ro_1711802789266" caption="Regions reading order">
                <RegionRefIndexed index="0" regionRef="tr_3"/>
                <RegionRefIndexed index="1" regionRef="tr_1"/>
                <RegionRefIndexed index="2" regionRef="tr_2"/>
            </OrderedGroup>
        </ReadingOrder>
        <TextRegion id="tr_3" custom="readingOrder {index:0;}">
            <Coords points="644,481 3432,481 3432,1418 644,1418"/>
            <TextLine id="tr_3_tl_1" custom="readingOrder {index:0;}">
                <Coords points="1627,567 1677,560 1702,542 1730,564 1787,557 1805,567 1834,546 1877,549 1880,467 1823,485 1791,464 1762,478 1712,460 1677,489 1662,478 1630,482"/>
                <Baseline points="1647,543 1707,543 1796,537 1886,531"/>
                <TextEquiv>
                    <Unicode>- 9 -</Unicode>
                </TextEquiv>
            </TextLine>
            <TextLine id="tr_3_tl_2" custom="readingOrder {index:1;}">
                <Coords points="621,788 2893,728 3054,696 3057,582 624,642"/>
                <Baseline points="644,716 734,722 823,722 913,716 1002,710 1092,716 1181,710 1271,710 1361,704 1450,704 1540,704 1629,704 1719,698 1808,698 1898,692 1987,692 2077,686 2166,680 2256,680 2346,680 2435,674 2525,668 2614,668 2704,668 2793,662 2883,662 2972,662 3062,662"/>
                <TextEquiv>
                    <Unicode>Prince: Nobody knew it,Óbody in the whole world.</Unicode>
                </TextEquiv>
            </TextLine>
            <TextLine id="tr_3_tl_3" custom="readingOrder {index:2;}">
                <Coords points="653,892 3403,881 3428,717 653,824"/>
                <Baseline points="674,877 746,877 835,877 925,871 1014,865 1104,865 1193,865 1283,865 1372,859 1462,859 1552,853 1641,853 1731,847 1820,841 1910,835 1999,841 2089,841 2178,841 2268,841 2357,835 2447,835 2537,829 2626,823 2716,823 2805,823 2895,817 2984,817 3074,811 3163,811 3253,811 3342,811 3432,805"/>
                <TextEquiv>
                    <Unicode>Count : But you might have told it to me. I really don’t under-</Unicode>
                </TextEquiv>
            </TextLine>
            <TextLine id="tr_3_tl_4" custom="readingOrder {index:3;}">
                <Coords points="642,967 931,1002 1274,953 1466,1010 2133,945 2205,928 2205,874 642,920"/>
                <Baseline points="662,955 692,955 782,949 871,949 961,943 1050,937 1140,937 1229,937 1319,937 1408,937 1498,937 1587,931 1677,925 1766,925 1856,919 1946,913 2035,913 2125,919 2214,919"/>
                <TextEquiv>
                    <Unicode>stand- By George, it wasn't fair.</Unicode>
                </TextEquiv>
            </TextLine>
            <TextLine id="tr_3_tl_5" custom="readingOrder {index:4;}">
                <Coords points="631,1124 2897,1099 3211,1077 3296,953 635,1031"/>
                <Baseline points="656,1098 704,1104 793,1104 883,1098 973,1098 1062,1092 1152,1092 1241,1092 1331,1086 1420,1086 1510,1086 1599,1086 1689,1080 1778,1074 1868,1074 1957,1068 2047,1068 2137,1062 2226,1062 2316,1062 2405,1056 2495,1056 2584,1050 2674,1050 2763,1044 2853,1050 2942,1044 3032,1038 3122,1038 3211,1038 3301,1032"/>
                <TextEquiv>
                    <Unicode>Prince: I was waiting to see how the boy would bevelop¬</Unicode>
                </TextEquiv>
            </TextLine>
            <TextLine id="tr_3_tl_6" custom="readingOrder {index:5;}">
                <Coords points="660,1224 728,1192 842,1238 888,1195 938,1227 1117,1174 1252,1206 1341,1170 1459,1181 1516,1231 1555,1213 1555,1109 660,1134"/>
                <Baseline points="680,1175 758,1181 847,1181 937,1175 1026,1175 1116,1170 1205,1170 1295,1170 1384,1164 1474,1164 1564,1164"/>
                <TextEquiv>
                    <Unicode>you never can tell.</Unicode>
                </TextEquiv>
            </TextLine>
            <TextLine id="tr_3_tl_7" custom="readingOrder {index:6;}">
                <Coords points="1074,1352 3011,1356 3353,1284 3357,1213 1074,1263"/>
                <Baseline points="1092,1313 1128,1319 1217,1325 1307,1325 1396,1313 1486,1313 1575,1307 1665,1307 1755,1307 1844,1307 1934,1301 2023,1295 2113,1295 2202,1289 2292,1295 2381,1289 2471,1289 2560,1289 2650,1283 2740,1277 2829,1277 2919,1271 3008,1271 3098,1265 3187,1271 3277,1265 3366,1259"/>
                <TextEquiv>
                    <Unicode>Why, yes, with a maxed pedigree, But now you are</Unicode>
                </TextEquiv>
            </TextLine>
            <TextLine id="tr_3_tl_8" custom="readingOrder {index:7;}">
                <Coords points="649,1349 685,1341 699,1352 717,1334 763,1356 781,1341 860,1349 920,1388 960,1356 1024,1345 1024,1288 974,1288 913,1256 888,1252 853,1281 824,1281 810,1266 778,1274 760,1256 735,1263 724,1252 649,1270"/>
                <Baseline points="668,1319 758,1325 847,1325 937,1319 1026,1319 1032,1319"/>
                <TextEquiv>
                    <Unicode>Count:</Unicode>
                </TextEquiv>
            </TextLine>
            <TextLine id="tr_3_tl_9" custom="readingOrder {index:8;}">
                <Coords points="649,1463 685,1463 696,1452 714,1466 746,1459 763,1441 845,1441 867,1427 924,1438 928,1341 881,1334 845,1356 792,1341 760,1359 738,1356 721,1338 696,1352 685,1341 653,1349"/>
                <Baseline points="668,1408 758,1408 847,1402 937,1402"/>
                <TextEquiv>
                    <Unicode>sure?</Unicode>
                </TextEquiv>
            </TextLine>
        </TextRegion>
        <TextRegion id="tr_1" custom="readingOrder {index:1;}">
            <Coords points="668,1466 3569,1466 3569,3776 668,3776"/>
            <TextLine id="tr_1_tl_1" custom="readingOrder {index:0;}">
                <Coords points="649,1588 831,1627 1167,1559 2044,1570 2312,1530 2315,1473 1944,1388 1673,1477 649,1473"/>
                <Baseline points="668,1558 710,1552 799,1558 889,1558 978,1552 1068,1546 1158,1546 1247,1546 1337,1540 1426,1540 1516,1534 1605,1534 1695,1534 1784,1534 1874,1534 1963,1528 2053,1528 2143,1522 2232,1522 2322,1516"/>
                <TextEquiv>
                    <Unicode>Prince: Yes, he's a splendid chap.</Unicode>
                </TextEquiv>
            </TextLine>
            <TextLine id="tr_1_tl_2" custom="readingOrder {index:1;}">
                <Coords points="660,1712 3204,1702 3304,1573 660,1627"/>
                <Baseline points="680,1695 716,1701 805,1707 895,1707 984,1701 1074,1701 1164,1701 1253,1695 1343,1695 1432,1695 1522,1689 1611,1689 1701,1689 1790,1689 1880,1683 1969,1683 2059,1677 2149,1677 2238,1671 2328,1671 2417,1665 2507,1659 2596,1659 2686,1659 2775,1653 2865,1653 2954,1653 3044,1653 3133,1647 3223,1647 3313,1647"/>
                <TextEquiv>
                    <Unicode>Count: (Embrading him again) And where did you keep him?</Unicode>
                </TextEquiv>
            </TextLine>
            <TextLine id="tr_1_tl_3" custom="readingOrder {index:2;}">
                <Coords points="656,1887 3239,1869 3271,1741 660,1759"/>
                <Baseline points="680,1856 770,1862 859,1856 949,1850 1038,1850 1128,1850 1217,1850 1307,1844 1396,1844 1486,1838 1575,1838 1665,1838 1755,1832 1844,1832 1934,1832 2023,1826 2113,1826 2202,1820 2292,1820 2381,1820 2471,1814 2560,1814 2650,1808 2740,1802 2829,1808 2919,1802 3008,1802 3098,1796 3187,1796 3277,1796"/>
                <TextEquiv>
                    <Unicode>Prince: For the first years quite a way from Vienna in</Unicode>
                </TextEquiv>
            </TextLine>
            <TextLine id="tr_1_tl_4" custom="readingOrder {index:3;}">
                <Coords points="678,1951 756,1973 799,1944 842,1959 881,1944 1002,1984 1070,1984 1109,1962 1156,1980 1159,1877 1106,1859 974,1880 895,1869 835,1891 681,1873"/>
                <Baseline points="698,1934 787,1934 877,1934 967,1928 1056,1928 1146,1934 1170,1934"/>
                <TextEquiv>
                    <Unicode>The Tyrol.</Unicode>
                </TextEquiv>
            </TextLine>
            <TextLine id="tr_1_tl_5" custom="readingOrder {index:4;}">
                <Coords points="667,2116 1067,2080 1138,2126 1213,2094 1324,2130 1388,2094 1741,2087 1716,1973 1498,2019 671,2016"/>
                <Baseline points="692,2083 764,2083 853,2083 943,2083 1032,2083 1122,2077 1211,2077 1301,2077 1390,2071 1480,2065 1569,2065 1659,2065 1749,2065"/>
                <TextEquiv>
                    <Unicode>Count: With Leasants?</Unicode>
                </TextEquiv>
            </TextLine>
            <TextLine id="tr_1_tl_6" custom="readingOrder {index:5;}">
                <Coords points="671,2251 3257,2205 3311,2080 2044,2176 671,2144"/>
                <Baseline points="692,2238 716,2232 805,2238 895,2232 984,2232 1074,2226 1164,2226 1253,2226 1343,2226 1432,2220 1522,2220 1611,2214 1701,2214 1790,2214 1880,2208 1969,2208 2059,2202 2149,2202 2238,2196 2328,2196 2417,2196 2507,2190 2596,2190 2686,2184 2775,2184 2865,2184 2954,2184 3044,2178 3133,2172 3223,2172 3313,2172"/>
                <TextEquiv>
                    <Unicode>Prince: On a little estate. His first schooling he had</Unicode>
                </TextEquiv>
            </TextLine>
            <TextLine id="tr_1_tl_7" custom="readingOrder {index:6;}">
                <Coords points="685,2333 3343,2308 3489,2205 689,2262"/>
                <Baseline points="704,2316 722,2316 811,2316 901,2316 990,2310 1080,2310 1170,2304 1259,2304 1349,2304 1438,2298 1528,2298 1617,2298 1707,2292 1796,2286 1886,2286 1975,2286 2065,2280 2154,2280 2244,2280 2334,2274 2423,2274 2513,2268 2602,2268 2692,2268 2781,2268 2871,2262 2960,2262 3050,2256 3139,2256 3229,2250 3319,2250 3408,2250 3498,2256"/>
                <TextEquiv>
                    <Unicode>in Innsbruck. And later I kept him in the Kremps Gymnasium.</Unicode>
                </TextEquiv>
            </TextLine>
            <TextLine id="tr_1_tl_8" custom="readingOrder {index:7;}">
                <Coords points="685,2483 2237,2497 2661,2458 2665,2344 685,2412"/>
                <Baseline points="704,2453 787,2465 877,2465 967,2459 1056,2453 1146,2459 1235,2453 1325,2453 1414,2447 1504,2447 1593,2447 1683,2441 1772,2441 1862,2441 1952,2435 2041,2435 2131,2429 2220,2429 2310,2423 2399,2423 2489,2423 2578,2429 2668,2417"/>
                <TextEquiv>
                    <Unicode>Count: And you visited him oocasionally?</Unicode>
                </TextEquiv>
            </TextLine>
            <TextLine id="tr_1_tl_9" custom="readingOrder {index:8;}">
                <Coords points="671,2683 1081,2611 1188,2658 1381,2622 1527,2644 1584,2622 1584,2547 1384,2529 1313,2558 1131,2522 1052,2572 985,2536 888,2572 856,2540 671,2558"/>
                <Baseline points="692,2614 698,2614 787,2614 877,2620 967,2614 1056,2614 1146,2608 1235,2608 1325,2608 1414,2608 1504,2608 1593,2602"/>
                <TextEquiv>
                    <Unicode>Prince: Of course.</Unicode>
                </TextEquiv>
            </TextLine>
            <TextLine id="tr_1_tl_10" custom="readingOrder {index:9;}">
                <Coords points="667,2815 1063,2765 1241,2822 2073,2765 2198,2808 2165,2647 1802,2708 1134,2668 1006,2743 671,2679"/>
                <Baseline points="692,2769 776,2775 865,2775 955,2769 1044,2763 1134,2769 1223,2763 1313,2763 1402,2757 1492,2757 1581,2757 1671,2757 1761,2751 1850,2745 1940,2745 2029,2745 2119,2740 2208,2740"/>
                <TextEquiv>
                    <Unicode>Count: And what did he believe?</Unicode>
                </TextEquiv>
            </TextLine>
            <TextLine id="tr_1_tl_11" custom="readingOrder {index:10;}">
                <Coords points="681,2961 3221,2929 3428,2886 3432,2793 685,2850"/>
                <Baseline points="704,2913 752,2931 841,2931 931,2925 1020,2925 1110,2919 1199,2913 1289,2913 1378,2913 1468,2913 1558,2907 1647,2907 1737,2895 1826,2901 1916,2901 2005,2895 2095,2895 2184,2889 2274,2889 2363,2883 2453,2883 2543,2883 2632,2883 2722,2877 2811,2871 2901,2871 2990,2871 3080,2871 3169,2871 3259,2871 3348,2865 3438,2865"/>
                <TextEquiv>
                    <Unicode>Prince: Up to a few days ago he thought he was without</Unicode>
                </TextEquiv>
            </TextLine>
            <TextLine id="tr_1_tl_12" custom="readingOrder {index:11;}">
                <Coords points="685,3043 3086,3007 3147,2900 685,2943"/>
                <Baseline points="704,3014 734,3014 823,3008 913,3002 1002,2996 1092,2996 1181,2996 1271,2990 1361,2990 1450,2984 1540,2990 1629,2984 1719,2984 1808,2978 1898,2978 1987,2978 2077,2978 2166,2972 2256,2972 2346,2966 2435,2966 2525,2966 2614,2954 2704,2954 2793,2954 2883,2954 2972,2948 3062,2948 3151,2954"/>
                <TextEquiv>
                    <Unicode>parents-and he took me for his dead father s friend.</Unicode>
                </TextEquiv>
            </TextLine>
            <TextLine id="tr_1_tl_13" custom="readingOrder {index:12;}">
                <Coords points="696,3182 3254,3204 3557,3175 3560,3029 699,3093"/>
                <Baseline points="716,3157 793,3157 883,3157 973,3157 1062,3157 1152,3151 1241,3151 1331,3151 1420,3145 1510,3145 1599,3139 1689,3139 1778,3133 1868,3128 1957,3128 2047,3128 2137,3128 2226,3128 2316,3122 2405,3116 2495,3116 2584,3116 2674,3110 2763,3110 2853,3110 2942,3104 3032,3104 3122,3104 3211,3104 3301,3104 3390,3104 3480,3098 3569,3098"/>
                <TextEquiv>
                    <Unicode>Countess: (Appears on the balcony) Good-morning, Prince Egon.</Unicode>
                </TextEquiv>
            </TextLine>
            <TextLine id="tr_1_tl_14" custom="readingOrder {index:13;}">
                <Coords points="696,3314 796,3371 1049,3318 1266,3371 1488,3304 1645,3361 1976,3339 2105,3307 2108,3214 1291,3207 1134,3271 696,3243"/>
                <Baseline points="716,3301 770,3307 859,3307 949,3307 1038,3295 1128,3295 1217,3295 1307,3295 1396,3295 1486,3289 1575,3289 1665,3289 1755,3289 1844,3283 1934,3283 2023,3283 2113,3277"/>
                <TextEquiv>
                    <Unicode>Prince: Good-morning, Mizzi.</Unicode>
                </TextEquiv>
            </TextLine>
            <TextLine id="tr_1_tl_15" custom="readingOrder {index:14;}">
                <Coords points="681,3507 2337,3468 2401,3453 2401,3346 685,3403"/>
                <Baseline points="704,3456 710,3456 799,3462 889,3456 978,3456 1068,3450 1158,3450 1247,3450 1337,3444 1426,3444 1516,3444 1605,3444 1695,3444 1784,3438 1874,3432 1963,3432 2053,3432 2143,3432 2232,3426 2322,3426 2411,3426"/>
                <TextEquiv>
                    <Unicode>Count: Don't you want to come down?</Unicode>
                </TextEquiv>
            </TextLine>
            <TextLine id="tr_1_tl_16" custom="readingOrder {index:15;}">
                <Coords points="689,3635 2915,3632 2940,3475 692,3532"/>
                <Baseline points="710,3605 793,3611 883,3611 973,3611 1062,3611 1152,3605 1241,3605 1331,3599 1420,3599 1510,3593 1599,3593 1689,3593 1778,3587 1868,3587 1957,3587 2047,3587 2137,3581 2226,3581 2316,3581 2405,3581 2495,3575 2584,3575 2674,3569 2763,3569 2853,3569 2942,3569"/>
                <TextEquiv>
                    <Unicode>Countess: If I don't disturb you. (Disappears)</Unicode>
                </TextEquiv>
            </TextLine>
            <TextLine id="tr_1_tl_17" custom="readingOrder {index:16;}">
                <Coords points="696,3814 2355,3774 2358,3660 1976,3642 1605,3717 1231,3667 1038,3724 699,3675"/>
                <Baseline points="716,3766 752,3766 841,3766 931,3766 1020,3760 1110,3760 1199,3760 1289,3754 1378,3754 1468,3754 1558,3754 1647,3748 1737,3748 1826,3748 1916,3742 2005,3736 2095,3736 2184,3736 2274,3736 2363,3736"/>
                <TextEquiv>
                    <Unicode>Count: What shall we say to Mizzi?</Unicode>
                </TextEquiv>
            </TextLine>
        </TextRegion>
        <TextRegion id="tr_2" custom="readingOrder {index:2;}">
            <Coords points="716,3812 3468,3812 3468,5167 716,5167"/>
            <TextLine id="tr_2_tl_1" custom="readingOrder {index:0;}">
                <Coords points="696,3924 3200,3910 3350,3885 3353,3785 696,3814"/>
                <Baseline points="716,3921 764,3921 853,3915 943,3915 1032,3910 1122,3910 1211,3910 1301,3904 1390,3904 1480,3904 1569,3904 1659,3898 1749,3892 1838,3898 1928,3898 2017,3892 2107,3886 2196,3880 2286,3886 2375,3886 2465,3880 2554,3880 2644,3880 2734,3880 2823,3874 2913,3874 3002,3868 3092,3868 3181,3868 3271,3862 3360,3862"/>
                <TextEquiv>
                    <Unicode>Prince: I would leave that to you,. But as I am going to</Unicode>
                </TextEquiv>
            </TextLine>
            <TextLine id="tr_2_tl_2" custom="readingOrder {index:1;}">
                <Coords points="696,4017 3353,3985 3250,3871 699,3935"/>
                <Baseline points="716,3999 764,3999 853,3999 943,3993 1032,3987 1122,3987 1211,3987 1301,3981 1390,3987 1480,3981 1569,3975 1659,3975 1749,3975 1838,3975 1928,3975 2017,3969 2107,3963 2196,3963 2286,3963 2375,3957 2465,3957 2554,3957 2644,3957 2734,3957 2823,3951 2913,3945 3002,3945 3092,3945 3181,3945 3271,3945 3360,3939"/>
                <TextEquiv>
                    <Unicode>adopt the boy and he will probably bear my name in a few</Unicode>
                </TextEquiv>
            </TextLine>
            <TextLine id="tr_2_tl_3" custom="readingOrder {index:2;}">
                <Coords points="710,4078 831,4124 1456,4078 1588,4124 1748,4067 2205,4088 2315,4060 2319,4006 714,4006"/>
                <Baseline points="728,4077 805,4077 895,4077 984,4071 1074,4071 1164,4065 1253,4065 1343,4059 1432,4059 1522,4059 1611,4053 1701,4059 1790,4053 1880,4047 1969,4047 2059,4047 2149,4047 2238,4041 2328,4035"/>
                <TextEquiv>
                    <Unicode>days- through His Majesty's Grace-</Unicode>
                </TextEquiv>
            </TextLine>
            <TextLine id="tr_2_tl_4" custom="readingOrder {index:3;}">
                <Coords points="710,4306 799,4263 1020,4270 1109,4238 1259,4260 1313,4245 1313,4142 1277,4131 1192,4163 1117,4138 1017,4181 956,4160 710,4160"/>
                <Baseline points="728,4220 817,4226 907,4220 996,4220 1086,4220 1175,4220 1265,4220 1319,4220"/>
                <TextEquiv>
                    <Unicode>Count: What?</Unicode>
                </TextEquiv>
            </TextLine>
            <TextLine id="tr_2_tl_5" custom="readingOrder {index:4;}">
                <Coords points="710,4427 3196,4431 3268,4238 714,4302"/>
                <Baseline points="734,4369 770,4369 859,4369 949,4369 1038,4369 1128,4363 1217,4363 1307,4363 1396,4363 1486,4357 1575,4357 1665,4357 1755,4357 1844,4351 1934,4351 2023,4351 2113,4345 2202,4345 2292,4345 2381,4339 2471,4339 2560,4339 2650,4339 2740,4333 2829,4333 2919,4327 3008,4327 3098,4327 3187,4327 3277,4327"/>
                <TextEquiv>
                    <Unicode>Prince: The best thing would be to tell her the truth.</Unicode>
                </TextEquiv>
            </TextLine>
            <TextLine id="tr_2_tl_6" custom="readingOrder {index:5;}">
                <Coords points="710,4527 3425,4516 3457,4424 714,4427"/>
                <Baseline points="728,4524 776,4530 865,4530 955,4524 1044,4524 1134,4518 1223,4518 1313,4518 1402,4512 1492,4512 1581,4512 1671,4506 1761,4506 1850,4506 1940,4506 2029,4501 2119,4501 2208,4501 2298,4501 2387,4501 2477,4501 2566,4495 2656,4495 2745,4489 2835,4483 2925,4489 3014,4483 3104,4483 3193,4483 3283,4477 3372,4477 3462,4477"/>
                <TextEquiv>
                    <Unicode>Count: Of course, of course, and why not? And as you are</Unicode>
                </TextEquiv>
            </TextLine>
            <TextLine id="tr_2_tl_7" custom="readingOrder {index:6;}">
                <Coords points="714,4631 1930,4652 3421,4570 3425,4499 714,4527"/>
                <Baseline points="734,4614 740,4614 829,4614 919,4608 1008,4602 1098,4602 1187,4602 1277,4602 1367,4596 1456,4596 1546,4590 1635,4590 1725,4590 1814,4596 1904,4596 1993,4584 2083,4578 2172,4578 2262,4578 2351,4578 2441,4578 2531,4572 2620,4572 2710,4566 2799,4566 2889,4560 2978,4566 3068,4560 3157,4554 3247,4554 3336,4554 3426,4554"/>
                <TextEquiv>
                    <Unicode>going to adopt him........ isn’t it silly? To a father the</Unicode>
                </TextEquiv>
            </TextLine>
            <TextLine id="tr_2_tl_8" custom="readingOrder {index:7;}">
                <Coords points="721,4698 1930,4673 2176,4759 2743,4648 3336,4727 3464,4706 3468,4552 721,4631"/>
                <Baseline points="740,4686 782,4686 871,4680 961,4686 1050,4680 1140,4680 1229,4680 1319,4680 1408,4674 1498,4674 1587,4668 1677,4668 1766,4668 1856,4662 1946,4662 2035,4662 2125,4656 2214,4656 2304,4656 2393,4656 2483,4650 2572,4644 2662,4644 2751,4644 2841,4644 2931,4638 3020,4638 3110,4632 3199,4632 3289,4632 3378,4632 3468,4626"/>
                <TextEquiv>
                    <Unicode> daughter always remains a little girl even if she's an old</Unicode>
                </TextEquiv>
            </TextLine>
            <TextLine id="tr_2_tl_9" custom="readingOrder {index:8;}">
                <Coords points="714,4813 756,4820 778,4809 817,4845 856,4845 878,4827 903,4827 920,4845 977,4845 981,4709 938,4709 920,4698 899,4713 874,4698 849,4709 749,4709 717,4698"/>
                <Baseline points="734,4763 805,4763 895,4763 984,4757"/>
                <TextEquiv>
                    <Unicode>maid.</Unicode>
                </TextEquiv>
            </TextLine>
            <TextLine id="tr_2_tl_10" custom="readingOrder {index:9;}">
                <Coords points="728,4934 3353,4898 3400,4805 728,4855"/>
                <Baseline points="746,4900 811,4912 901,4912 990,4906 1080,4906 1170,4912 1259,4912 1349,4906 1438,4900 1528,4900 1617,4900 1707,4894 1796,4894 1886,4889 1975,4889 2065,4889 2154,4889 2244,4883 2334,4883 2423,4877 2513,4877 2602,4877 2692,4871 2781,4877 2871,4871 2960,4871 3050,4871 3139,4865 3229,4865 3319,4865 3408,4865"/>
                <TextEquiv>
                    <Unicode>Countess (Appears thirty-seven years- very good looking-</Unicode>
                </TextEquiv>
            </TextLine>
            <TextLine id="tr_2_tl_11" custom="readingOrder {index:10;}">
                <Coords points="735,5019 3211,4987 3364,4898 738,4941"/>
                <Baseline points="758,4990 776,4996 865,4990 955,4990 1044,4990 1134,4990 1223,4984 1313,4984 1402,4984 1492,4978 1581,4972 1671,4972 1761,4972 1850,4972 1940,4966 2029,4966 2119,4966 2208,4966 2298,4960 2387,4960 2477,4954 2566,4954 2656,4954 2745,4948 2835,4948 2925,4948 3014,4942 3104,4942 3193,4942 3283,4942 3372,4930"/>
                <TextEquiv>
                    <Unicode>White dress, florentine straw hat- she kisses the Count-</Unicode>
                </TextEquiv>
            </TextLine>
            <TextLine id="tr_2_tl_12" custom="readingOrder {index:11;}">
                <Coords points="731,5084 3211,5087 3457,5052 3457,4945 731,5023"/>
                <Baseline points="752,5062 776,5074 865,5074 955,5074 1044,5068 1134,5068 1223,5068 1313,5062 1402,5062 1492,5062 1581,5062 1671,5056 1761,5056 1850,5050 1940,5050 2029,5050 2119,5044 2208,5044 2298,5044 2387,5038 2477,5038 2566,5038 2656,5038 2745,5038 2835,5038 2925,5032 3014,5026 3104,5026 3193,5026 3283,5032 3372,5026 3462,5032"/>
                <TextEquiv>
                    <Unicode>then she shakes hands with the Prince) Well, Prince, Egon,</Unicode>
                </TextEquiv>
            </TextLine>
            <TextLine id="tr_2_tl_13" custom="readingOrder {index:12;}">
                <Coords points="721,5201 1420,5251 1730,5169 2908,5162 2986,5044 724,5087"/>
                <Baseline points="740,5157 758,5157 847,5157 937,5151 1026,5151 1116,5145 1205,5145 1295,5145 1384,5145 1474,5139 1564,5139 1653,5139 1743,5133 1832,5133 1922,5133 2011,5133 2101,5127 2190,5127 2280,5127 2369,5127 2459,5121 2548,5121 2638,5115 2728,5115 2817,5115 2907,5115 2996,5109"/>
                <TextEquiv>
                    <Unicode>how are you? We don’t see much of you now always.</Unicode>
                </TextEquiv>
            </TextLine>
        </TextRegion>
    </Page>
</PcGts>
