4376 5448
1752 340 2129 603 FLORIAN
820 561 3721 786 It really pays an actor to be in a hospital for a while. You
840 706 3526 908 think I can't use what I see here because I'm a comedian?
832 878 3744 1065 Wrong—all wrong. It's a discovery of my own Mr. Rademacher
840 1069 3908 1256 (Important) A discovery of the fact that true dramatic intuition
820 1175 3717 1359 can construct the comic maak from the suddenly face, even from
832 1332 3755 1530 the face directed by pain. When I see a man die I know just
817 1488 3740 1645 how he looked when laughing at a good story. ——But what's the
828 1668 3843 1855 matter Mr. Rademacher? Here, here--where's your courage. Don’t
828 1824 3656 2004 lose your sense of humor. Lock at me now. Not a week ago I
820 1935 3610 2164 was given up--not only by the doctor, that wouldn’t have
809 2145 3667 2294 matered much--but by my own self. And now I'm as jolly as
817 2244 3660 2442 can be--and in a week more--ta, ta! And hereby I take the
809 2446 3713 2629 liberty of inviting you to my first performance. (Has a fit of
805 2584 1275 2771 coughing)
1847 2721 2358 2885 RADEMACHER
820 2816 2202 3084 That will hardly be possible.
1881 3026 2255 3221 FLORIAM
1813 3183 3782 3396 If you and I hadn't been ill we'd probably
813 3202 1748 3381 say, isn’t it queer?
809 3347 2259 3515 have been enemies to the strife.
1889 3469 2404 3660 RADEMACHER
813 3641 1030 3824 Why?
1874 3755 2274 3977 FLORIAN
828 3923 3801 4144 Why--I'd have acted and you'd have written horrid things about
798 4091 3839 4289 me — and I never did likeoritics also say horrid things about me.
790 4251 3656 4446 But this way we're the best of friends. say, listen,tell me
801 4408 3435 4568 Mr. Rademacher, did I look as bad as you do a week ago?
1931 4549 2481 4736 RADEMACHER
817 4663 1889 4904 There's a difference--
1878 4858 2259 5068 FLORIAN
