4312 5656
360 460 548 607 1 1
460 611 2762 841 times have shown a very likely interest in her...
774 804 2406 1009 Prince: That is easily understood.
795 887 3679 1147 Count: But she doesn't want to. She absolutely doesn’t want
473 1034 3746 1235 to. I only mean to say, that she couldn’t have felt quite so alone..
465 1117 3808 1306 otherwise she would have, since she was not looking in opportunity...
787 1243 3783 1440 Prince: To be sure. It is her free choice. And then Mizzi has
477 1343 3750 1523 this other essence besides—that she points. It’s exactly the same
490 1427 3624 1620 as with my blessed aunt, Fanny Hohenstein, who wrote books till her
473 1515 3256 1716 very old age and would hear absolutely nothing of marriage.
804 1615 3838 1846 Count: Yes, it's possible that that goes together with artistic
490 1741 3854 1925 ambition. I even think sometimes that perhaps all these eccentricities
498 1867 2645 2038 have a certain sort of psychologic connection.
824 1942 3884 2159 Prince: Eccentricities? One cannot say that Mizzi is eccentric
824 2076 3135 2239 Count: Yes, that’s over now. But before...once.
824 2164 3846 2385 Prince: I have always found Mizzi very sensible and very quiet.
502 2293 3771 2507 If a person points cases and violets, she doesn’t necessarily have to
502 2465 1130 2591 be eccentric.
850 2511 3712 2704 Count: You won’t think me so stipid as to mean that it's be¬
519 2616 3599 2850 cause of the violets andéroses. But as a very young girl, if you
515 2783 1046 2917 remember...
837 2867 1950 3047 Prince: What about it?
1260 2900 4039 3231 Well, the story that time, when Fedor Wangenheim proposed to
845 3042 1205 3210 Count:
670 3160 883 3298 her.
870 3222 3796 3428 Prince: Lord, are you still thinking of that? That was never
536 3340 3515 3541 true anyhow. besides, it was allÕghteen or twenty years ago.
870 3444 3662 3654 Count: And how she wanted to join the Order of St. Ursula
540 3561 3796 3762 tather than toBarry that spilendid chap, when she was as good as en¬
1260 3670 2858 3800 Couldn’t that be called eccentric.
544 3720 1176 3863 gaged to him.
866 3746 3294 3988 Prince: What takes you back to this antiqué story?
883 3913 3754 4114 Count: Antique? It seems to me as if it happened last year.
561 4018 3766 4227 It was just at the time when my affair with Lolo began. How strange
561 4110 3587 4285 it is to think back! Who could have dephecied it then! Do you
578 4181 3708 4378 know--it started like an adventure. quite frivolously and crazily
1515 4218 3884 4407 Without da ishing to suhime myself, I must admit that
573 4352 3541 4545 it was luck for us all that my poor wife was, already dead a few
586 4352 1469 4453 Yes, crazily.
573 4428 3708 4620 years. Lolo—she was my fate. Sweetheart and housekeeper at the
569 4499 3654 4696 same time. She could took family, you know. And her coziness.
586 4591 3754 4758 And always in good sprits and never a cress word. Well, it's over.
586 4624 3813 4838 Let's not speak about it any more. (Pause)...But tell me, won’t you
586 4788 2113 4959 say to lunch? I’ll call Mizzi.
921 4892 3888 5055 Prince: (holding him back) Wait, I have something to tell you.
590 5001 3340 5185 (Lightly, as if joting) I must prepare you for something.
