4072 5560
3034 203 3378 373 : 1: 1;
1475 500 1758 682 - 27 -
649 663 2135 910 Prince: It would belerming.-
1102 783 3342 1022 What you say, Mizzi? Let's be lports and go to
682 910 1044 1037 Count:
689 990 1283 1116 Ostende too.
678 1000 3466 1316 Countess: I really don’t quite know. You might go anyway,
696 1232 939 1352 Papa.
990 1207 3371 1483 To that would be delightful. It would please me
1305 1251 1758 1392 Countess)
696 1370 1095 1490 Phillip:
714 1454 1185 1588 immensely.
725 1464 3476 1718 Countess: (smiling) You are very nice, Phillip. (Holds out
703 1671 1486 1834 her hand to him,
732 1773 1925 1961 (Phillip tisses her hand)
732 1860 3614 2092 Count: (To the Prince) The children seem to like each other.
750 1986 3665 2240 Prince: So it seems to me. Woll, good-tye. Good- 14e, Mizzi,
765 2110 3600 2338 good-tye, my dear old friend. I hope to see you at least in
754 2313 1135 2429 Ostende.
1124 2316 3411 2530 She’ll come too. Eh, Mizzi? Really- as if she
768 2414 3447 2635 couldn’t have her studio down there as well as here. Not,
761 2432 1098 2559 Count:
758 2548 2331 2744 Mizzi? (Countess doesn’t answer)
787 2570 3378 2904 Prince: Well, good-tye again (Shakes hands with both)
787 2824 2780 3023 (Phillip kisses the Countess's hand again)
790 2958 3473 3172 Count: (Thilling Phillip's hand) Delighted to have met you.
805 3128 3411 3342 (Prince and Phillip go- Mount in the carriage and drive
790 3320 1044 3473 away
772 3292 3614 3567 (Count and Countess come to the front, sit down at the table
863 3498 1997 3668 under the tree- silence
866 3632 2095 3817 Count: Curious, such a day.
863 3701 3534 3948 Countess: Why, yes, life is various sometimes, only one
881 3919 1425 4049 forgets it.
870 3991 2697 4216 Count: That’s right, Mizzi. (Silence)
884 4078 3531 4317 Countess: You know, Papa, you could have introduced us
884 4230 2828 4422 long before. Why didn’t you let us meet?
2121 4368 2719 4564 Oh, you and-
899 4372 2077 4589 Count: What do you mean?
899 4506 2860 4712 Countess: Me and Lolo. Such a nice girl.
910 4644 3531 4890 Count: Did you like her? Why, one never knows- What's
921 4828 2251 5002 to be done? Now, it's over.
881 4941 2139 5129 (Countess takes his hands)
