<?xml version="1.0" encoding="UTF-8" standalone="yes"?>
<PcGts xmlns="http://schema.primaresearch.org/PAGE/gts/pagecontent/2013-07-15" xmlns:xsi="http://www.w3.org/2001/XMLSchema-instance" xsi:schemaLocation="http://schema.primaresearch.org/PAGE/gts/pagecontent/2013-07-15 http://schema.primaresearch.org/PAGE/gts/pagecontent/2013-07-15/pagecontent.xsd">
    <Metadata>
        <Creator>prov=READ-COOP:name=TrHtr:version=2.1.0:model_id=51170:date=15_08_2023_04:46</Creator>
        <Created>2023-05-10T15:12:03.217+02:00</Created>
        <LastChange>2023-08-15T04:46:05.931+02:00</LastChange>
        <TranskribusMetadata docId="1428823" pageId="55431545" pageNr="10" tsid="132838929" status="IN_PROGRESS" userId="64420" imgUrl="https://files.transkribus.eu/Get?id=ZBXZGLVQTQMBICKVKTNQYCQD&amp;fileType=view" xmlUrl="https://files.transkribus.eu/Get?id=ODCFVTTHIZUTLZYEWHPLZKUC" imageId="44705582"/>
    </Metadata>
    <Page imageFilename="1428823_0010.jpg" imageWidth="4072" imageHeight="5416">
        <ReadingOrder>
            <OrderedGroup id="ro_1711802782077" caption="Regions reading order">
                <RegionRefIndexed index="0" regionRef="tr_1"/>
                <RegionRefIndexed index="1" regionRef="tr_2"/>
                <RegionRefIndexed index="2" regionRef="tr_3"/>
            </OrderedGroup>
        </ReadingOrder>
        <TextRegion id="tr_1" custom="readingOrder {index:0;}">
            <Coords points="919,541 3570,541 3570,2416 919,2416"/>
            <TextLine id="tr_1_tl_1" custom="readingOrder {index:0;}">
                <Coords points="1862,630 1913,633 1926,623 1943,640 1963,623 1983,633 2000,623 2010,633 2031,616 2061,643 2081,640 2081,505 2010,512 1960,559 1923,546 1862,549"/>
                <Baseline points="1880,591 1970,591 2060,591 2089,591"/>
                <TextEquiv>
                    <Unicode>- 6-</Unicode>
                </TextEquiv>
            </TextLine>
            <TextLine id="tr_1_tl_2" custom="readingOrder {index:1;}">
                <Coords points="899,731 2556,694 3206,785 3559,764 3563,603 902,647"/>
                <Baseline points="919,722 973,722 1062,728 1152,722 1242,728 1331,722 1421,728 1510,722 1600,722 1689,716 1779,704 1869,710 1958,704 2048,704 2137,704 2227,704 2316,704 2406,698 2496,698 2585,692 2675,692 2764,692 2854,686 2943,686 3033,686 3123,686 3212,680 3302,674 3391,674 3481,674 3570,674"/>
                <TextEquiv>
                    <Unicode>Prince: (Smiling), But then you are a free man, perfectly</Unicode>
                </TextEquiv>
            </TextLine>
            <TextLine id="tr_1_tl_3" custom="readingOrder {index:2;}">
                <Coords points="913,842 1660,815 1930,892 2014,842 2435,835 2438,731 916,751"/>
                <Baseline points="931,812 1015,812 1104,812 1194,800 1283,800 1373,806 1462,800 1552,800 1642,800 1731,794 1821,794 1910,788 2000,788 2089,788 2179,782 2269,776 2358,782 2448,776"/>
                <TextEquiv>
                    <Unicode>free. The world is open to you.</Unicode>
                </TextEquiv>
            </TextLine>
            <TextLine id="tr_1_tl_4" custom="readingOrder {index:3;}">
                <Coords points="2559,929 2835,943 2893,909 2957,943 3085,916 3465,940 3465,832 3064,855 2933,818 2869,855 2771,828 2684,872 2559,849"/>
                <Baseline points="2579,919 2669,919 2758,913 2848,907 2937,913 3027,913 3117,907 3206,907 3296,907 3385,907 3475,901"/>
                <TextEquiv>
                    <Unicode>That s the trouble.</Unicode>
                </TextEquiv>
            </TextLine>
            <TextLine id="tr_1_tl_5" custom="readingOrder {index:4;}">
                <Coords points="909,963 2330,929 2465,973 2502,842 1926,892 1411,852 1256,926 913,876"/>
                <Baseline points="931,955 985,961 1074,961 1164,955 1253,955 1343,949 1433,949 1522,949 1612,949 1701,943 1791,937 1880,937 1970,937 2060,931 2149,925 2239,931 2328,925 2418,925 2507,919"/>
                <TextEquiv>
                    <Unicode>Count: But there's no fun in it.</Unicode>
                </TextEquiv>
            </TextLine>
            <TextLine id="tr_1_tl_6" custom="readingOrder {index:5;}">
                <Coords points="926,1067 3192,1017 3371,997 3374,919 929,970"/>
                <Baseline points="943,1039 961,1039 1050,1039 1140,1033 1230,1027 1319,1027 1409,1021 1498,1021 1588,1021 1677,1021 1767,1021 1857,1015 1946,1009 2036,1009 2125,1009 2215,1003 2304,1009 2394,1003 2484,997 2573,997 2663,997 2752,991 2842,991 2931,985 3021,985 3111,979 3200,985 3290,979 3379,979"/>
                <TextEquiv>
                    <Unicode>I haven’t even been to the Club. Do you know what I</Unicode>
                </TextEquiv>
            </TextLine>
            <TextLine id="tr_1_tl_7" custom="readingOrder {index:6;}">
                <Coords points="936,1145 2064,1084 2916,1142 3266,1091 3297,1014 936,1057"/>
                <Baseline points="955,1110 973,1116 1062,1116 1152,1110 1242,1110 1331,1110 1421,1104 1510,1098 1600,1098 1689,1098 1779,1098 1869,1092 1958,1086 2048,1086 2137,1086 2227,1080 2316,1080 2406,1080 2496,1080 2585,1074 2675,1074 2764,1074 2854,1068 2943,1062 3033,1062 3123,1062 3212,1062 3302,1062"/>
                <TextEquiv>
                    <Unicode>did the last evening?- There I sat under the tree</Unicode>
                </TextEquiv>
            </TextLine>
            <TextLine id="tr_1_tl_8" custom="readingOrder {index:7;}">
                <Coords points="923,1236 1660,1195 1734,1243 1889,1189 2398,1179 2357,1091 926,1135"/>
                <Baseline points="943,1188 973,1194 1062,1194 1152,1188 1242,1194 1331,1188 1421,1188 1510,1182 1600,1182 1689,1176 1779,1176 1869,1170 1958,1170 2048,1170 2137,1170 2227,1164 2316,1164 2406,1164"/>
                <TextEquiv>
                    <Unicode>and played dominoes with Mizzi.</Unicode>
                </TextEquiv>
            </TextLine>
            <TextLine id="tr_1_tl_9" custom="readingOrder {index:8;}">
                <Coords points="926,1371 3037,1327 3149,1313 3152,1222 1765,1226 1323,1310 926,1256"/>
                <Baseline points="943,1337 1009,1337 1098,1343 1188,1337 1277,1337 1367,1331 1457,1331 1546,1331 1636,1325 1725,1325 1815,1319 1904,1319 1994,1319 2083,1319 2173,1313 2263,1313 2352,1313 2442,1307 2531,1307 2621,1301 2710,1301 2800,1301 2890,1295 2979,1295 3069,1295 3158,1289"/>
                <TextEquiv>
                    <Unicode>Prince: There you see, where’s your lonfliness?</Unicode>
                </TextEquiv>
            </TextLine>
            <TextLine id="tr_1_tl_10" custom="readingOrder {index:9;}">
                <Coords points="950,1435 3263,1421 3293,1310 953,1364"/>
                <Baseline points="967,1415 973,1421 1062,1421 1152,1421 1242,1415 1331,1409 1421,1409 1510,1409 1600,1403 1689,1403 1779,1397 1869,1403 1958,1397 2048,1403 2137,1397 2227,1397 2316,1391 2406,1391 2496,1385 2585,1379 2675,1379 2764,1379 2854,1379 2943,1373 3033,1379 3123,1379 3212,1379 3302,1385"/>
                <TextEquiv>
                    <Unicode>When you've got a daughter and such a olever hirl,</Unicode>
                </TextEquiv>
            </TextLine>
            <TextLine id="tr_1_tl_11" custom="readingOrder {index:10;}">
                <Coords points="936,1509 3189,1485 3192,1398 940,1431"/>
                <Baseline points="955,1492 961,1492 1050,1492 1140,1492 1230,1492 1319,1492 1409,1486 1498,1492 1588,1486 1677,1486 1767,1486 1857,1480 1946,1480 2036,1480 2125,1474 2215,1468 2304,1468 2394,1468 2484,1468 2573,1462 2663,1462 2752,1457 2842,1457 2931,1451 3021,1451 3111,1451 3200,1445"/>
                <TextEquiv>
                    <Unicode>too- you always got along so well with her. By</Unicode>
                </TextEquiv>
            </TextLine>
            <TextLine id="tr_1_tl_12" custom="readingOrder {index:11;}">
                <Coords points="943,1589 3155,1576 3159,1475 943,1509"/>
                <Baseline points="961,1570 1015,1570 1104,1570 1194,1564 1283,1570 1373,1564 1462,1564 1552,1564 1642,1558 1731,1558 1821,1552 1910,1558 2000,1552 2089,1552 2179,1546 2269,1546 2358,1546 2448,1546 2537,1546 2627,1540 2716,1534 2806,1534 2896,1528 2985,1534 3075,1534 3164,1534"/>
                <TextEquiv>
                    <Unicode>the way, what does she say to your always being</Unicode>
                </TextEquiv>
            </TextLine>
            <TextLine id="tr_1_tl_13" custom="readingOrder {index:12;}">
                <Coords points="926,1657 1078,1677 1158,1650 1222,1697 1303,1660 1818,1667 1822,1573 1162,1610 1115,1576 1007,1610 926,1579"/>
                <Baseline points="943,1648 1021,1648 1110,1648 1200,1648 1289,1642 1379,1642 1468,1642 1558,1636 1648,1636 1737,1636 1827,1636"/>
                <TextEquiv>
                    <Unicode>home evenings now?</Unicode>
                </TextEquiv>
            </TextLine>
            <TextLine id="tr_1_tl_14" custom="readingOrder {index:13;}">
                <Coords points="1792,1795 2068,1835 2388,1765 3081,1778 3162,1768 3165,1684 2980,1650 2704,1728 2273,1680 1919,1731 1795,1677"/>
                <Baseline points="1809,1785 1827,1779 1916,1779 2006,1779 2095,1779 2185,1773 2275,1767 2364,1767 2454,1767 2543,1767 2633,1761 2722,1761 2812,1761 2902,1755 2991,1755 3081,1755 3170,1749"/>
                <TextEquiv>
                    <Unicode>I uded to be home a few times</Unicode>
                </TextEquiv>
            </TextLine>
            <TextLine id="tr_1_tl_15" custom="readingOrder {index:14;}">
                <Coords points="936,1805 1155,1829 1307,1795 1522,1829 1751,1802 1751,1724 1414,1741 1364,1711 1243,1744 1084,1704 936,1741"/>
                <Baseline points="955,1785 1044,1791 1134,1797 1224,1791 1313,1791 1403,1791 1492,1791 1582,1791 1671,1785 1761,1785"/>
                <TextEquiv>
                    <Unicode>Count: nothing.</Unicode>
                </TextEquiv>
            </TextLine>
            <TextLine id="tr_1_tl_16" custom="readingOrder {index:15;}">
                <Coords points="936,1899 3041,1859 3179,1849 3182,1778 936,1822"/>
                <Baseline points="955,1869 1039,1874 1128,1874 1218,1869 1307,1869 1397,1869 1486,1869 1576,1863 1666,1863 1755,1857 1845,1857 1934,1857 2024,1857 2113,1851 2203,1851 2292,1851 2382,1845 2472,1845 2561,1845 2651,1845 2740,1839 2830,1827 2919,1827 3009,1833 3099,1833 3188,1827"/>
                <TextEquiv>
                    <Unicode>even before. She doesn't say anything. I think</Unicode>
                </TextEquiv>
            </TextLine>
            <TextLine id="tr_1_tl_17" custom="readingOrder {index:16;}">
                <Coords points="936,1963 3068,1957 3226,1926 3226,1855 940,1899"/>
                <Baseline points="955,1952 997,1952 1086,1952 1176,1946 1265,1946 1355,1940 1445,1940 1534,1940 1624,1940 1713,1934 1803,1934 1892,1934 1982,1934 2072,1934 2161,1928 2251,1928 2340,1922 2430,1922 2519,1922 2609,1922 2699,1916 2788,1910 2878,1916 2967,1910 3057,1910 3146,1910 3236,1904"/>
                <TextEquiv>
                    <Unicode>she doesn't notice the change. Do you think she</Unicode>
                </TextEquiv>
            </TextLine>
            <TextLine id="tr_1_tl_18" custom="readingOrder {index:17;}">
                <Coords points="936,2061 1061,2041 1125,2078 1202,2041 1310,2081 1418,2034 1549,2091 1647,2088 1717,2061 1721,1953 1499,1943 1448,1977 1401,1950 1165,1987 936,1963"/>
                <Baseline points="955,2024 1009,2030 1098,2024 1188,2024 1277,2024 1367,2018 1457,2012 1546,2018 1636,2018 1725,2018"/>
                <TextEquiv>
                    <Unicode>knew about Lilo?</Unicode>
                </TextEquiv>
            </TextLine>
            <TextLine id="tr_1_tl_19" custom="readingOrder {index:18;}">
                <Coords points="2613,2155 2916,2165 3108,2128 3155,2152 3317,2138 3381,2169 3455,2132 3458,2020 3229,2061 3031,2027 2920,2068 2613,2034"/>
                <Baseline points="2633,2143 2657,2137 2746,2131 2836,2131 2925,2131 3015,2131 3105,2125 3194,2125 3284,2125 3373,2125 3463,2125"/>
                <TextEquiv>
                    <Unicode>COUHT: Of course-</Unicode>
                </TextEquiv>
            </TextLine>
            <TextLine id="tr_1_tl_20" custom="readingOrder {index:19;}">
                <Coords points="950,2192 2489,2148 2394,2084 1926,2105 1795,2051 1455,2118 1317,2071 1226,2128 950,2081"/>
                <Baseline points="967,2173 973,2167 1062,2167 1152,2173 1242,2173 1331,2173 1421,2173 1510,2167 1600,2167 1689,2161 1779,2155 1869,2161 1958,2161 2048,2155 2137,2149 2227,2155 2316,2149 2406,2149 2496,2143"/>
                <TextEquiv>
                    <Unicode>Prince?(laughs) Well, you know</Unicode>
                </TextEquiv>
            </TextLine>
            <TextLine id="tr_1_tl_21" custom="readingOrder {index:20;}">
                <Coords points="953,2266 3307,2233 3310,2142 953,2196"/>
                <Baseline points="973,2251 991,2251 1080,2251 1170,2251 1259,2245 1349,2239 1439,2239 1528,2239 1618,2239 1707,2233 1797,2233 1886,2233 1976,2233 2066,2227 2155,2227 2245,2221 2334,2221 2424,2221 2513,2221 2603,2215 2693,2215 2782,2215 2872,2209 2961,2209 3051,2203 3140,2203 3230,2209 3320,2209"/>
                <TextEquiv>
                    <Unicode>I know.- Of course she must have known. Jut then, I</Unicode>
                </TextEquiv>
            </TextLine>
            <TextLine id="tr_1_tl_22" custom="readingOrder {index:21;}">
                <Coords points="943,2351 3283,2327 3327,2229 946,2273"/>
                <Baseline points="961,2322 1009,2328 1098,2328 1188,2322 1277,2322 1367,2316 1457,2316 1546,2316 1636,2316 1725,2310 1815,2310 1904,2304 1994,2304 2083,2304 2173,2304 2263,2304 2352,2298 2442,2298 2531,2298 2621,2292 2710,2292 2800,2292 2890,2287 2979,2287 3069,2281 3158,2281 3248,2287 3337,2281"/>
                <TextEquiv>
                    <Unicode>was really a young man when her mother died,-</Unicode>
                </TextEquiv>
            </TextLine>
            <TextLine id="tr_1_tl_23" custom="readingOrder {index:22;}">
                <Coords points="953,2438 2253,2418 2287,2340 953,2354"/>
                <Baseline points="973,2406 985,2406 1074,2406 1164,2400 1253,2400 1343,2400 1433,2394 1524,2386 1524,2386 1618,2388 1707,2382 1797,2382 1886,2388 1976,2382 2066,2382 2155,2382 2245,2382 2292,2382"/>
                <TextEquiv>
                    <Unicode>she couldn’t have blamed me.</Unicode>
                </TextEquiv>
            </TextLine>
        </TextRegion>
        <TextRegion id="tr_2" custom="readingOrder {index:1;}">
            <Coords points="961,2463 3385,2463 3385,3945 961,3945"/>
            <TextLine id="tr_2_tl_1" custom="readingOrder {index:0;}">
                <Coords points="950,2566 3176,2546 3229,2438 950,2495"/>
                <Baseline points="967,2549 997,2555 1086,2555 1176,2555 1265,2555 1355,2549 1445,2549 1534,2549 1624,2543 1713,2543 1803,2543 1892,2537 1982,2537 2072,2531 2161,2525 2251,2531 2340,2531 2430,2531 2519,2525 2609,2525 2699,2525 2788,2519 2878,2519 2967,2519 3057,2519 3146,2513 3236,2519"/>
                <TextEquiv>
                    <Unicode>Prince: Oh, ko, (casually) but, sometimes perhaps</Unicode>
                </TextEquiv>
            </TextLine>
            <TextLine id="tr_2_tl_2" custom="readingOrder {index:1;}">
                <Coords points="950,2667 3152,2630 3270,2620 3273,2539 950,2593"/>
                <Baseline points="967,2633 1039,2633 1128,2633 1218,2633 1307,2633 1397,2627 1486,2627 1576,2621 1666,2621 1755,2621 1845,2615 1934,2615 2024,2615 2113,2615 2203,2615 2292,2609 2382,2609 2472,2609 2561,2603 2651,2597 2740,2603 2830,2597 2919,2597 3009,2591 3099,2591 3188,2591 3278,2591"/>
                <TextEquiv>
                    <Unicode>she might have felt a little lonely being so much</Unicode>
                </TextEquiv>
            </TextLine>
            <TextLine id="tr_2_tl_3" custom="readingOrder {index:2;}">
                <Coords points="943,2738 983,2748 1000,2728 1071,2721 1111,2724 1128,2741 1152,2721 1249,2728 1249,2657 1189,2660 1155,2643 1067,2664 1051,2647 1020,2647 943,2677"/>
                <Baseline points="961,2705 1050,2710 1140,2710 1230,2710 1259,2705"/>
                <TextEquiv>
                    <Unicode>alone.</Unicode>
                </TextEquiv>
            </TextLine>
            <TextLine id="tr_2_tl_4" custom="readingOrder {index:3;}">
                <Coords points="950,2876 2249,2903 2606,2832 2849,2899 3152,2876 3206,2755 950,2785"/>
                <Baseline points="967,2854 973,2854 1062,2860 1152,2866 1242,2866 1331,2860 1421,2860 1510,2860 1600,2854 1689,2854 1779,2848 1869,2848 1958,2848 2048,2848 2137,2842 2227,2836 2316,2836 2406,2836 2496,2836 2585,2830 2675,2830 2764,2836 2854,2836 2943,2830 3033,2830 3123,2830 3212,2830"/>
                <TextEquiv>
                    <Unicode>Count: Did she complain about me? Oh, you can</Unicode>
                </TextEquiv>
            </TextLine>
            <TextLine id="tr_2_tl_5" custom="readingOrder {index:4;}">
                <Coords points="956,2963 987,2953 1014,2974 1047,2963 1105,3004 1226,2994 1273,2963 1313,2994 1350,2994 1347,2886 1310,2866 1256,2866 1202,2893 1155,2876 1111,2893 1078,2876 1051,2886 1007,2869 953,2886"/>
                <Baseline points="973,2937 1062,2943 1152,2943 1242,2943 1331,2943 1355,2937"/>
                <TextEquiv>
                    <Unicode>tell me.</Unicode>
                </TextEquiv>
            </TextLine>
            <TextLine id="tr_2_tl_6" custom="readingOrder {index:5;}">
                <Coords points="953,3095 3250,3078 3327,2997 2650,2940 2421,3014 953,3027"/>
                <Baseline points="973,3087 1003,3087 1092,3087 1182,3087 1271,3087 1361,3087 1451,3087 1540,3081 1630,3081 1719,3075 1809,3075 1898,3075 1988,3075 2078,3069 2167,3069 2257,3063 2346,3063 2436,3063 2525,3057 2615,3057 2705,3057 2794,3057 2884,3057 2973,3057 3063,3051 3152,3057 3242,3051 3332,3045"/>
                <TextEquiv>
                    <Unicode>Prince: I am not in Mizza's confidence. She never</Unicode>
                </TextEquiv>
            </TextLine>
            <TextLine id="tr_2_tl_7" custom="readingOrder {index:6;}">
                <Coords points="963,3186 3357,3152 3378,3051 966,3128"/>
                <Baseline points="985,3170 1056,3176 1146,3170 1236,3170 1325,3164 1415,3158 1504,3158 1594,3158 1683,3158 1773,3158 1863,3152 1952,3146 2042,3146 2131,3146 2221,3146 2310,3146 2400,3146 2490,3140 2579,3140 2669,3140 2758,3134 2848,3134 2937,3134 3027,3134 3117,3134 3206,3128 3296,3134 3385,3123"/>
                <TextEquiv>
                    <Unicode>complained to me, of course. Maybe she hasn't felt</Unicode>
                </TextEquiv>
            </TextLine>
            <TextLine id="tr_2_tl_8" custom="readingOrder {index:7;}">
                <Coords points="966,3270 3334,3270 3371,3149 966,3196"/>
                <Baseline points="985,3248 1050,3254 1140,3248 1230,3248 1319,3242 1409,3236 1498,3236 1588,3230 1677,3236 1767,3236 1857,3230 1946,3230 2036,3230 2125,3230 2215,3230 2304,3224 2394,3224 2484,3224 2573,3218 2663,3224 2752,3218 2842,3212 2931,3218 3021,3218 3111,3212 3200,3218 3290,3212 3379,3212"/>
                <TextEquiv>
                    <Unicode>it. She's been used to this quiet and retired life</Unicode>
                </TextEquiv>
            </TextLine>
            <TextLine id="tr_2_tl_9" custom="readingOrder {index:8;}">
                <Coords points="960,3354 1125,3371 1263,3337 1408,3364 1536,3334 1680,3364 1724,3344 1724,3266 960,3277"/>
                <Baseline points="979,3314 1062,3326 1152,3326 1242,3320 1331,3320 1421,3320 1510,3320 1600,3314 1689,3314 1731,3320"/>
                <TextEquiv>
                    <Unicode>for a long time.</Unicode>
                </TextEquiv>
            </TextLine>
            <TextLine id="tr_2_tl_10" custom="readingOrder {index:9;}">
                <Coords points="973,3499 3293,3475 3297,3374 977,3405"/>
                <Baseline points="991,3469 1062,3475 1152,3475 1242,3475 1331,3469 1421,3469 1510,3469 1600,3469 1689,3457 1779,3457 1869,3457 1958,3451 2048,3451 2137,3451 2227,3457 2316,3451 2406,3451 2496,3457 2585,3451 2675,3451 2764,3445 2854,3445 2943,3451 3033,3445 3123,3439 3212,3439 3302,3439"/>
                <TextEquiv>
                    <Unicode>Count: Yes, it’s her own laste. And then, up to</Unicode>
                </TextEquiv>
            </TextLine>
            <TextLine id="tr_2_tl_11" custom="readingOrder {index:10;}">
                <Coords points="966,3570 3159,3563 3216,3452 970,3506"/>
                <Baseline points="985,3558 1074,3558 1164,3558 1253,3552 1343,3552 1433,3546 1522,3546 1612,3546 1701,3546 1791,3541 1880,3535 1970,3535 2060,3535 2149,3535 2239,3535 2328,3529 2418,3529 2507,3529 2597,3529 2687,3523 2776,3529 2866,3523 2955,3523 3045,3517 3134,3517 3224,3517"/>
                <TextEquiv>
                    <Unicode>some years ago, she went a good deal in society,</Unicode>
                </TextEquiv>
            </TextLine>
            <TextLine id="tr_2_tl_12" custom="readingOrder {index:11;}">
                <Coords points="966,3644 2505,3660 3263,3627 3337,3546 966,3570"/>
                <Baseline points="985,3630 1015,3630 1104,3630 1194,3630 1283,3624 1373,3624 1462,3624 1552,3624 1642,3618 1731,3618 1821,3618 1910,3618 2000,3612 2089,3612 2179,3612 2269,3606 2358,3600 2448,3600 2537,3600 2627,3600 2716,3600 2806,3600 2896,3600 2985,3600 3075,3600 3164,3594 3254,3594 3343,3594"/>
                <TextEquiv>
                    <Unicode>between you and me,Egon, three years ago, even two</Unicode>
                </TextEquiv>
            </TextLine>
            <TextLine id="tr_2_tl_13" custom="readingOrder {index:12;}">
                <Coords points="956,3745 3246,3731 3182,3603 960,3657"/>
                <Baseline points="979,3714 1015,3708 1104,3708 1194,3708 1283,3708 1373,3708 1462,3702 1552,3702 1642,3696 1731,3696 1821,3696 1910,3690 2000,3690 2089,3684 2179,3684 2269,3684 2358,3684 2448,3684 2537,3684 2627,3684 2716,3678 2806,3678 2896,3678 2985,3672 3075,3672 3164,3672 3254,3666"/>
                <TextEquiv>
                    <Unicode>years ago, I firmly believed she had made up her</Unicode>
                </TextEquiv>
            </TextLine>
            <TextLine id="tr_2_tl_14" custom="readingOrder {index:13;}">
                <Coords points="960,3815 1020,3815 1064,3846 1111,3822 1148,3836 1209,3795 1263,3812 1384,3792 1384,3741 1334,3745 1300,3721 1266,3728 1249,3714 1209,3748 1172,3721 1105,3735 1044,3718 1010,3741 960,3741"/>
                <Baseline points="979,3785 1033,3785 1122,3785 1212,3779 1301,3779 1391,3773"/>
                <TextEquiv>
                    <Unicode>mind to.</Unicode>
                </TextEquiv>
            </TextLine>
            <TextLine id="tr_2_tl_15" custom="readingOrder {index:14;}">
                <Coords points="960,3953 2768,3967 2768,3856 1674,3883 1542,3795 1317,3889 960,3876"/>
                <Baseline points="979,3935 985,3935 1074,3935 1164,3935 1253,3935 1343,3935 1433,3929 1522,3929 1612,3929 1701,3929 1791,3929 1880,3923 1970,3923 2060,3923 2149,3923 2239,3917 2328,3917 2418,3923 2507,3917 2597,3917 2687,3911 2776,3911"/>
                <TextEquiv>
                    <Unicode>Prince: Maße up her mind? Oh, I see.</Unicode>
                </TextEquiv>
            </TextLine>
        </TextRegion>
        <TextRegion id="tr_3" custom="readingOrder {index:2;}">
            <Coords points="979,4004 3702,4004 3702,5127 979,5127"/>
            <TextLine id="tr_3_tl_1" custom="readingOrder {index:0;}">
                <Coords points="960,4092 3240,4102 3304,3980 960,4011"/>
                <Baseline points="979,4084 1068,4090 1158,4090 1248,4084 1337,4078 1427,4078 1516,4078 1606,4078 1695,4072 1785,4078 1874,4072 1964,4072 2054,4066 2143,4072 2233,4072 2322,4072 2412,4072 2501,4072 2591,4066 2681,4066 2770,4054 2860,4060 2949,4066 3039,4060 3128,4060 3218,4060 3308,4060"/>
                <TextEquiv>
                    <Unicode>Count: If you know how many people were interested</Unicode>
                </TextEquiv>
            </TextLine>
            <TextLine id="tr_3_tl_2" custom="readingOrder {index:1;}">
                <Coords points="980,4203 2468,4166 2468,4105 2320,4081 1293,4129 980,4092"/>
                <Baseline points="997,4167 1044,4167 1134,4167 1224,4167 1313,4162 1403,4156 1492,4156 1582,4156 1671,4156 1761,4156 1851,4156 1940,4156 2030,4156 2119,4150 2209,4150 2298,4144 2388,4144 2478,4150"/>
                <TextEquiv>
                    <Unicode>in her, even in the last years,</Unicode>
                </TextEquiv>
            </TextLine>
            <TextLine id="tr_3_tl_3" custom="readingOrder {index:2;}">
                <Coords points="1441,4358 2414,4361 2418,4223 2020,4246 1869,4213 1741,4273 1445,4243"/>
                <Baseline points="1462,4317 1528,4311 1618,4311 1707,4311 1797,4311 1886,4311 1976,4305 2066,4305 2155,4305 2245,4305 2334,4305 2424,4311"/>
                <TextEquiv>
                    <Unicode>I can understand it,</Unicode>
                </TextEquiv>
            </TextLine>
            <TextLine id="tr_3_tl_4" custom="readingOrder {index:3;}">
                <Coords points="980,4358 1007,4351 1057,4374 1105,4354 1131,4364 1239,4354 1276,4378 1340,4371 1340,4226 1276,4230 1253,4213 1145,4226 1128,4213 1074,4240 1017,4203 980,4206"/>
                <Baseline points="997,4317 1086,4323 1176,4317 1265,4317 1349,4323"/>
                <TextEquiv>
                    <Unicode>Prince:</Unicode>
                </TextEquiv>
            </TextLine>
            <TextLine id="tr_3_tl_5" custom="readingOrder {index:4;}">
                <Coords points="1438,4492 3607,4469 3607,4361 1438,4415"/>
                <Baseline points="1457,4466 1462,4466 1552,4466 1642,4460 1731,4466 1821,4460 1910,4460 2000,4460 2089,4454 2179,4448 2269,4454 2358,4454 2448,4448 2537,4448 2627,4448 2716,4448 2806,4448 2896,4448 2985,4442 3075,4442 3164,4442 3254,4442 3343,4442 3433,4442 3523,4442 3612,4430"/>
                <TextEquiv>
                    <Unicode>But she doesn't want to the absolutd</Unicode>
                </TextEquiv>
            </TextLine>
            <TextLine id="tr_3_tl_6" custom="readingOrder {index:5;}">
                <Coords points="973,4506 997,4509 1044,4482 1064,4499 1121,4492 1145,4506 1172,4489 1229,4496 1249,4479 1293,4479 1293,4408 1263,4395 1118,4378 1071,4398 1027,4358 973,4354"/>
                <Baseline points="991,4460 1080,4472 1170,4472 1259,4466 1301,4466"/>
                <TextEquiv>
                    <Unicode>Count :</Unicode>
                </TextEquiv>
            </TextLine>
            <TextLine id="tr_3_tl_7" custom="readingOrder {index:6;}">
                <Coords points="980,4556 3671,4546 3674,4428 983,4509"/>
                <Baseline points="997,4544 1086,4550 1176,4550 1265,4550 1355,4550 1445,4544 1534,4544 1624,4544 1713,4544 1803,4544 1892,4544 1982,4544 2072,4538 2161,4532 2251,4538 2340,4532 2430,4532 2519,4526 2609,4526 2699,4532 2788,4526 2878,4526 2967,4526 3057,4526 3146,4520 3236,4514 3326,4514 3415,4514 3505,4514 3594,4508 3684,4508"/>
                <TextEquiv>
                    <Unicode>doesn’t want to. I only mean with all this, she couldn't</Unicode>
                </TextEquiv>
            </TextLine>
            <TextLine id="tr_3_tl_8" custom="readingOrder {index:7;}">
                <Coords points="973,4667 3266,4671 3634,4620 3634,4526 973,4546"/>
                <Baseline points="991,4627 1044,4633 1134,4627 1224,4627 1313,4627 1403,4627 1492,4621 1582,4615 1671,4621 1761,4621 1851,4621 1940,4621 2030,4621 2119,4621 2209,4615 2298,4615 2388,4609 2478,4615 2567,4609 2657,4609 2746,4609 2836,4603 2925,4603 3015,4603 3105,4597 3194,4603 3284,4597 3373,4597 3463,4597 3552,4597 3642,4591"/>
                <TextEquiv>
                    <Unicode>have felt so very longly, or with all her opportunities</Unicode>
                </TextEquiv>
            </TextLine>
            <TextLine id="tr_3_tl_9" custom="readingOrder {index:8;}">
                <Coords points="980,4741 1101,4741 1138,4765 1175,4741 1209,4758 1286,4748 1323,4768 1381,4741 1472,4752 1472,4640 1249,4647 1199,4630 1175,4654 1105,4640 980,4657"/>
                <Baseline points="997,4705 1086,4705 1176,4705 1265,4711 1355,4705 1445,4699 1480,4705"/>
                <TextEquiv>
                    <Unicode>she might-</Unicode>
                </TextEquiv>
            </TextLine>
            <TextLine id="tr_3_tl_10" custom="readingOrder {index:9;}">
                <Coords points="990,4873 3192,4886 3698,4839 3698,4745 990,4772"/>
                <Baseline points="1009,4848 1015,4854 1104,4848 1194,4854 1283,4854 1373,4854 1462,4854 1552,4860 1642,4854 1731,4848 1821,4848 1910,4848 2000,4842 2089,4848 2179,4842 2269,4842 2358,4842 2448,4836 2537,4836 2627,4836 2716,4836 2806,4830 2896,4824 2985,4830 3075,4830 3164,4830 3254,4830 3343,4824 3433,4824 3523,4824 3612,4818 3702,4824"/>
                <TextEquiv>
                    <Unicode>Prince: Why, of course, it's her own free choice, And then</Unicode>
                </TextEquiv>
            </TextLine>
            <TextLine id="tr_3_tl_11" custom="readingOrder {index:10;}">
                <Coords points="980,4960 3593,4913 3482,4826 983,4876"/>
                <Baseline points="997,4944 1003,4938 1092,4938 1182,4938 1271,4932 1361,4932 1451,4932 1540,4932 1630,4932 1719,4926 1809,4926 1898,4926 1988,4920 2078,4920 2167,4920 2257,4920 2346,4920 2436,4920 2525,4914 2615,4914 2705,4908 2794,4914 2884,4908 2973,4914 3063,4914 3152,4914 3242,4902 3332,4902 3421,4902 3511,4896 3600,4890"/>
                <TextEquiv>
                    <Unicode>Mizzi has that other diversion, her painting. Just like</Unicode>
                </TextEquiv>
            </TextLine>
            <TextLine id="tr_3_tl_12" custom="readingOrder {index:11;}">
                <Coords points="983,5034 3347,5024 3526,4997 3526,4920 983,4957"/>
                <Baseline points="1003,5015 1027,5015 1116,5015 1206,5015 1295,5015 1385,5015 1474,5009 1564,5009 1654,5009 1743,5003 1833,5003 1922,5003 2012,5003 2101,5003 2191,4998 2281,4998 2370,4998 2460,4998 2549,4992 2639,4992 2728,4992 2818,4992 2908,4986 2997,4986 3087,4986 3176,4986 3266,4980 3355,4980 3445,4980 3535,4980"/>
                <TextEquiv>
                    <Unicode>my late Aunt, Fannie Hohenstein, who wrote books to an</Unicode>
                </TextEquiv>
            </TextLine>
            <TextLine id="tr_3_tl_13" custom="readingOrder {index:12;}">
                <Coords points="980,5135 2441,5105 2569,5166 2748,5085 3354,5085 3300,4994 983,5031"/>
                <Baseline points="997,5117 1033,5111 1122,5117 1212,5111 1301,5111 1391,5105 1480,5105 1570,5105 1660,5105 1749,5099 1839,5099 1928,5093 2018,5093 2107,5093 2197,5093 2287,5087 2376,5087 2466,5081 2555,5081 2645,5081 2734,5081 2824,5075 2914,5075 3003,5075 3093,5069 3182,5069 3272,5069 3361,5075"/>
                <TextEquiv>
                    <Unicode>advanood age, and absolutely didn't want to many.</Unicode>
                </TextEquiv>
            </TextLine>
        </TextRegion>
    </Page>
</PcGts>
