4200 5176
2004 350 2273 532 25 —
1236 562 3155 731 But as it was no case for operation --
1236 694 3852 936 As a diagnostician, he's really in the first rank, your
771 724 1004 960 OLE R:
1246 926 2455 1101 Chief, say what one will.
1246 1094 2135 1323 What does one say?
751 1192 956 1334 URT:
711 1418 990 1606 ADIE R:
1233 1394 1418 1546 En?
1236 1620 3933 1771 Well, Professor, since you used the expression "say what
700 1637 943 1815 KURT:
1246 1781 1741 1980 one will".
1263 2014 3795 2169 (in aignry voice) Why do you pull me up so simply,
694 2020 1007 2182 ADL. R:
1206 2189 3906 2337 Dr. Pflugfelder? I simply meant that your chief strength
1199 2327 3906 2465 lies inentiagnosis and not in therapeutics. In that field
1206 2462 3795 2620 you are too demned jxperimental, according to my humble
1212 2650 1620 2808 opinion.
687 2930 929 3101 KURT:
1239 2933 3896 3105 Well, Professor, what can we do where internal treatment.
1246 3108 3842 3300 is concerned. We must try new remedies if the old ones
1246 3246 1805 3455 don’t help.
1236 3479 3876 3671 And tomorrow the new is the old again. You can’t really
690 3472 983 3654 ADIER:
1236 3650 3711 3829 help it. I also went through all that once. But it
1239 3805 3677 3970 gets depressing sometimes to have to prope about so
1236 3930 3721 4105 much in the dark. That was the reason why I died to
1253 4125 3809 4267 pathological matomy. There you are, so to speak, the
1246 4257 2034 4408 Head Controller.
670 4509 940 4701 KURT:
1222 4509 3543 4714 Excuse me Professor, there's still one over you.
