4088 5480
2703 176 2942 359 1:1:
1447 452 1727 591 - 13 -
624 527 1839 748 Cpuntess: Another call?
628 695 1832 894 Prince: Announced by me.
643 867 1675 1039 Countess: Who is it?
654 1021 1484 1219 Prince: Our son.
636 1099 3163 1365 Countess: Are you?...... Your son is coming out here?
643 1312 3144 1496 Prince: He’ll be here in half-an-bour at the latest.
654 1458 2520 1641 Countess: say, Prince, are you joking?
647 1641 3099 1761 Prince: Not at all. Hardly with a dead person.....
658 1739 1619 1888 What do you imagine?
647 1862 2367 2056 Countess: It is true? He's coming?
658 2049 1290 2210 Prince: Yes.
654 2142 3227 2348 Gountess: You seem to take it still as a caprice that
677 2273 2733 2445 I don't want to know anything about the boy.
677 2378 3219 2561 Prince? Caprice?........ No. There's too much conse¬
684 2479 3170 2632 quence in it for a caprice... To think, that for all
695 2527 3369 2711 these years you could refrain from even asking about him.
2647 2658 3470 2830 I’ve gone through
669 2696 2565 2860 Countess: nothing particular about that.
673 2797 3421 2935 harder things. When I had to give him up eight days after
677 2920 1260 3070 he was born.
695 2998 3241 3163 Prince: Yes, but else could you, could we do? What I
680 3066 3425 3241 arranged- With your consent, in the end- was certainly the
684 3223 2677 3357 wisest thing we could do in our situation.
695 3342 2868 3507 Countess: The wisest, yes, I never doubted it.
695 3440 3290 3645 Prince: Not only the wisest, Mizzi, You know, not only
2243 3567 3313 3705 Others might have been
707 3608 2127 3709 our fate was to be considered,
688 3660 3249 3802 ruined if the truth had been known. My wife, with her
695 3757 2688 3903 awesk heart, would hardly have Coavited it.
695 3866 1948 4057 Countess: Thatweak heart-
692 4004 2841 4206 Prince: And your father, Mizzi, your father?
714 4139 3541 4322 Countess: He would have come around at it, you may be sure.
684 4266 3365 4434 At that time his little story with Lolo began, otherwise
707 4266 3571 4475 it wouldn’t have been so easy. He would have bethered about
695 4419 3447 4580 me a little more. I couldn’t have stayed away for months,
710 4505 3455 4658 if it hadn’t been very convenient for him just then. There
707 4558 3492 4722 was only one danger. That Fedor Wangenheim might have pos-
714 4677 2419 4838 sibly shot you down, my dear Prince.
714 4744 3716 4984 Prince: Why? It might have been the reverse, Or do you believe
