4088 5512
2862 172 3062 377 Votre trèsse dans les
1683 419 1890 577 25-
725 535 3358 774 Countess: I would like to vongratulate your fiance, if
718 732 1426 884 you dont mind?
739 774 3495 1000 Lolo: Why, how faireming, but won't the Count- He mightn't
750 961 1137 1133 like it?
739 1024 3418 1243 Countess: My dear, Miss Lolo, I always did exactly as I
760 1190 2119 1331 liked. (both go to the door
753 1207 3467 1461 Wasner: Good-morning, my lady. (Meanwhile, Count, Phillip
757 1397 2045 1556 and Prince have happened)
764 1524 2108 1725 Count: (To the Prince) Lock,
785 1651 3608 1844 Wasner: Your servant, My Lord, Youer servant, Your Highness.
1225 1823 3450 2042 take your fiance home in your carriage, my dear
792 1929 1183 2084 Prince:
792 2010 2686 2225 Wasner. I’ll take my son along with me.
803 2175 1676 2330 Wasner: Your son¬
810 2225 3643 2450 Phillip: Why, didn't you tell me of your engagement. Wasner?
803 2418 3348 2591 Wasner: And Your Highness- What did you tell me? Mr.
799 2573 1257 2700 Radeiner!
820 2633 3573 2827 Count: (To Lolo) I thank you again for your kind visit and
820 2795 2010 2950 wish you every happiness.
813 2848 3573 3073 Lolo: The same to you, Count. With a daughter like yours-
838 3031 2816 3256 Countess: I’m sorry,we didn’t meet before.
841 3238 2101 3400 Lolo: You are really too-
852 3355 3323 3527 Countess: Dear Miss Lolo, once more- every happiness
873 3531 1556 3661 (Embraces her-
852 3590 2714 3805 Count: (Astonished and somewhat moved)
869 3721 3668 3939 Lolo: Well, Count, I thank you for the friendly reception-
862 3886 1644 4034 And now,Good-tye.
922 3956 3488 4154 Count: Good-tye, Miss Langhuber- be happy, by happy,
873 4150 1137 4301 Lolo.
891 4171 3682 4404 (Lolo monts in the carriage that has come up to the door¬
936 4266 3597 4477 Wasner on the box- hat in hand. They drive away-Countess
940 4344 3731 4551 twaves after them- Count lost in thought- Phillip and Prince
940 4492 1809 4643 come to the front)
887 4555 3316 4780 Phillip: Dear Papa, I see through the whole story.
905 4770 1556 4963 Prince: Well?
