4264 5672
1735 407 1964 527 -13-
2793 378 2991 588 , p. 1/3
3208 390 3486 628 1:4
588 435 2037 652 her carriage and hold her off.
934 608 3755 753 Countess: How childish. How touching, really. I should so
604 725 3763 841 have like to meet her. Isn’t it too stupid. One has a father who
604 801 3538 906 has spent half of his life with an understoodly very delightful
604 853 3723 1002 person...and one never has the opportunity--hasn’t the right--to
604 914 3840 1123 shake hands with her. Why doesn't it suit him? He must surely know
612 1038 1703 1167 that I know everything.
2528 1119 3755 1284 Perhaps it would have dis¬
934 1179 2467 1292 Prince: Lord, that’s how he is.
600 1280 3594 1409 turbed him less if he had not expected another visit exactly at
604 1360 1183 1509 this time...
946 1461 2133 1638 Countess: Another visit?
934 1646 3478 1803 Prince: Of which I took the liberty of informing him.
938 1779 2008 1968 Countess: What visit?
926 1924 1751 2113 Prince: Our son.
934 2113 3075 2286 Countess: Are you...Your son is coming here?
922 2286 3534 2415 Prince: In half an hour at the latest he will be here.
934 2423 3397 2592 Countess: Tell me, Prince...Are you joking with me?
926 2552 3602 2725 Prince: Most certainly not. With a dead...What do you
600 2657 898 2801 think?
982 2777 2974 2987 Countess: Is it true? Is he coming here?
966 2950 1550 3127 Prince: Yes.
974 3087 3578 3256 Countess: Evidently you still consider it a whim on my
604 3236 2665 3381 part that I want to know nothing of the boy?
2198 3341 3707 3494 You carry the thing out entirely
970 3349 1900 3506 Prince: A whim..?
612 3466 3667 3558 tooisonly for me to dare call it that. When I think that all
604 3538 3719 3655 through these years you have not a single time allowed yourself to
604 3631 1369 3775 ask about him...
978 3743 3103 3884 Countess: That isn't anything to marvel at.
3135 3743 3779 3880 I have forced
600 3848 3695 4025 myself to doennarder things. At that time, when I had to give him
604 3932 2632 4085 up eight days after he came into the world.
982 4077 3900 4234 Prince: Yes, at that time there remained nothing else for you,
600 4186 3679 4275 remained nothing for us both to do. My arrangement, to which you
600 4258 3542 4411 finally agreed, was decidedly the wisest that we, could make in
612 4363 1280 4484 our situation.
1046 4371 3051 4593 Countess: Wisel that I have never doubted.
1014 4613 3679 4762 Prince: And not only wise, Mizzi. You know it was not
596 4597 3784 4878 a question of our fate alone. It would perhaps have meant the ruin
608 4741 3635 4967 of others too, if the truth had come to light. My wife with her
592 4798 2632 5015 ailing heart would hardly have served it.
1018 4955 2540 5180 Countess: That ailing heart....
