4056 5480
1759 403 2010 558 15
595 569 1870 750 Countess: You have......
595 654 3241 887 Prince: Probably he will bear my name tomorrow. I will
2284 757 3259 868 Of course, to my old
617 831 2162 961 introduce him wherever I like to.
621 828 3300 1035 fried, the Count, your father. If you don’t want to see
613 909 3266 1120 the young man, you had better retire to your room during
617 1090 1083 1208 his visit.
621 1097 3222 1352 Countess: Do you believe that I think your manner very
632 1312 1212 1445 appropriate?
624 1400 2668 1593 Prince: Just as little as your bad humor.
647 1504 3433 1726 Countess: Bad humor? I in bad humor? You will allow me
654 1607 3326 1799 to think your idea in bad laste? For the rest my humor
654 1748 1822 1896 is just as good as usual.
3034 1777 3481 1936 Only just
647 1866 2982 2017 Prince: I don’t question your usual good humor.
661 1925 3340 2114 now...... For the rest, I'm well informed, that you have
661 1984 3355 2191 known how to reconciler yourself to your illfate. Just as
658 2036 3444 2265 I have learned to put up with mine, which was perhaps quite
665 2243 1197 2376 as painful.
669 2298 3266 2490 Countess: What? What did you?... Not everybody can be
1659 2265 1848 2424 fate
672 2372 3455 2575 promoto to a ministry......Oh, this remark refers perhaps
691 2465 3326 2660 to the honour Your Highness intended to confer on me, by
672 2535 3407 2723 acking me ten years ago, after the death of your late con-
684 2683 1748 2823 sort, to be your wife?
680 2734 3555 2967 Prince: And seven years ago, too, if you’ll remember kindly,
2180 2882 3425 3078 I have never given you oc-
702 2949 2132 3104 Countess: Oh, yes, I remember.
698 3045 2147 3207 casion to doubt my good memory.
695 3096 3540 3340 Prince: And I hope, Mizzi, you never supposed that I wanted
724 3222 3529 3422 to atone for something like a sin. I asked you to become my
706 3314 3510 3510 life, just because I was fully persuaded that only with you
709 3444 2036 3603 could I find real happiness.
717 3503 3370 3743 Countess: Real happiness- You might have been mistaken.
721 3628 3499 3869 Prince: I believe myself, I would have been mistaken then.
2276 3758 3636 3928 Perhaps even seven years ago,
739 3846 2165 3961 Ten years ago it was too soon,
717 3946 1208 4083 not today.
732 3983 3699 4194 Countess: Today as well, my dear Prince. It is your bad luck,
750 4076 3569 4275 never to have understood me, Not when I loved you, Not, when
743 4116 3677 4345 I bated you. Not through the long period you were indifferent
739 4342 1060 4460 to me.
2420 4334 3654 4519 I know more about you than
765 4419 2383 4585 Prince: I always knew you, Mizzi.
761 4460 3599 4678 you suppose. For instance, I know rather well that you used
754 4545 3595 4737 these seventeen years to a better purpose than keeping for a
761 4630 3532 4815 man, who might not have been altogether worthy of you. Yes,
761 4719 3521 4892 I even know that you have had the caprice to live through a
761 4818 2989 5007 few more disillsionments after that first one.
