4024 6136
1709 539 1960 705 - 32 -
1209 791 3627 911 Well, you've sent for me and want to speak to me.
830 798 986 911 EIH.
2343 865 2999 986 Why do you an
1227 886 2311 993 I'm ready to listen.
791 861 1149 1035 (CONT.)
1227 879 3744 1085 it was only a flicker frem the lamp.
1223 1025 3559 1131 here is not on a very high level......Well, I-M
1758 1099 3687 1212 I shall explain to Dr. Halmschlöger that
1223 1120 1638 1227 waiting.
1209 1177 3687 1344 you made no use of the first five minutes. Well?"
1234 1308 3623 1439 (Has already half opened his month several times.
723 1305 989 1478 RADE.
1223 1372 3705 1531 as if to speak; he does so now again, but is again
1705 1478 2180 1631 A Pause.)
1227 1489 1656 1617 silent.
1223 1585 3446 1730 Well how has your life gone on all this time?
716 1599 986 1762 WEIH.
1234 1709 3059 1804 (With=alight emharrasment) Mm, Mm...
1227 1765 3279 1879 Rather a tactless question at this moment.
1227 1847 3662 1978 I feel a little ill at case, I confess it to you;
1223 1932 3400 2021 For if one looks at it simply on the surface
1223 1999 3793 2099 one might suppose that I am the one who has had the
2159 2056 3775 2173 And yet looking at things as they
1223 2095 2088 2205 happier de stiny.
1227 2155 3499 2251 really must be looked at who has suffered more
1227 2194 3740 2347 disillusions, It is always the one who appears to
1216 2311 3432 2411 have achieved most..... that sound s like a
1227 2343 3690 2503 paradox, but yet it is the fact. Oh if I chose to
1234 2450 3644 2559 tell you....nothinng but struggles, nothing but
851 2503 3701 2655 I dont know how far you may have followed
1223 2609 2648 2691 the movement of recent times.
2786 2606 3655 2723 Well now they are
2630 2666 3541 2776 why the young men.
1241 2687 2584 2776 falling upon me.... who?
1223 2740 3790 2847 When one reflect s that ten years ago one was one self
1241 2829 3744 2953 of the young... now they are trying to bring me
883 2825 1188 2935 among
1620 2907 3783 2999 If one just read the magasines!
1241 2914 1489 3013 down.
3478 2964 3687 3081 They
1241 2988 3375 3077 it is enough to give one a fit of sickness.
851 3031 1180 3194 scorn
1234 3052 3350 3141 treat me withatempt, with condescension.
2092 3081 3740 3229 After one has honestly worked and
1223 3134 1971 3237 It is pitiable.
2996 3190 3634 3315 and than,- ah,
1269 3212 2949 3293 triven, given of one's best.
493 3219 1251 3421 I can think yourself
1276 3293 3531 3403 you may be glad to be out of all these things.
1007 3336 3648 3485 lucly I ff I could choose again to day and begin my life
996 3435 2021 3573 are again.
713 3552 1003 3733 RADE.
1227 3549 1489 3708 Wel12
1234 3701 3786 3846 I'd like to be a pea sant on the land, or a shepherd,
1223 3811 3765 3942 or a Polar explorer, - anything you like, but nothing
886 3882 1776 4016 & do out literature.
1957 3885 3364 4024 still it's not the end of the
1241 3963 1840 4094 chapter yet,
741 4077 996 4250 RADE.
1234 4077 2329 4233 (With a strange Neile)
1223 4165 2861 4328 You want to go to the North Bole?
3127 4180 3751 4371 there will be
1723 4289 3499 4431 but the opening of next season a new
730 4321 986 4460 WEIH.
1223 4314 1613 4460 No, no;
2701 4396 3708 4523 Then they shall see,
1227 4435 2598 4516 quece of mine coming on.
2106 4474 3513 4587 I wont let my self be Hercked
1227 4492 1989 4587 they shall see.
2850 4555 3541 4662 Well-now, das If
1223 4570 2708 4662 under! Just wait, just wait.
1234 4619 3783 4754 all goes well you must be there, my good old friend.
1223 4729 3612 4832 I give you my word to send you ticket's, though in
1223 4803 3783 4899 general your paper takes dammed little notice of me.
1223 4878 3726 4974 Indeed, my last two books were passed over by you
1234 4949 2116 5062 in dead silence.
2159 4938 3793 5037 But yf course you have nothing to
1227 5016 3651 5108 do with those tricks. Well, after all, what dull
1234 5091 2563 5229 stupid  stuff I'm talking.
2606 5066 3744 5225 Now do talk xx your self
1223 5172 3719 5257 at last. What have you got to tell me? If it is
1227 5243 3584 5353 hard for you to speak about, I could move quite
1223 5335 3619 5442 close to you. H’m. (Pause) What will my wife
1244 5399 3846 5530 say when I tell her that our old friend Rademacher is
1234 5498 3049 5637 lying in the General Hospital.
3077 5495 3644 5615 That’s your
1227 5576 3556 5732 pride, my dear Rademacher, your Alcur sed pride.
