4264 5672
1953 505 2156 648 -15-
620 595 3844 766 him here to me. If you will allow me to give you some good advice,
616 656 3534 860 got out to meet him too, just as Papa is doing with Lolo, and
628 811 1647 950 return home with him.
974 860 3656 1052 Prince: I haven’t the slightest intention of doing that.
632 982 3758 1141 After all that I have had to hear from you again, I must certainly
644 1060 3628 1223 maintain that his mother is dead. But all the more must I take
640 1121 3815 1317 his part. He is my son, before the world too. I have adopted him.
986 1284 2637 1492 Countess: You have adopted him!...
986 1402 3771 1594 Prince: Perhaps by tomorrow he will bear my name. I shall
669 1492 3942 1692 present him wherever I like. Naturally first of all to my old friend,
664 1606 3930 1765 the Count, your father. If it is unpleasant for you to see the young
644 1688 3783 1847 man, there will remain nothing for you to do but to retire to your
664 1818 1704 1924 room during his visit.
950 1904 1386 2010 Countess:
1052 1895 3583 2063 If you think that I find your one very keppropriate...
933 2050 2698 2230 Prince: As little as your ill humor.
942 2189 3966 2376 Countess: Ill humor? Do I look ill humored? Listen to that...
656 2303 3758 2487 I only allow myself to find your idea in pooröste. Otherwise I
669 2425 2181 2576 am in as good a humor as usual.
950 2531 3791 2694 Prince: Of your otherwise good humor I have no doubt. Only
669 2621 3807 2768 now...Besides, it is far from unknown to me that you have long ago
677 2698 3758 2849 iuarned how to become reconciled to your fate. I have understood
681 2768 3946 2947 too, how to reign myself to mine, which perhaps in its way was just
669 2902 1614 3057 asGainful as yours,
1549 2996 3709 3147 What? To what fate did you...Not everyone can
1003 3033 1500 3175 Countess:
669 3090 3909 3257 become minister.... An yes,.. Theemark has to do with the fact that
681 3179 3677 3326 his Highness did me the honor ten years ago, after the death of
677 3269 2947 3400 his late lamented spouse, to ask me for my hand.
1011 3375 3925 3538 Prince. And seven years ago again, if you will be kind enough
689 3526 1304 3648 to recall it.
1525 3599 3722 3807 Oh yes, I remember. I have never had cause to
1023 3656 1492 3795 Countess:
681 3766 1451 3897 doubt my memory.
1007 3844 3762 4023 Prince: And I hope, Mizzi, you have never considered that
689 3958 3726 4093 courtship was in any way connected with the desire to right a
701 4048 3726 4166 wrong. I asked you to be my wife because I was convinced that I
693 4141 2853 4268 could attain real happiness only at your side.
1023 4296 3775 4447 Countess: Real happiness!... You would have been mistaken.
1027 4431 3766 4565 Prince: Now I think too that at that time I was mistaken.
689 4512 3815 4659 Ten years ago it was too early. Perhaps seven years ago too. But
681 4635 1459 4753 not now anymore.
1064 4708 3832 4859 Countess: Now too, dear Prince. It is your fate that you
681 4810 3917 4957 have never known me, never understood anything about me. Not when I
693 4928 3877 5059 loved you, not when I bated you, and not even during the long years
701 5022 2825 5156 during which you have been indifferent to me.
1023 5124 3840 5271 Prince: I have always known you, Mizzi. I know more about
