3704 5352
3007 158 3202 348 13.
1144 293 1680 528 RADEMACHER
337 495 3055 678 Yes my dear Jackwerth and now you watch out. There'll be
345 645 3191 836 something for you to study—in my histor’s face. You look
345 814 3257 1023 at the gentleman when he comes in, and again when he goes out.
356 1005 3139 1144 (more excited) Oh if I only live to see it--if I only life
348 1148 3095 1350 to see it. give me a glass of water Jackwerth, please. (He
330 1295 3095 1463 drancks it greedelij) Granks. Yes the old machine must hold
348 1452 3172 1621 together that much longer. (As if afraid) Oh if he will only
345 1588 1735 1819 come--if he will only come--
1181 1760 1544 1929 FLORIAN
337 1874 1603 2090 Who are you talking about?
1258 2046 1793 2256 RADEMACHER
330 2167 3143 2355 Write to him? What good would that do me? I must have him
326 2362 2663 2564 here--opposite me--face to face-- eye to eye--ah--
1254 2512 1643 2674 FLORIAN
345 2633 1698 2894 (Alarmed) Mr. Rademacher......
1207 2846 1775 2989 RADEMACHER
312 2916 3154 3150 Don't be dermed about me. It is quite unnecessary. I feel
326 3150 3077 3312 so light at heart.—I'm not even afraid of dying now. I
330 3293 3066 3447 shan’t mind it at all—after he has been here.— – Florian
326 3433 1852 3653 Jackwerth jwhat can I do for you?
1298 3590 1680 3763 FLORIAN
315 3723 1163 3943 (Astonished) How?
1251 3891 1786 4067 RADEMACHER
315 4020 3257 4203 I want to show my gratitude. You gave me this idea-yes, you.
315 4196 3253 4412 You shall be my heir. The key of my desk is under my pillow.-
308 4357 3114 4581 You don’t expect much,hey? Who know, you may be mistaken-
319 4548 3114 4720 there may be masterpieces hidden there. Why I feel better
301 4680 2534 4892 and better--perhaps I may even get well again.
