4216 5544
2935 336 3199 458 : " : "
980 478 3834 713 Prince: How’s that? What sort of strange remains are these,
1012 676 2510 854 What do you mean by "downhill?"
632 664 964 866 Arpad?
992 818 2506 996 Count: We're getting old, Egon.
992 960 3178 1122 Prince: Yes. But one grows accustomed to it.
1004 1117 3794 1296 Count: But why should you talk? You're five years younger
676 1170 996 1413 than I.
1036 1352 3611 1571 Prince: Six. But fifty-five isn’t the spring-time of
664 1454 2668 1644 life either. But what can you do about it?
1000 1563 3644 1737 Count: You have always been a psychologist, old friend.
899 1680 1259 1822 Prince:
988 1757 3753 1899 Resides, I really don’t see what you want. You look first
664 1822 3867 1976 rate. (Sits down. Looks again up to the attic, as before. Pause.)
1012 1943 3794 2150 Count: (with decision) Do you know the intest? She's get-
672 2065 1300 2247 ting married.
980 2174 2445 2405 Prince: Who's getting married?
1000 2364 3336 2575 Count: Do you have to ask?... can’t you imagine?
1004 2559 3640 2680 Prince: Oh....I thought perhaps....Mizzi. Hm,yes, it
672 2644 2530 2798 would be...So Lolo is getting married.
1016 2786 1911 2960 Count: Yes, —Lolo.
1004 2919 2745 3109 Prince: But that isn't "the latest.
1004 3081 1935 3284 Count: How's that?
1012 3239 3640 3377 Prince: She has been promising yee, or threatening
980 3336 3701 3522 or how shall I say it, to do that for at least three
672 3458 968 3607 years.
2004 3555 3680 3680 You can easily say for ten. Or for
1053 3571 1960 3721 Count: For three?
692 3628 3769 3773 vighteen. Yes, really. In fact ever since the affair between us
700 3741 3802 3842 two began. It was always an "idée fixe" with her. "If a respect¬
680 3802 3818 3939 able man comes to ask for my hand, I'm going to leave the stage at
680 3883 3765 4020 once." That was the second word she said to me. You've heard her
680 3948 3903 4118 say it a couple of times yourself. And now at last the long awaited
688 4045 2733 4239 one has come... And she is getting married.
1024 4134 3518 4373 Prince: Well, if he’s at least a respective man....
1016 4332 3769 4494 Count: And so you joke about it! That's all the part you
700 4454 2117 4587 take in such a serious affair.
1016 4535 3405 4741 PrinceWell, well. (Lays his hand on Count’s arm.)
1036 4672 3729 4871 Count: Yes, I assure this is a serious affair. It's no
700 4765 3871 4980 small matter when one has lived so to speak for almost twenty years
704 4867 3891 5024 with a person, has spent his best years with her, has really charged
713 4956 3964 5114 happiness and sorrow with her. Then one begins to think it can never
709 5045 3794 5223 end...and then she comes one fine dag and says: "God bless us, my
