4216 5176
1467 164 1710 379 17 1
1863 410 2160 590 - 15 -
1259 522 3747 717 I have had a letter from Professor Hill of Graz. He
1269 717 3866 839 would be willing to stand as succession to Tugendvetter.
1259 928 2416 1109 Oh, he would be willing.
720 918 1024 1133 BERNH:
1256 1123 2010 1348 Yes, Professor.
713 1181 973 1379 EBEN:
713 1416 1010 1587 BERNH:
1263 1426 2344 1614 Has anybody asked him?
1269 1597 3645 1792 I took the liberty -- as an old friend and fellow
710 1638 966 1809 EBEN :
1276 1757 1676 1949 student.
706 2007 1184 2232 BERNHARDI:
1269 1921 3406 2252 Of course you wrote in your private capacity.
1259 2252 3822 2443 Naturally, since no official decision has been arrived
706 2245 996 2495 EEEN:
1269 2433 3590 2583 at. All the same I considered myself entitled to
1259 2611 3815 2737 make the auggestion, especially as I know that Tugend-
1259 2713 3870 2955 vetter himself looks on Hill’s candidature with favour.
700 2962 979 3177 BERNH
1269 2942 3825 3167 (Ratherptharply) Professor Tugendvetter is to take up
1198 3095 3587 3262 his new position at the State Hospital only at the
1211 3262 3723 3430 beginning fo the Summer Term. Our discussion of this
1205 3423 3675 3593 affair and - if I may be permitted theärke - your
1211 3604 3938 3750 correspondence with Dr. Hill- all seem somewhat premature.
1235 3774 3774 3918 And there is all the less reason to be Grecipitate as
1246 3860 3877 4051 Tugendvetter's contestant, Dr. Wenger, has several times
1201 4064 3798 4252 shewn his ability to fill the position, at any rate rry
1239 4214 3163 4443 temporarily, in a most competent manner.
1519 4399 1740 4576 3
676 4385 959 4682 EEEN:
1194 4498 3941 4778 In this connection I cannot fail to express my objection
