4040 5480
1349 452 1603 590 29 -
703 547 3302 745 to see your Aunt Lori. I only think there, is no sense
692 674 2207 858 in your letting me travel alone.
696 787 1953 1010 Countess: All right then,
710 992 1917 1158 Count: What is it to be?
724 1010 3457 1307 Countess: I'11 go with you, Papa. Without any obligation.
720 1303 2059 1480 Count: You’ll come with me?
738 1444 1412 1621 Countess: Yes.
749 1554 3415 1780 Count: I can’t say, how glad it makes me. thanks, Mizzi.
749 1716 3231 1900 Countess: But don’t thank me, Papa. I like to come.
756 1804 3425 2069 Count: You can’t imagine- alone without you, Mizzi- The
763 1935 3439 2133 memories, just this year- You know, last year I was with
759 2098 1575 2271 Lolo in Normandy?
759 2232 2090 2387 Countess: Of course I know.
763 2309 3305 2539 Count: As to Egon- I don't want to speak for him- But
784 2394 3319 2595 something you get better acquainted in a strange place
784 2532 2525 2666 in a few days, than at home in years.
791 2620 3475 2829 Countess: It’s settled, Papa. I’ll come with you. As to
802 2740 2899 2896 the rest, don’t let’s talk about it- for now.
805 2871 3401 3069 Count: All right. And I’ll telephone for reservations
802 3002 2260 3175 for to-morrow or the day after.
809 3157 2083 3298 Countess: In such a hurry?
812 3256 3249 3464 Count: What's the use of sitting around here longer
823 3323 3485 3517 after we've made up our mind? I'm going to call them up.
823 3489 1547 3620 You want me to?
816 3641 1494 3803 Countess: Yes.
840 3775 1783 3913 (Count embraces her)
840 3867 2934 4082 (Professor Windhofer appears in the garden.)
840 4001 3676 4199 Count: Oh, there's your Professor. Is this the day for your
844 4188 1197 4322 lesson?
851 4294 2415 4467 Countess: I forget all about it.
848 4428 3542 4605 Prof. Windhofer—(Handsome, 35 years of age- very elegant-
865 4495 3422 4682 pray cutaway- little blood heard- he takes off his hat
883 4562 3450 4757 entering the garden- comes to the front) Good-morning,
893 4707 2278 4859 Countess, good-morning, Count,
883 4774 3708 4983 Count: Good-morning, my dear Professor, how are you? You'll
883 4880 3404 5120 excuse me, I'm just going to telephone- we leave here.
