4056 5368
1026 713 3446 852 (Garden of the Count’s Villa at the back high hence,
1045 826 3449 932 portal nearly in the middle, a little to the right.
1052 871 3442 1003 To the left Fasade of the one story house, formerly
1045 942 3371 1071 a little elunting ledge, built 180 and lrenovated 30
1678 1029 3333 1123 A shallow terrace with three steps
1055 1074 1536 1165 years ago.
1068 1100 3423 1229 – leading into the garden. From the terrace an open
1061 1184 3326 1320 glass door leads to the drawing-room. The upper
1055 1261 3413 1381 story has simple windows— On top of the firstfloor
1061 1332 3455 1458 is a little balcony with 18lower boxes, belonging to
1620 1394 3462 1516 In front of the house lewn with flower-
1055 1442 1497 1536 an attic.
1374 1494 3604 1584 In front to the right under a tree, garden-
1055 1520 1316 1610 beds.
1078 1578 2249 1681 bench, table and chair.)
1307 1765 3520 1907 Count-Elderly gentleman with pray mustache, well
1087 1868 3575 1997 preserved, in his bearing, the former officer, comes
1903 1949 3394 2055 Dressed in niding habit, riding
1081 1965 1794 2065 from the right.
1087 2062 2620 2133 whip in hand, with him a servant.
1297 2184 3539 2278 Servant: When does your Lordship command lunch
1074 2287 1413 2384 to-day?
1320 2429 3062 2520 Count: (Lighting a big ‘eigar) At two.
1313 2575 3526 2675 Servant: And when shall the carriage be ready,
1068 2662 1745 2768 your Lordship?
1307 2784 3400 2887 Countess— (Appears on the Balcony-Palette and
1081 2868 3507 2971 brush in hand- She calls out to him) "Good-morning
1084 2975 1310 3068 Papa.
1313 3110 2265 3220 Count* Hello, Mizzi.
3020 3120 3691 3278 blone again
1313 3271 3575 3365 Countess: I had to eat my breakfast again alone,
1455 3342 2423 3430 Where have you been?
1078 3346 1339 3462 Papa,
1755 3468 3594 3591 quite far. I’ve been riding way beyond
1316 3504 1610 3597 Count:
2013 3575 3420 3652 Lovely morning. What are you
1081 3584 1900 3671 Mauer and Rodaun.
2436 3623 3597 3723 When shall we be allowed
1536 3659 2326 3749 Already at work?
1081 3668 1371 3759 doting?
1097 3742 1903 3833 to see something?
1320 3852 3471 3959 Countess: Oh, soon Papa- but only flowers- as
1081 3972 1378 4062 usual.
1320 4094 3471 4194 Count: Isn’t this the day for your Professor?
1320 4175 3497 4410 Countess: Yes, but he doesn't come until one.
1332 4414 3049 4507 Count: Well, I’ll not disturb you.
1336 4555 3346 4672 Countess: (Blows him a wiss and disappears
1094 4662 1816 4752 into the attic)
1336 4772 3478 4897 Count: (To the servant) What are you waiting
1097 4881 3591 4988 for? Why, yes the carriage, I'll not need it to-day.
1097 4933 3694 5130 Joseph can have a Friday. Oh- wait a minute, (calling)
1097 5065 1394 5191 Mizzi.
