4088 6184
1325 331 1597 446 9 —
1074 454 3766 599 hated one's whole life through,-but has never told him
1091 582 1393 705 of it.
837 667 1091 853 FLOR.
1134 667 3397 820 But you are getting so terrible worked up, Mr.
1121 807 3015 913 Rademacher, - you are lo sing your voice.
828 930 1074 1079 RADE
1134 900 3601 1036 Dont be afraid, once he is here I shall be able to
1163 1032 1847 1159 speak altight.
1138 1121 3809 1270 Who knows... who knows? Listen now, Mr. Rademacher
824 1134 1087 1278 FLOR.
1134 1236 2722 1342 let me make a auggestion to you.
2828 1248 3486 1346 Let us have.8
1130 1321 1881 1444 rehearsal of it.
2017 1321 3720 1431 Yes, Mr. Rademacher, Im not Joking,
1138 1410 3749 1507 I know what I m after. If you under stand what I mean
1138 1478 3724 1588 everything always besends on the way a matter is put,
1809 1550 3584 1643 Now, what good would,it be to you to
1138 1550 1698 1660 doesn’t it?
1151 1592 3792 1720 say to him "You are ancontemptible) creature and I hate
242 1605 705 1796 + abject
3219 1698 3643 1805 He would
1113 1724 3104 1817 you!”... that wouldn’t have any effect.
1113 1766 3592 1881 merely think.... "Oh you may call me bad names, but
1117 1864 3575 1966 you are lying here in a ward with a temperature of
1516 1907 3745 2025 while I can go off comfortably for a walk and
1134 1962 1885 2136 amoke my ’igar”
820 2127 1083 2267 RADE.
1130 2119 3694 2251 I shall say something quite different to him; a man
1121 2200 3817 2331 is easily consoled for his own business. But that all
268 2208 853 2395 1 abjectness
1138 2297 3703 2395 through his life he was ludicrous in the eyes of the
1121 2369 3817 2501 people who perhaps were most dear to him - - he canno
1113 2450 1822 2569 get over that.
1130 2544 1983 2709 Very well, then.
2047 2552 3851 2696 Talk, talk. imagine that I am this
807 2552 1074 2726 FLOR.
2841 2671 3775 2790 I have ry cket s
1113 2662 2811 2764 immend of your youth. Here I am;
1121 2747 3274 2841 full of money, my head full of self-conceit.
3439 2726 3839 2862 (Acting)
1091 2807 3563 2930 "Here I am, my old friend, you wish to speak to me'
1125 2896 1686 2994 What is it?
1962 2900 2382 3002 Now then,
1159 2938 2739 3070 coorking himself   a "fury"
807 3019 1074 3159 RADE.
1163 3040 3762 3142 (feverishly; growing and angrier as he speaks)
1159 3117 2357 3210 Yes, I did send for you.
2476 3117 3397 3219 But not to bid you
1113 3210 3414 3308 farewell in the name of our old friendship -
1422 3257 3762 3414 but to tell you something before it is too late.
1117 3274 1363 3384 noI
1134 3393 3635 3512 (Acting)  “My old comrade, you are putting me on the
815 3384 1074 3546 FLOR.
1130 3486 3422 3601 rack......what is it that you have to tell me?”
1113 3571 1563 3686 Now, Now?
794 3635 1070 3766 RADE.
1117 3614 3597 3737 You suppose that you are something more than I am?
1104 3720 3732 3830 My good friend, neither of us has ever belonged among
323 3745 3737 3941 for the dacly levebthe great ones, and in the depthe when we are sitting
1113 3881 3575 3970 in our own home's; at [?] hours there is really no
2327 3953 3410 4068 Your whole importance
1104 3962 2195 4038 difference between us.
3074 4017 3694 4132 Your fame —
1121 4030 2926 4140 is nothing but aappion and a fraud.
1146 4102 3766 4208 a pile of new spaper subscribe, which will blow away into
1113 4170 3104 4272 the wind on the day following your death.
3210 4178 3834 4301 Your friends
1151 4272 3482 4369 flatterers! crawling on their bellies
1113 4335 2794 4420 before success! An envious pack!
2926 4301 3677 4433 who shake their
1113 4391 3783 4543 fists at you behind your back! Blockhead, for whose
1113 4484 2943 4577 admiration you are just small enough.
1117 4539 3681 4662 But you are certainly intelligent enough to guess all
1117 4641 2586 4726 that yourself now and again.
2616 4633 3737 4730 I would not have taken
1117 4709 3724 4811 the trouble to bring you here for the sake of telling
1087 4786 3707 4892 you all that. There is something el se that I have to
1091 4858 3826 4985 say to you now, and it is very possible that it is base
1104 4947 3592 5045 of me to say it. — — — But it is Treredible, how
1104 4960 3796 5142 little one minds doing any act of baseness, when there
1100 5104 3516 5185 is no longer any day before one, on which to feel
1104 5172 3631 5282 a shamed of it. (He Le ises) A hundred times during
1100 5248 3813 5372 the last few years, when we met by chance in the street
1104 5350 3766 5478 and you were so kind as to say a few friendly words to
1452 5401 2076 5558 condescended
