4248 5624
1835 391 2047 537 -27-
863 439 3743 728 Count: (To the Prince) It seems to me that the children like
671 614 1672 826 each other very much.
2144 716 3629 891 Well, then, adieu. Adieu, dear
1290 773 2112 924 Yes, so it seems.
639 777 3837 989 Mizzi; adieu, dear old friend. In any case, I hope to see you again
863 761 1257 932 Prince:
631 976 1119 1131 in Ostend.
928 985 3922 1225 Count: She’ll come along. What, Mizzi? After all you can rent
618 1147 2860 1367 a studio at the seaside too. Can’t you Mizzi?
920 1302 1888 1497 Countess (is silent)
915 1424 3812 1660 Prince: Well, then again, au revoir. (Hebringing) hands with
647 1554 895 1725 both)
968 1648 2698 1904 Philip (Kisses Countess' hand again)
981 1827 3845 1994 Count (Shakes hands with Philip) This has really made me very
647 1965 940 2148 I happy.
981 2051 3743 2222 Prince, Philip (leave) The carriage comes up, they get in
663 2209 1745 2392 and ride away. Pause.)
1046 2295 2494 2523 Count' Remarkable, such a day.
1005 2429 3886 2665 Countess: Yes, life is always remarkable. Only we forget it
671 2600 1436 2763 once in a while.
993 2689 3357 2852 Count: In that you may be right, Mizzi. (Pause.)
1009 2836 3715 3023 Countess: Do you know, Papá, really you could have intro¬
684 2982 2071 3113 duced us to each other sooner.
1021 3100 2938 3312 Count: What do you mean? Ah, you and...
1005 3263 2791 3454 Countess: Me and Lolo. She's a dear.
1017 3369 3833 3568 Count: Did you like her? Well yes, if one always knew right
684 3524 2702 3694 away...What can one do? Now it's all over.
1017 3642 2291 3849 Countess: (Takes his hand).
1029 3776 3760 3955 Count: (Stands up and kisses her on the forehead. Takes a
704 3853 3808 4040 few steps back and forth.) What do you say, Mizzi, to...how d'you
700 4020 1330 4166 like the boy?
1025 4081 2771 4284 Countess: Philip? A little insolent.
1046 4260 3812 4419 Count: Yes, insolent, but very swart. I hope he’ll remain
712 4341 3808 4512 in the army. That is a more sensible career than diplomaty. Slow
716 4435 3804 4585 but sure. If one lives long enough one becomes general. But with
736 4524 3808 4679 politics... Lock at Egon... three times he almost became minister...
712 4606 3983 4760 and if he finally had become one........? (walks up and down) Yes, yes...
732 4720 2364 4874 our summer will be a little lovely.
1042 4809 3511 5029 Countess: Do you really want to go to Ostend, Papa?
1058 4939 3804 5139 Count: Yes, tell me...wouldn't you like to go with me? It
