<?xml version="1.0" encoding="UTF-8" standalone="yes"?>
<PcGts xmlns="http://schema.primaresearch.org/PAGE/gts/pagecontent/2013-07-15" xmlns:xsi="http://www.w3.org/2001/XMLSchema-instance" xsi:schemaLocation="http://schema.primaresearch.org/PAGE/gts/pagecontent/2013-07-15 http://schema.primaresearch.org/PAGE/gts/pagecontent/2013-07-15/pagecontent.xsd">
    <Metadata>
        <Creator>prov=READ-COOP:name=TrHtr:version=2.1.0:model_id=51170:date=15_08_2023_04:46</Creator>
        <Created>2023-05-10T15:12:17.480+02:00</Created>
        <LastChange>2023-08-15T04:46:40.084+02:00</LastChange>
        <TranskribusMetadata docId="1428823" pageId="55432386" pageNr="112" tsid="132839031" status="IN_PROGRESS" userId="64420" imgUrl="https://files.transkribus.eu/Get?id=AVDXHFCQMLOOTVSPTOEZMGSP&amp;fileType=view" xmlUrl="https://files.transkribus.eu/Get?id=GSKIPHXEXWJRIARMHMMOLVOS" imageId="44706423"/>
    </Metadata>
    <Page imageFilename="1428823_0112.jpg" imageWidth="4104" imageHeight="6200">
        <ReadingOrder>
            <OrderedGroup id="ro_1711803040037" caption="Regions reading order">
                <RegionRefIndexed index="0" regionRef="tr_3"/>
                <RegionRefIndexed index="1" regionRef="tr_2"/>
                <RegionRefIndexed index="2" regionRef="tr_1"/>
            </OrderedGroup>
        </ReadingOrder>
        <TextRegion id="tr_3" custom="readingOrder {index:0;}">
            <Coords points="800,810 3804,810 3804,1867 800,1867"/>
            <TextLine id="tr_3_tl_1" custom="readingOrder {index:0;}">
                <Coords points="1778,905 3280,882 3310,769 3144,720 2713,736 2540,826 2166,756 2049,812 1778,812"/>
                <Baseline points="1797,872 1881,872 1971,866 2060,872 2150,872 2239,872 2329,866 2419,866 2508,866 2598,866 2687,866 2777,866 2867,866 2956,866 3046,866 3135,860 3225,860 3315,866"/>
                <TextEquiv>
                    <Unicode>(to Rade, with some impatience)</Unicode>
                </TextEquiv>
            </TextLine>
            <TextLine id="tr_3_tl_2" custom="readingOrder {index:1;}">
                <Coords points="1200,889 1380,909 1525,885 1655,912 1685,892 1744,902 1744,832 1671,803 1648,816 1612,789 1486,826 1406,826 1376,856 1307,803 1257,819 1200,786"/>
                <Baseline points="1218,872 1308,878 1397,878 1487,878 1576,878 1666,872 1750,872"/>
                <TextEquiv>
                    <Unicode>One moment,</Unicode>
                </TextEquiv>
            </TextLine>
            <TextLine id="tr_3_tl_3" custom="readingOrder {index:2;}">
                <Coords points="783,899 816,912 862,905 885,919 919,895 935,912 972,895 998,915 1061,915 1061,759 1005,766 988,753 975,766 932,766 902,756 783,773"/>
                <Baseline points="800,884 889,884 979,884 1069,884"/>
                <TextEquiv>
                    <Unicode>HALM.</Unicode>
                </TextEquiv>
            </TextLine>
            <TextLine id="tr_3_tl_4" custom="readingOrder {index:3;}">
                <Coords points="2633,965 2942,978 3044,945 3290,1005 3515,975 3658,1011 3658,872 3601,856 3190,899 2633,879"/>
                <Baseline points="2652,937 2681,937 2771,943 2861,937 2950,937 3040,937 3129,937 3219,937 3309,937 3398,937 3488,937 3577,931 3667,925"/>
                <TextEquiv>
                    <Unicode>What is it you want?</Unicode>
                </TextEquiv>
            </TextLine>
            <TextLine id="tr_3_tl_5" custom="readingOrder {index:4;}">
                <Coords points="1827,992 2116,958 2520,978 2547,972 2547,872 2292,902 2258,879 2185,899 2132,882 2096,909 1970,879 1827,909"/>
                <Baseline points="1845,955 1929,949 2018,949 2108,949 2198,943 2287,949 2377,949 2466,949 2556,949"/>
                <TextEquiv>
                    <Unicode>quite Griefly.</Unicode>
                </TextEquiv>
            </TextLine>
            <TextLine id="tr_3_tl_6" custom="readingOrder {index:5;}">
                <Coords points="1207,982 1353,965 1443,992 1502,965 1675,985 1741,968 1764,992 1787,988 1787,882 1688,892 1661,915 1496,885 1406,909 1207,889"/>
                <Baseline points="1224,955 1314,955 1403,961 1493,955 1582,955 1672,949 1762,955 1797,961"/>
                <TextEquiv>
                    <Unicode>Now. please,</Unicode>
                </TextEquiv>
            </TextLine>
            <TextLine id="tr_3_tl_7" custom="readingOrder {index:6;}">
                <Coords points="1207,1111 3459,1131 3459,1038 3247,982 2424,1051 1207,1015"/>
                <Baseline points="1224,1099 1314,1099 1403,1099 1493,1099 1582,1093 1672,1093 1762,1093 1851,1093 1941,1093 2030,1093 2120,1093 2210,1087 2299,1087 2389,1093 2478,1087 2568,1087 2657,1087 2747,1087 2837,1087 2926,1087 3016,1087 3105,1087 3195,1087 3285,1087 3374,1087 3464,1093"/>
                <TextEquiv>
                    <Unicode>I must speak to a friend, without fail. A Mr.</Unicode>
                </TextEquiv>
            </TextLine>
            <TextLine id="tr_3_tl_8" custom="readingOrder {index:7;}">
                <Coords points="799,1121 879,1118 922,1137 958,1114 998,1134 1065,1128 1058,992 1021,1002 985,992 952,1021 919,1031 892,1031 796,992"/>
                <Baseline points="818,1099 907,1105 997,1105 1069,1110"/>
                <TextEquiv>
                    <Unicode>RADE.</Unicode>
                </TextEquiv>
            </TextLine>
            <TextLine id="tr_3_tl_9" custom="readingOrder {index:8;}">
                <Coords points="1200,1210 2049,1174 2205,1224 2544,1167 2673,1210 2673,1124 2583,1094 1814,1098 1718,1144 1200,1108"/>
                <Baseline points="1218,1170 1308,1176 1397,1176 1487,1176 1576,1170 1666,1164 1756,1170 1845,1170 1935,1170 2024,1170 2114,1170 2204,1170 2293,1170 2383,1164 2472,1164 2562,1164 2652,1164 2681,1170"/>
                <TextEquiv>
                    <Unicode>Weihga st - Alexander Weihgast.</Unicode>
                </TextEquiv>
            </TextLine>
            <TextLine id="tr_3_tl_10" custom="readingOrder {index:9;}">
                <Coords points="1184,1343 1373,1340 1436,1393 1512,1326 1582,1353 1655,1326 1731,1340 1738,1194 1632,1207 1529,1184 1423,1260 1370,1247 1300,1277 1247,1244 1187,1250"/>
                <Baseline points="1206,1320 1296,1326 1385,1326 1475,1326 1564,1320 1654,1314 1744,1308"/>
                <TextEquiv>
                    <Unicode>Weihgast?</Unicode>
                </TextEquiv>
            </TextLine>
            <TextLine id="tr_3_tl_11" custom="readingOrder {index:10;}">
                <Coords points="1774,1343 3631,1340 3797,1317 3797,1214 1774,1247"/>
                <Baseline points="1791,1314 1833,1314 1923,1320 2012,1320 2102,1326 2192,1320 2281,1320 2371,1320 2460,1320 2550,1314 2640,1320 2729,1320 2819,1314 2908,1314 2998,1314 3088,1314 3177,1314 3267,1308 3356,1308 3446,1308 3536,1308 3625,1314 3715,1308 3804,1308"/>
                <TextEquiv>
                    <Unicode>Do you mean the well-known writer of that</Unicode>
                </TextEquiv>
            </TextLine>
            <TextLine id="tr_3_tl_12" custom="readingOrder {index:11;}">
                <Coords points="796,1406 829,1413 872,1373 892,1383 935,1353 962,1366 985,1353 1008,1366 1068,1360 1061,1273 1038,1270 1025,1283 968,1250 945,1250 922,1267 909,1257 846,1260 819,1244 789,1254"/>
                <Baseline points="812,1326 901,1331 991,1331 1075,1343"/>
                <TextEquiv>
                    <Unicode>Halm.</Unicode>
                </TextEquiv>
            </TextLine>
            <TextLine id="tr_3_tl_13" custom="readingOrder {index:12;}">
                <Coords points="1191,1426 1224,1426 1267,1446 1330,1429 1363,1456 1383,1443 1419,1449 1423,1356 1403,1360 1370,1340 1353,1353 1307,1353 1277,1340 1267,1350 1194,1343"/>
                <Baseline points="1212,1403 1248,1397 1337,1397 1427,1391"/>
                <TextEquiv>
                    <Unicode>name</Unicode>
                </TextEquiv>
            </TextLine>
            <TextLine id="tr_3_tl_14" custom="readingOrder {index:13;}">
                <Coords points="1194,1582 1214,1585 1237,1565 1287,1582 1307,1565 1313,1572 1340,1565 1356,1579 1406,1585 1403,1446 1376,1446 1366,1456 1303,1436 1260,1443 1220,1479 1194,1476"/>
                <Baseline points="1212,1547 1302,1541 1391,1547 1415,1547"/>
                <TextEquiv>
                    <Unicode>Ye s.</Unicode>
                </TextEquiv>
            </TextLine>
            <TextLine id="tr_3_tl_15" custom="readingOrder {index:14;}">
                <Coords points="812,1588 862,1605 875,1598 902,1605 919,1588 932,1595 952,1575 988,1562 998,1569 1061,1562 1061,1489 1045,1492 955,1462 915,1492 879,1476 809,1489"/>
                <Baseline points="830,1547 919,1552 1009,1552 1069,1558"/>
                <TextEquiv>
                    <Unicode>RADE.</Unicode>
                </TextEquiv>
            </TextLine>
            <TextLine id="tr_3_tl_16" custom="readingOrder {index:15;}">
                <Coords points="1184,1738 1506,1701 1615,1738 2016,1705 2093,1744 2404,1698 2374,1585 2278,1632 2205,1598 1937,1655 1187,1632"/>
                <Baseline points="1206,1702 1248,1702 1337,1702 1427,1702 1517,1702 1606,1702 1696,1702 1785,1702 1875,1696 1965,1696 2054,1696 2144,1696 2233,1690 2323,1684 2413,1678"/>
                <TextEquiv>
                    <Unicode>He is a friend of your s?</Unicode>
                </TextEquiv>
            </TextLine>
            <TextLine id="tr_3_tl_17" custom="readingOrder {index:16;}">
                <Coords points="803,1754 842,1741 852,1748 875,1724 942,1715 1065,1728 1061,1635 1028,1635 982,1612 975,1622 955,1618 942,1635 899,1625 799,1642"/>
                <Baseline points="818,1702 907,1702 997,1702 1069,1714"/>
                <TextEquiv>
                    <Unicode>HALM.</Unicode>
                </TextEquiv>
            </TextLine>
            <TextLine id="tr_3_tl_18" custom="readingOrder {index:17;}">
                <Coords points="1187,1894 1705,1850 1821,1913 2043,1854 2762,1887 2766,1771 1187,1781"/>
                <Baseline points="1206,1845 1248,1845 1337,1845 1427,1851 1517,1851 1606,1845 1696,1845 1785,1845 1875,1845 1965,1845 2054,1845 2144,1845 2233,1845 2323,1839 2413,1839 2502,1839 2592,1839 2681,1839 2771,1839"/>
                <TextEquiv>
                    <Unicode>He was, he was, in earlier days.</Unicode>
                </TextEquiv>
            </TextLine>
            <TextLine id="tr_3_tl_19" custom="readingOrder {index:18;}">
                <Coords points="799,1890 852,1894 892,1917 972,1894 1008,1920 1035,1900 1055,1904 1055,1771 1015,1764 975,1794 958,1781 912,1791 836,1761 816,1781 799,1781"/>
                <Baseline points="818,1851 907,1851 997,1851 1063,1857"/>
                <TextEquiv>
                    <Unicode>RADE.</Unicode>
                </TextEquiv>
            </TextLine>
        </TextRegion>
        <TextRegion id="tr_2" custom="readingOrder {index:1;}">
            <Coords points="812,1939 3876,1939 3876,3970 812,3970"/>
            <TextLine id="tr_2_tl_1" custom="readingOrder {index:0;}">
                <Coords points="1207,2010 2487,2039 2487,1927 2361,1913 1207,1933"/>
                <Baseline points="1224,2000 1242,2000 1331,2000 1421,1994 1511,1994 1600,1994 1690,1994 1779,1994 1869,1994 1959,1994 2048,1994 2138,1994 2227,1994 2317,1994 2407,1989 2496,1994"/>
                <TextEquiv>
                    <Unicode>Then write him a postcard.</Unicode>
                </TextEquiv>
            </TextLine>
            <TextLine id="tr_2_tl_2" custom="readingOrder {index:1;}">
                <Coords points="793,2023 859,2036 912,2020 935,2039 962,2026 1005,2059 1048,2059 1045,1910 1018,1913 988,1940 935,1937 919,1920 869,1937 846,1913 816,1923 789,1917"/>
                <Baseline points="812,2000 901,2000 991,2000 1057,2006"/>
                <TextEquiv>
                    <Unicode>HALM.</Unicode>
                </TextEquiv>
            </TextLine>
            <TextLine id="tr_2_tl_3" custom="readingOrder {index:2;}">
                <Coords points="1207,2159 2232,2166 2331,2152 2331,2076 1207,2086"/>
                <Baseline points="1224,2150 1260,2150 1349,2144 1439,2144 1529,2144 1618,2144 1708,2144 1797,2138 1887,2144 1977,2144 2066,2138 2156,2138 2245,2138 2335,2126"/>
                <TextEquiv>
                    <Unicode>What use is that to me?</Unicode>
                </TextEquiv>
            </TextLine>
            <TextLine id="tr_2_tl_4" custom="readingOrder {index:3;}">
                <Coords points="2467,2159 2975,2136 3339,2175 3459,2146 3459,2066 3416,2049 3064,2089 2789,2026 2573,2089 2467,2059"/>
                <Baseline points="2484,2138 2574,2138 2663,2138 2753,2138 2843,2138 2932,2138 3022,2138 3111,2138 3201,2138 3291,2138 3380,2138 3464,2138"/>
                <TextEquiv>
                    <Unicode>He will not find me.</Unicode>
                </TextEquiv>
            </TextLine>
            <TextLine id="tr_2_tl_5" custom="readingOrder {index:4;}">
                <Coords points="806,2199 829,2199 872,2169 952,2169 978,2192 998,2179 1031,2202 1061,2189 1058,2103 1018,2099 985,2073 972,2079 952,2069 925,2086 899,2069 869,2069 859,2079 839,2069 829,2083 803,2083"/>
                <Baseline points="824,2150 913,2150 1003,2156 1069,2162"/>
                <TextEquiv>
                    <Unicode>RADE.</Unicode>
                </TextEquiv>
            </TextLine>
            <TextLine id="tr_2_tl_6" custom="readingOrder {index:5;}">
                <Coords points="1200,2248 2487,2232 2626,2288 3306,2225 3200,2146 1200,2159"/>
                <Baseline points="1218,2221 1254,2221 1343,2221 1433,2221 1523,2221 1612,2215 1702,2221 1791,2215 1881,2221 1971,2215 2060,2215 2150,2215 2239,2215 2329,2215 2419,2215 2508,2215 2598,2210 2687,2221 2777,2221 2867,2221 2956,2215 3046,2215 3135,2210 3225,2210 3315,2210"/>
                <TextEquiv>
                    <Unicode>I must speak to him this very day, at once.</Unicode>
                </TextEquiv>
            </TextLine>
            <TextLine id="tr_2_tl_7" custom="readingOrder {index:6;}">
                <Coords points="1930,2378 3436,2384 3462,2285 1930,2295"/>
                <Baseline points="1947,2365 2036,2371 2126,2365 2215,2365 2305,2365 2395,2365 2484,2365 2574,2365 2663,2365 2753,2365 2843,2365 2932,2359 3022,2365 3111,2365 3201,2359 3291,2365 3380,2359 3470,2359"/>
                <TextEquiv>
                    <Unicode>Mr. Rademacher it is out of the</Unicode>
                </TextEquiv>
            </TextLine>
            <TextLine id="tr_2_tl_8" custom="readingOrder {index:7;}">
                <Coords points="1224,2398 1373,2404 1459,2378 1579,2394 1602,2374 1628,2398 1655,2378 1718,2404 1867,2371 1867,2321 1817,2325 1718,2262 1615,2318 1532,2298 1502,2318 1439,2288 1373,2321 1300,2275 1267,2295 1224,2282"/>
                <Baseline points="1242,2377 1248,2377 1337,2371 1427,2371 1517,2371 1606,2371 1696,2371 1785,2377 1875,2365"/>
                <TextEquiv>
                    <Unicode>(dec Sively)</Unicode>
                </TextEquiv>
            </TextLine>
            <TextLine id="tr_2_tl_9" custom="readingOrder {index:8;}">
                <Coords points="793,2394 846,2394 869,2414 892,2408 915,2421 958,2394 998,2401 1015,2388 1031,2398 1061,2391 1058,2248 1015,2258 982,2245 945,2262 915,2295 839,2278 822,2298 789,2298"/>
                <Baseline points="812,2371 901,2377 991,2377 1069,2383"/>
                <TextEquiv>
                    <Unicode>HALM.</Unicode>
                </TextEquiv>
            </TextLine>
            <TextLine id="tr_2_tl_10" custom="readingOrder {index:9;}">
                <Coords points="3071,2474 3170,2451 3376,2471 3578,2454 3608,2477 3688,2457 3688,2404 3585,2374 3071,2374"/>
                <Baseline points="3088,2448 3159,2442 3249,2442 3338,2442 3428,2436 3518,2442 3607,2448 3697,2442"/>
                <TextEquiv>
                    <Unicode>(indulgently)</Unicode>
                </TextEquiv>
            </TextLine>
            <TextLine id="tr_2_tl_11" custom="readingOrder {index:10;}">
                <Coords points="1220,2500 2912,2457 2819,2364 1224,2398"/>
                <Baseline points="1242,2454 1308,2454 1397,2448 1487,2448 1576,2454 1666,2454 1756,2448 1845,2448 1935,2448 2024,2442 2114,2442 2204,2442 2293,2442 2383,2448 2472,2442 2562,2442 2652,2442 2741,2442 2831,2442 2920,2442"/>
                <TextEquiv>
                    <Unicode>question, and there's an end of it.</Unicode>
                </TextEquiv>
            </TextLine>
            <TextLine id="tr_2_tl_12" custom="readingOrder {index:11;}">
                <Coords points="1210,2530 3784,2554 3820,2467 1210,2497"/>
                <Baseline points="1230,2520 1236,2520 1326,2520 1415,2526 1505,2526 1594,2520 1684,2520 1773,2520 1863,2526 1953,2520 2042,2520 2132,2520 2221,2508 2311,2508 2401,2514 2490,2520 2580,2514 2669,2520 2759,2514 2789,2514 2878,2514 2968,2514 3058,2514 3147,2514 3237,2508 3326,2514 3416,2514 3506,2514 3595,2514 3685,2514 3774,2520 3828,2526"/>
                <TextEquiv>
                    <Unicode>To set your mind at rest I will send a message to-day</Unicode>
                </TextEquiv>
            </TextLine>
            <TextLine id="tr_2_tl_13" custom="readingOrder {index:12;}">
                <Coords points="1200,2600 3767,2623 3691,2520 1200,2527"/>
                <Baseline points="1218,2598 1266,2598 1355,2598 1445,2598 1535,2598 1624,2598 1714,2598 1803,2592 1893,2598 1983,2598 2072,2592 2162,2592 2251,2592 2341,2592 2431,2598 2520,2592 2610,2592 2699,2592 2789,2592 2878,2592 2968,2586 3058,2586 3147,2586 3237,2586 3326,2586 3416,2586 3506,2592 3595,2592 3685,2586 3774,2592"/>
                <TextEquiv>
                    <Unicode>to Mr. Weihgast, whom I happen to know personally and</Unicode>
                </TextEquiv>
            </TextLine>
            <TextLine id="tr_2_tl_14" custom="readingOrder {index:13;}">
                <Coords points="1204,2706 3664,2680 3664,2600 1207,2607"/>
                <Baseline points="1224,2687 1254,2681 1343,2669 1433,2669 1523,2669 1612,2669 1702,2669 1791,2669 1881,2669 1971,2669 2060,2669 2150,2663 2239,2663 2329,2669 2419,2669 2508,2669 2598,2669 2687,2669 2777,2669 2867,2669 2956,2669 3046,2669 3135,2663 3225,2663 3315,2663 3404,2657 3494,2657 3583,2663 3673,2663"/>
                <TextEquiv>
                    <Unicode>give him the chance of looking you up tomorrow at</Unicode>
                </TextEquiv>
            </TextLine>
            <TextLine id="tr_2_tl_15" custom="readingOrder {index:14;}">
                <Coords points="1207,2769 1462,2806 1794,2759 1864,2792 1910,2762 2172,2756 2172,2696 1907,2676 1824,2709 1671,2686 1635,2716 1423,2666 1376,2709 1207,2699"/>
                <Baseline points="1224,2753 1284,2753 1373,2747 1463,2747 1552,2747 1642,2747 1732,2747 1821,2747 1911,2747 2000,2747 2090,2747 2180,2747"/>
                <TextEquiv>
                    <Unicode>any hour you please.</Unicode>
                </TextEquiv>
            </TextLine>
            <TextLine id="tr_2_tl_16" custom="readingOrder {index:15;}">
                <Coords points="2328,2898 2626,2922 2699,2869 3177,2945 3482,2895 3595,2932 3678,2912 3678,2809 2709,2832 2557,2762 2418,2842 2328,2825"/>
                <Baseline points="2347,2896 2436,2896 2526,2890 2616,2890 2705,2884 2795,2890 2884,2890 2974,2896 3064,2896 3153,2896 3243,2896 3332,2890 3422,2896 3512,2890 3601,2890 3685,2896"/>
                <TextEquiv>
                    <Unicode>Doctor? (suddenly)then you</Unicode>
                </TextEquiv>
            </TextLine>
            <TextLine id="tr_2_tl_17" custom="readingOrder {index:16;}">
                <Coords points="1200,2908 2278,2922 2278,2786 2152,2835 2116,2802 1973,2832 1917,2802 1787,2869 1648,2812 1366,2849 1200,2825"/>
                <Baseline points="1218,2896 1308,2896 1397,2902 1487,2896 1576,2896 1666,2896 1756,2896 1845,2896 1935,2896 2024,2896 2114,2896 2204,2890 2287,2896"/>
                <TextEquiv>
                    <Unicode>You know Mr. Weihgast,</Unicode>
                </TextEquiv>
            </TextLine>
            <TextLine id="tr_2_tl_18" custom="readingOrder {index:17;}">
                <Coords points="809,2932 842,2932 859,2918 925,2945 968,2922 1008,2945 1055,2942 1051,2845 1002,2839 988,2825 972,2832 922,2809 879,2809 846,2832 836,2825 803,2832"/>
                <Baseline points="824,2896 913,2902 1003,2908 1063,2908"/>
                <TextEquiv>
                    <Unicode>RADE.</Unicode>
                </TextEquiv>
            </TextLine>
            <TextLine id="tr_2_tl_19" custom="readingOrder {index:18;}">
                <Coords points="1204,3018 2195,2981 2384,3034 2683,2978 2849,3031 2915,3024 2918,2918 1207,2908"/>
                <Baseline points="1224,2980 1314,2980 1403,2980 1493,2974 1582,2974 1672,2974 1762,2974 1851,2974 1941,2974 2030,2974 2120,2974 2210,2974 2299,2968 2389,2974 2478,2974 2568,2968 2657,2968 2747,2968 2837,2968 2926,2974"/>
                <TextEquiv>
                    <Unicode>bring him here, you bring him here.</Unicode>
                </TextEquiv>
            </TextLine>
            <TextLine id="tr_2_tl_20" custom="readingOrder {index:19;}">
                <Coords points="1200,3144 3744,3154 3744,3024 1200,3041"/>
                <Baseline points="1218,3117 1308,3117 1397,3117 1487,3117 1576,3117 1666,3117 1756,3117 1845,3123 1935,3123 2024,3123 2114,3117 2204,3117 2293,3117 2383,3117 2472,3111 2562,3117 2652,3117 2741,3117 2831,3117 2920,3111 3010,3111 3100,3117 3189,3117 3279,3111 3368,3117 3458,3117 3547,3111 3637,3117 3727,3117 3751,3117"/>
                <TextEquiv>
                    <Unicode>Now took here, look here, Mr. Rademacher, one really</Unicode>
                </TextEquiv>
            </TextLine>
            <TextLine id="tr_2_tl_21" custom="readingOrder {index:20;}">
                <Coords points="793,3134 819,3134 872,3167 902,3150 932,3170 982,3140 1048,3140 1048,3058 1031,3058 1002,3031 992,3038 952,3024 915,3034 885,3021 832,3051 822,3041 793,3048"/>
                <Baseline points="812,3123 901,3123 991,3123 1057,3129"/>
                <TextEquiv>
                    <Unicode>HALM.</Unicode>
                </TextEquiv>
            </TextLine>
            <TextLine id="tr_2_tl_22" custom="readingOrder {index:21;}">
                <Coords points="1200,3213 1297,3247 1323,3230 1360,3263 1489,3200 1585,3243 1877,3190 1980,3207 1980,3154 1814,3131 1200,3140"/>
                <Baseline points="1218,3201 1272,3201 1361,3195 1451,3195 1541,3201 1630,3195 1720,3195 1809,3195 1899,3189 1989,3189"/>
                <TextEquiv>
                    <Unicode>doesn’t know — -</Unicode>
                </TextEquiv>
            </TextLine>
            <TextLine id="tr_2_tl_23" custom="readingOrder {index:22;}">
                <Coords points="2371,3363 3671,3346 3704,3230 3257,3227 2932,3283 2835,3243 2474,3273 2374,3217"/>
                <Baseline points="2389,3332 2454,3338 2544,3338 2634,3338 2723,3338 2813,3332 2902,3332 2992,3332 3082,3332 3171,3326 3261,3326 3350,3326 3440,3321 3530,3321 3619,3321 3709,3315"/>
                <TextEquiv>
                    <Unicode>Doctor, Of course I know it</Unicode>
                </TextEquiv>
            </TextLine>
            <TextLine id="tr_2_tl_24" custom="readingOrder {index:23;}">
                <Coords points="796,3369 839,3373 856,3359 889,3359 952,3386 975,3373 995,3386 1015,3369 1028,3376 1061,3366 1055,3257 1031,3260 998,3286 952,3273 919,3290 846,3260 793,3276"/>
                <Baseline points="812,3344 901,3350 991,3350 1069,3356"/>
                <TextEquiv>
                    <Unicode>RADE.</Unicode>
                </TextEquiv>
            </TextLine>
            <TextLine id="tr_2_tl_25" custom="readingOrder {index:24;}">
                <Coords points="1200,3373 2136,3376 2225,3363 2229,3260 1950,3296 1715,3253 1479,3283 1380,3247 1310,3293 1204,3290"/>
                <Baseline points="1218,3362 1248,3362 1337,3356 1427,3362 1517,3356 1606,3350 1696,3350 1785,3350 1875,3350 1965,3350 2054,3344 2144,3344 2233,3350"/>
                <TextEquiv>
                    <Unicode>(In great excitement)</Unicode>
                </TextEquiv>
            </TextLine>
            <TextLine id="tr_2_tl_26" custom="readingOrder {index:25;}">
                <Coords points="1207,3459 3863,3436 3867,3300 1210,3373"/>
                <Baseline points="1224,3428 1278,3428 1367,3428 1457,3422 1547,3428 1636,3428 1726,3422 1815,3422 1905,3422 1994,3416 2084,3422 2174,3416 2263,3416 2353,3410 2442,3410 2532,3410 2622,3416 2711,3410 2801,3410 2890,3410 2980,3410 3070,3404 3159,3410 3249,3404 3338,3398 3428,3398 3518,3398 3607,3398 3697,3398 3786,3392 3876,3398"/>
                <TextEquiv>
                    <Unicode>is present uous to ask it, but after all, you are a man,</Unicode>
                </TextEquiv>
            </TextLine>
            <TextLine id="tr_2_tl_27" custom="readingOrder {index:26;}">
                <Coords points="3005,3499 3582,3469 3797,3522 3797,3412 3761,3406 3575,3436 3515,3406 3449,3439 3276,3412 3220,3452 3114,3409 3005,3416"/>
                <Baseline points="3022,3476 3088,3476 3177,3476 3267,3476 3356,3470 3446,3470 3536,3470 3625,3470 3715,3470 3804,3470"/>
                <TextEquiv>
                    <Unicode>Not like so many</Unicode>
                </TextEquiv>
            </TextLine>
            <TextLine id="tr_2_tl_28" custom="readingOrder {index:27;}">
                <Coords points="1187,3535 2766,3522 2859,3499 2862,3442 1187,3472"/>
                <Baseline points="1206,3506 1254,3506 1343,3506 1433,3506 1523,3500 1612,3500 1702,3500 1791,3500 1881,3494 1971,3494 2060,3500 2150,3494 2239,3488 2329,3488 2419,3488 2508,3488 2598,3488 2687,3482 2777,3488 2867,3482"/>
                <TextEquiv>
                    <Unicode>and look at things in a human way.</Unicode>
                </TextEquiv>
            </TextLine>
            <TextLine id="tr_2_tl_29" custom="readingOrder {index:28;}">
                <Coords points="1194,3601 3568,3582 3718,3495 1194,3535"/>
                <Baseline points="1212,3583 1302,3583 1391,3577 1481,3577 1570,3577 1660,3577 1750,3571 1839,3571 1929,3577 2018,3571 2108,3565 2198,3565 2287,3571 2377,3565 2466,3565 2556,3571 2646,3559 2735,3565 2825,3559 2914,3559 3004,3553 3094,3553 3183,3553 3273,3553 3362,3547 3452,3547 3542,3547 3631,3547 3721,3547"/>
                <TextEquiv>
                    <Unicode>others who judge everything by rule of thumb. And</Unicode>
                </TextEquiv>
            </TextLine>
            <TextLine id="tr_2_tl_30" custom="readingOrder {index:29;}">
                <Coords points="1207,3684 3502,3648 3558,3562 1207,3611"/>
                <Baseline points="1224,3661 1236,3661 1326,3661 1415,3655 1505,3655 1594,3649 1684,3655 1773,3649 1863,3649 1953,3649 2042,3643 2132,3643 2221,3643 2311,3643 2401,3637 2490,3637 2580,3637 2669,3637 2759,3637 2849,3631 2938,3631 3028,3637 3117,3631 3207,3625 3297,3625 3386,3625 3476,3625 3565,3625"/>
                <TextEquiv>
                    <Unicode>you know, Doctor, here is someone who has to die</Unicode>
                </TextEquiv>
            </TextLine>
            <TextLine id="tr_2_tl_31" custom="readingOrder {index:30;}">
                <Coords points="1200,3737 3751,3731 3754,3621 1200,3684"/>
                <Baseline points="1218,3727 1248,3727 1337,3733 1427,3727 1517,3727 1606,3727 1696,3727 1785,3727 1875,3727 1965,3721 2054,3721 2144,3721 2233,3715 2323,3715 2413,3715 2502,3715 2592,3715 2681,3709 2771,3709 2861,3709 2950,3703 3040,3703 3129,3703 3219,3703 3309,3703 3398,3697 3488,3697 3577,3697 3667,3697 3757,3703"/>
                <TextEquiv>
                    <Unicode>to-morrow and he has still one wish which matters to</Unicode>
                </TextEquiv>
            </TextLine>
            <TextLine id="tr_2_tl_32" custom="readingOrder {index:31;}">
                <Coords points="1187,3827 3747,3767 3694,3701 1191,3737"/>
                <Baseline points="1206,3804 1248,3810 1337,3804 1427,3804 1517,3804 1606,3804 1696,3798 1785,3798 1875,3804 1965,3804 2054,3798 2144,3798 2233,3792 2323,3786 2413,3786 2502,3786 2592,3786 2681,3786 2771,3786 2861,3780 2950,3780 3040,3780 3129,3774 3219,3774 3309,3774 3398,3774 3488,3768 3577,3768 3667,3763 3757,3757"/>
                <TextEquiv>
                    <Unicode>him infinitely, and I can give him what he wishes -</Unicode>
                </TextEquiv>
            </TextLine>
            <TextLine id="tr_2_tl_33" custom="readingOrder {index:32;}">
                <Coords points="2404,3873 3621,3867 3621,3794 3542,3781 3038,3787 2922,3827 2819,3790 2408,3804"/>
                <Baseline points="2425,3864 2466,3864 2556,3864 2646,3858 2735,3858 2825,3858 2914,3858 3004,3858 3094,3858 3183,3858 3273,3852 3362,3852 3452,3852 3542,3846 3631,3846"/>
                <TextEquiv>
                    <Unicode>Go to him, and bring him</Unicode>
                </TextEquiv>
            </TextLine>
            <TextLine id="tr_2_tl_34" custom="readingOrder {index:33;}">
                <Coords points="1207,3893 1764,3916 1940,3873 2285,3883 2285,3837 2149,3800 1953,3804 1894,3840 1207,3817"/>
                <Baseline points="1224,3882 1308,3882 1397,3882 1487,3876 1576,3876 1666,3876 1756,3876 1845,3876 1935,3870 2024,3870 2114,3870 2204,3870 2293,3876"/>
                <TextEquiv>
                    <Unicode>I entreat you, Doctor.</Unicode>
                </TextEquiv>
            </TextLine>
            <TextLine id="tr_2_tl_35" custom="readingOrder {index:34;}">
                <Coords points="1247,4006 1326,3999 1363,4019 1416,3976 1506,3983 1532,3963 1582,3983 1758,3970 1758,3913 1708,3913 1688,3893 1628,3890 1595,3910 1512,3883 1439,3903 1247,3887"/>
                <Baseline points="1266,3954 1355,3960 1445,3960 1535,3960 1624,3954 1714,3954 1762,3960"/>
                <TextEquiv>
                    <Unicode>back here.</Unicode>
                </TextEquiv>
            </TextLine>
        </TextRegion>
        <TextRegion id="tr_1" custom="readingOrder {index:2;}">
            <Coords points="364,4023 3912,4023 3912,5738 364,5738"/>
            <TextLine id="tr_1_tl_1" custom="readingOrder {index:0;}">
                <Coords points="1214,4129 3618,4092 3555,3983 1217,4023"/>
                <Baseline points="1236,4115 1296,4109 1385,4109 1475,4109 1564,4109 1654,4103 1744,4103 1833,4103 1923,4103 2012,4103 2102,4097 2192,4091 2281,4091 2371,4097 2460,4091 2550,4097 2640,4091 2729,4085 2819,4079 2908,4091 2998,4085 3088,4079 3177,4079 3267,4079 3356,4079 3446,4079 3536,4079 3625,4073"/>
                <TextEquiv>
                    <Unicode>(Waver s) looks at his watch) Y-e-s, but even if I</Unicode>
                </TextEquiv>
            </TextLine>
            <TextLine id="tr_1_tl_2" custom="readingOrder {index:1;}">
                <Coords points="793,4155 832,4142 875,4149 895,4129 922,4125 955,4159 985,4155 1038,4178 1071,4169 1071,4019 1025,4033 925,4009 875,4039 819,4009 793,4009"/>
                <Baseline points="812,4115 901,4121 991,4115 1075,4121"/>
                <TextEquiv>
                    <Unicode>HALM.</Unicode>
                </TextEquiv>
            </TextLine>
            <TextLine id="tr_1_tl_3" custom="readingOrder {index:2;}">
                <Coords points="1200,4198 3714,4172 3771,4062 1200,4129"/>
                <Baseline points="1218,4181 1272,4181 1361,4187 1451,4181 1541,4181 1630,4181 1720,4181 1809,4175 1899,4175 1989,4169 2078,4169 2168,4169 2257,4163 2347,4169 2436,4169 2526,4163 2616,4163 2705,4163 2795,4163 2884,4163 2974,4157 3064,4157 3153,4157 3243,4157 3332,4151 3422,4157 3512,4151 3601,4151 3691,4151 3780,4139"/>
                <TextEquiv>
                    <Unicode>could consent to do so, consider Mr. Rademacher, how</Unicode>
                </TextEquiv>
            </TextLine>
            <TextLine id="tr_1_tl_4" custom="readingOrder {index:3;}">
                <Coords points="1210,4275 3528,4261 3598,4175 1210,4202"/>
                <Baseline points="1230,4264 1278,4258 1367,4258 1457,4252 1547,4252 1636,4252 1726,4252 1815,4252 1905,4246 1994,4246 2084,4246 2174,4246 2263,4240 2353,4246 2442,4246 2532,4246 2622,4240 2711,4240 2801,4234 2890,4234 2980,4228 3070,4228 3159,4234 3249,4228 3338,4228 3428,4228 3518,4234 3607,4234"/>
                <TextEquiv>
                    <Unicode>can I expect it-at such a late hour,"why, really,</Unicode>
                </TextEquiv>
            </TextLine>
            <TextLine id="tr_1_tl_5" custom="readingOrder {index:4;}">
                <Coords points="1210,4351 3714,4348 3718,4248 1214,4271"/>
                <Baseline points="1230,4342 1308,4330 1397,4330 1487,4330 1576,4336 1666,4336 1756,4330 1845,4330 1935,4330 2024,4330 2114,4324 2204,4324 2293,4324 2383,4318 2472,4318 2562,4318 2652,4318 2741,4318 2831,4312 2920,4312 3010,4312 3100,4312 3189,4312 3279,4306 3368,4306 3458,4306 3547,4306 3637,4306 3727,4306"/>
                <TextEquiv>
                    <Unicode>is such an extraordinary notion. think it over for</Unicode>
                </TextEquiv>
            </TextLine>
            <TextLine id="tr_1_tl_6" custom="readingOrder {index:5;}">
                <Coords points="1184,4464 1227,4454 1270,4477 1360,4454 1409,4474 1502,4434 1539,4431 1562,4450 1612,4417 1648,4434 1648,4368 1585,4338 1449,4351 1429,4368 1187,4361"/>
                <Baseline points="1206,4426 1296,4414 1385,4414 1475,4414 1564,4414 1654,4414"/>
                <TextEquiv>
                    <Unicode>your self.</Unicode>
                </TextEquiv>
            </TextLine>
            <TextLine id="tr_1_tl_7" custom="readingOrder {index:6;}">
                <Coords points="3207,4553 3270,4543 3300,4560 3339,4540 3393,4557 3469,4537 3502,4560 3548,4530 3585,4553 3618,4540 3671,4557 3718,4537 3718,4444 3655,4477 3605,4467 3535,4497 3479,4464 3432,4484 3373,4477 3349,4454 3296,4467 3260,4450 3207,4470"/>
                <Baseline points="3225,4533 3273,4527 3362,4533 3452,4533 3542,4533 3631,4533 3721,4515"/>
                <TextEquiv>
                    <Unicode>If you say</Unicode>
                </TextEquiv>
            </TextLine>
            <TextLine id="tr_1_tl_8" custom="readingOrder {index:7;}">
                <Coords points="1200,4573 3061,4550 3005,4460 1728,4513 1535,4434 1333,4510 1200,4470"/>
                <Baseline points="1218,4563 1278,4563 1367,4563 1457,4563 1547,4563 1636,4557 1726,4563 1815,4551 1905,4557 1994,4551 2084,4551 2174,4551 2263,4551 2353,4551 2442,4545 2532,4545 2622,4545 2711,4545 2801,4545 2890,4545 2980,4539 3070,4545"/>
                <TextEquiv>
                    <Unicode>Oh, Doctor, I know my friend Weihgast,</Unicode>
                </TextEquiv>
            </TextLine>
            <TextLine id="tr_1_tl_9" custom="readingOrder {index:8;}">
                <Coords points="806,4600 869,4600 882,4590 925,4610 942,4593 962,4606 992,4593 1015,4606 1061,4596 1058,4487 1031,4484 1018,4497 995,4477 968,4500 902,4467 849,4500 803,4503"/>
                <Baseline points="824,4569 913,4569 1003,4575 1069,4569"/>
                <TextEquiv>
                    <Unicode>RADE.</Unicode>
                </TextEquiv>
            </TextLine>
            <TextLine id="tr_1_tl_10" custom="readingOrder {index:9;}">
                <Coords points="1217,4643 3790,4639 3820,4537 1220,4576"/>
                <Baseline points="1236,4641 1320,4641 1409,4641 1499,4635 1588,4635 1678,4635 1768,4635 1857,4629 1947,4629 2036,4629 2126,4629 2215,4623 2305,4623 2395,4623 2484,4623 2574,4617 2663,4623 2753,4617 2843,4617 2932,4617 3022,4617 3111,4611 3201,4611 3291,4611 3380,4611 3470,4611 3559,4611 3649,4605 3739,4605 3828,4605"/>
                <TextEquiv>
                    <Unicode>to him that his old friend Rademacher is dying in the</Unicode>
                </TextEquiv>
            </TextLine>
            <TextLine id="tr_1_tl_11" custom="readingOrder {index:10;}">
                <Coords points="1217,4736 3684,4706 3734,4620 1217,4643"/>
                <Baseline points="1236,4712 1320,4712 1409,4712 1499,4712 1588,4712 1678,4712 1768,4706 1857,4706 1947,4706 2036,4706 2126,4706 2215,4706 2305,4700 2395,4700 2484,4700 2574,4700 2663,4694 2753,4694 2843,4700 2932,4694 3022,4694 3111,4688 3201,4688 3291,4688 3380,4688 3470,4682 3559,4682 3649,4676 3739,4682"/>
                <TextEquiv>
                    <Unicode>General Hospital and wants to see him once more, -.</Unicode>
                </TextEquiv>
            </TextLine>
            <TextLine id="tr_1_tl_12" custom="readingOrder {index:11;}">
                <Coords points="342,4809 451,4775 478,4802 594,4822 647,4775 723,4756 899,4805 958,4785 968,4653 862,4676 789,4656 733,4692 640,4696 594,4673 557,4689 458,4593 358,4606"/>
                <Baseline points="364,4778 436,4760 525,4748 615,4742 704,4736 794,4730 884,4724 973,4730"/>
                <TextEquiv>
                    <Unicode>Informary</Unicode>
                </TextEquiv>
            </TextLine>
            <TextLine id="tr_1_tl_13" custom="readingOrder {index:12;}">
                <Coords points="2918,4775 3797,4772 3797,4692 3668,4716 3625,4689 2922,4702"/>
                <Baseline points="2938,4772 3028,4772 3117,4772 3207,4772 3297,4766 3386,4766 3476,4760 3565,4760 3655,4760 3745,4760 3804,4772"/>
                <TextEquiv>
                    <Unicode>I beg you, Doctor.</Unicode>
                </TextEquiv>
            </TextLine>
            <TextLine id="tr_1_tl_14" custom="readingOrder {index:13;}">
                <Coords points="1217,4802 2683,4802 2776,4795 2776,4722 1217,4746"/>
                <Baseline points="1236,4790 1260,4796 1349,4790 1439,4790 1529,4790 1618,4790 1708,4790 1797,4784 1887,4784 1977,4784 2066,4778 2156,4778 2245,4778 2335,4778 2425,4772 2514,4778 2604,4778 2693,4778 2783,4778"/>
                <TextEquiv>
                    <Unicode>oh he will not let that stip by,</Unicode>
                </TextEquiv>
            </TextLine>
            <TextLine id="tr_1_tl_15" custom="readingOrder {index:14;}">
                <Coords points="1200,4905 3618,4872 3618,4772 1200,4799"/>
                <Baseline points="1218,4868 1296,4868 1385,4868 1475,4868 1564,4868 1654,4862 1744,4868 1833,4862 1923,4856 2012,4856 2102,4856 2192,4862 2281,4856 2371,4856 2460,4856 2550,4850 2640,4856 2729,4856 2819,4850 2908,4850 2998,4850 3088,4850 3177,4850 3267,4850 3356,4844 3446,4838 3536,4838 3625,4838"/>
                <TextEquiv>
                    <Unicode>For you it is nothing more than an errand, is it?</Unicode>
                </TextEquiv>
            </TextLine>
            <TextLine id="tr_1_tl_16" custom="readingOrder {index:15;}">
                <Coords points="1200,4961 1579,4948 1724,4981 1758,4948 2039,4945 2142,4971 2142,4888 1821,4865 1771,4908 1512,4872 1200,4901"/>
                <Baseline points="1218,4939 1308,4945 1397,4945 1487,4945 1576,4939 1666,4945 1756,4939 1845,4939 1935,4933 2024,4933 2114,4945 2150,4945"/>
                <TextEquiv>
                    <Unicode>And for me, for me,</Unicode>
                </TextEquiv>
            </TextLine>
            <TextLine id="tr_1_tl_17" custom="readingOrder {index:16;}">
                <Coords points="2262,5087 3565,5090 3591,4978 2265,4998"/>
                <Baseline points="2281,5077 2341,5077 2431,5077 2520,5077 2610,5077 2699,5071 2789,5071 2878,5071 2968,5071 3058,5065 3147,5065 3237,5065 3326,5065 3416,5059 3506,5059 3595,5059"/>
                <TextEquiv>
                    <Unicode>Of course for me it has no</Unicode>
                </TextEquiv>
            </TextLine>
            <TextLine id="tr_1_tl_18" custom="readingOrder {index:17;}">
                <Coords points="1217,5107 2149,5104 2152,4988 2066,4974 1970,5037 1791,5014 1738,5041 1655,5004 1605,5034 1220,5034"/>
                <Baseline points="1236,5094 1266,5094 1355,5094 1445,5094 1535,5094 1624,5089 1714,5089 1803,5089 1893,5083 1983,5083 2072,5083 2162,5089"/>
                <TextEquiv>
                    <Unicode>Why that’s just it.</Unicode>
                </TextEquiv>
            </TextLine>
            <TextLine id="tr_1_tl_19" custom="readingOrder {index:18;}">
                <Coords points="796,5134 879,5160 922,5127 945,5124 985,5147 1005,5134 1035,5144 1074,5127 1071,5004 1028,5008 1002,4994 952,5037 862,5027 793,5041"/>
                <Baseline points="812,5100 901,5100 991,5106 1081,5106"/>
                <TextEquiv>
                    <Unicode>HALM.</Unicode>
                </TextEquiv>
            </TextLine>
            <TextLine id="tr_1_tl_20" custom="readingOrder {index:19;}">
                <Coords points="1217,5183 2925,5163 3552,5240 3641,5210 3641,5080 1217,5110"/>
                <Baseline points="1236,5178 1320,5172 1409,5172 1499,5172 1588,5172 1678,5172 1768,5172 1857,5166 1947,5160 2036,5160 2126,5160 2215,5160 2305,5160 2395,5166 2484,5160 2574,5154 2663,5154 2753,5154 2843,5148 2932,5154 3022,5154 3111,5148 3201,5154 3291,5148 3380,5148 3470,5148 3559,5142 3649,5142"/>
                <TextEquiv>
                    <Unicode>importance, but for you, yesfor you, the emotion</Unicode>
                </TextEquiv>
            </TextLine>
            <TextLine id="tr_1_tl_21" custom="readingOrder {index:20;}">
                <Coords points="1194,5306 2106,5240 2504,5240 2620,5296 2646,5163 1197,5200"/>
                <Baseline points="1212,5256 1218,5256 1308,5256 1397,5256 1487,5250 1576,5250 1666,5244 1756,5244 1845,5244 1935,5238 2024,5238 2114,5238 2204,5238 2293,5238 2383,5232 2472,5232 2562,5232 2652,5232"/>
                <TextEquiv>
                    <Unicode>might have the worst results.</Unicode>
                </TextEquiv>
            </TextLine>
            <TextLine id="tr_1_tl_22" custom="readingOrder {index:21;}">
                <Coords points="1224,5425 3330,5402 3545,5376 3548,5293 3207,5230 2573,5356 2388,5296 1224,5339"/>
                <Baseline points="1242,5405 1314,5405 1403,5399 1493,5405 1582,5399 1672,5393 1762,5393 1851,5393 1941,5393 2030,5387 2120,5387 2210,5387 2299,5387 2389,5381 2478,5381 2568,5381 2657,5381 2747,5375 2837,5375 2926,5375 3016,5375 3105,5375 3195,5369 3285,5369 3374,5369 3464,5363 3553,5363"/>
                <TextEquiv>
                    <Unicode>Doctor, Doctor, after all we are men; it doesn't</Unicode>
                </TextEquiv>
            </TextLine>
            <TextLine id="tr_1_tl_23" custom="readingOrder {index:22;}">
                <Coords points="812,5432 856,5422 909,5449 932,5445 975,5475 988,5468 1021,5485 1078,5478 1078,5319 1028,5316 988,5289 945,5329 909,5319 875,5342 842,5329 812,5342"/>
                <Baseline points="830,5411 919,5411 1009,5411 1087,5417"/>
                <TextEquiv>
                    <Unicode>RADE.</Unicode>
                </TextEquiv>
            </TextLine>
            <TextLine id="tr_1_tl_24" custom="readingOrder {index:23;}">
                <Coords points="1207,5545 2285,5472 3144,5518 3147,5392 1210,5422"/>
                <Baseline points="1224,5489 1272,5483 1361,5483 1451,5483 1541,5483 1630,5477 1720,5477 1809,5471 1899,5471 1989,5471 2078,5471 2168,5471 2257,5465 2347,5465 2436,5465 2526,5465 2616,5459 2705,5459 2795,5459 2884,5453 2974,5453 3064,5453 3153,5453"/>
                <TextEquiv>
                    <Unicode>matter to an hour one way or the other.</Unicode>
                </TextEquiv>
            </TextLine>
            <TextLine id="tr_1_tl_25" custom="readingOrder {index:24;}">
                <Coords points="1940,5651 3472,5614 3810,5711 3900,5694 3903,5488 3449,5462 3038,5548 2942,5478 2726,5561 2149,5575 1940,5488"/>
                <Baseline points="1959,5620 2030,5620 2120,5620 2210,5620 2299,5620 2389,5620 2478,5620 2568,5620 2657,5620 2747,5620 2837,5614 2926,5614 3016,5614 3105,5614 3195,5608 3285,5614 3374,5608 3464,5602 3553,5602 3643,5602 3733,5596 3822,5602 3912,5608"/>
                <TextEquiv>
                    <Unicode>Now, now, now. (After &amp; rapid refectio)</Unicode>
                </TextEquiv>
            </TextLine>
            <TextLine id="tr_1_tl_26" custom="readingOrder {index:25;}">
                <Coords points="1237,5631 1346,5658 1512,5644 1535,5667 1572,5648 1817,5651 1817,5535 1754,5575 1698,5555 1608,5575 1525,5551 1499,5571 1459,5541 1373,5581 1317,5548 1237,5551"/>
                <Baseline points="1254,5626 1343,5638 1433,5638 1523,5638 1612,5638 1702,5638 1791,5626 1827,5632"/>
                <TextEquiv>
                    <Unicode>(Soothingly )</Unicode>
                </TextEquiv>
            </TextLine>
            <TextLine id="tr_1_tl_27" custom="readingOrder {index:26;}">
                <Coords points="812,5674 849,5658 929,5658 1015,5691 1041,5667 1068,5667 1068,5585 1048,5585 1025,5561 1005,5558 985,5575 942,5581 856,5561 829,5581 812,5581"/>
                <Baseline points="830,5650 919,5650 1009,5650 1075,5650"/>
                <TextEquiv>
                    <Unicode>HALM.</Unicode>
                </TextEquiv>
            </TextLine>
            <TextLine id="tr_1_tl_28" custom="readingOrder {index:27;}">
                <Coords points="1224,5737 1602,5797 1794,5717 2172,5754 2265,5721 2268,5634 1539,5667 1439,5641 1227,5677"/>
                <Baseline points="1242,5716 1290,5716 1379,5716 1469,5722 1558,5728 1648,5722 1738,5716 1827,5710 1917,5704 2006,5704 2096,5704 2186,5704 2275,5704"/>
                <TextEquiv>
                    <Unicode>will go there then.</Unicode>
                </TextEquiv>
            </TextLine>
        </TextRegion>
    </Page>
</PcGts>
