4328 5496
3534 316 3700 466 21.
1715 443 2147 636 WEIHGAST
786 567 3773 821 Yes, yes. Dr. Halmschlaeger told me that you were depressed in
790 805 3688 960 mind.(He does not like Rademacher's glance but forces himself
809 925 3850 1094 to bear it) But you sent for me, you wanted to speak to me? Well
798 1106 3777 1272 I am ready. Why do you smile? Oh no, it's only the reflexion
790 1268 3757 1426 of the light. The light is rather poor here. Well, I am wait-
786 1353 3854 1549 ing. I will have to tell Dr. Halmschlaeger that you have made no
786 1530 2597 1761 use of the first five minutes. --Well?
1765 1688 2281 1865 RADEMACHER
802 1834 3815 2042 (Opens his laps as if about to speak several times, but does not
798 2008 1981 2193 speak. There is a cause)
1688 2139 2116 2312 WEIHGAST
790 2301 3723 2474 And how have things gone with you all this time? (Slightly em-
790 2474 3734 2663 barrassad) That question is somewhat out of place just now...
802 2605 3746 2775 But I confess I am  a little embarrassad. For, to judge by
844 2728 1360 2840 externals
798 2752 3761 2940 it would seem as if my lot had been the happen
798 2933 3746 3071 of the two. Still-if we only look at things as we ought to--
798 3098 3761 3237 who has suffered the greatest cisappointment? Is it not always
794 3253 3842 3407 the man who has apparently achieved the most?--That sounds para-
802 3407 3669 3572 doxical but it is true. Ah if I should tell you--my life is
802 3515 3738 3692 nothing but care and struggle. I do not know if you have been
790 3673 3885 3881 following the more recentA movements in literature--they are fall-
790 3881 3757 4004 ing on me like a pack of 18lves1--who? The younger generation.
786 4031 3703 4174 And ten years ago I was Schunted among the younger ones myself.
798 4162 3650 4312 Now they are trying to dethrone me. It's enough to make one
786 4289 3800 4466 sick to read those reviews. They treat me with soon, with rock
786 4432 3869 4648 condescension--it’s outrageous! Here I’ve worked and striven and
786 4640 3769 4798 given of the best that was in me—oh be glad that you're out of
786 4771 3869 5002 all that sort of thing! If I could choose, if I could begin over
786 4960 1199 5129 again--
