3560 5112
1344 335 1597 470 12 -
710 532 1932 746 Well, how does he get on?
716 785 2973 963 (doubtfully) On the whole – really very well.
719 1054 933 1206 Yes?
706 1255 3341 1436 Perhaps a little too — – learned. But very much alive.
706 1399 2953 1606 Of course, I mustn't really take the liberty of
706 1560 2201 1751 discussing a future Chief
716 1797 3347 2014 How so, future Chief? That’s not so certain yet. There
703 1978 2973 2142 are others. And, anyway, this is only a private
723 2158 3347 2313 conversation. We might just as well be sitting opposite
716 2286 3088 2421 in the Riedhof and chatting. speak up, man. What
706 2437 3249 2638 have you got against Dr, wenger. Vox Populi, Vox Dei.
710 2641 3223 2809 Well, to tell the truth I've nolemplant against his
716 2835 3022 3012 lecturing. It’s more his whole manner. You know
703 2996 2940 3134 Professor, he is a bit ponderous in his manner.
693 3196 2956 3334 Ah, what you are lriving at, my dear fellow, is
710 3377 3213 3538 probably identical with that which my cousin so aptly
693 3499 3321 3679 named, in Parliament recently, "The Jargon of the Soul".
158 3834 407 4008 HoCH:
690 3850 3121 4021 That’s good. Jargon of the Soul. (Taking courage)
700 3978 2710 4165 But he has the other, as well, Dr. Wenger.
141 4234 391 4379 EEBEN:
680 4241 3183 4366 That makes no difference. We live, so to say, in an
693 4333 1823 4553 atmosphere of dialects.
