4328 5432
3620 259 3797 475 18.
801 310 3710 605 ready to run off with me. But I was poor and she was a Apart,
797 554 3852 789 and so she stayed with you – – and received you. It was easier that
801 777 1680 946 way for all of us.
1822 876 2199 1068 FLORIAN
813 1044 2246 1268 (Acting) "Ha! wulch! you lie!
1775 1201 2289 1374 RADEMACHER
813 1296 3640 1519 I? (As if awakening) Ah,—yes. You take the key, Jackwerth.
809 1508 3801 1680 If he won’t believe me the letters are in my desk. You shall be
809 1665 3734 1841 my executor. There are many things in my desk—some treasure
809 1814 3730 2002 perhaps. Who knows, it may be only necessary for me to die to
809 1975 3761 2144 have them appointed. Yes then they'd make a fuss about me--
821 2108 3808 2309 especially when it is known that I died inDievity and misery--
825 2254 3620 2434 for I am dying in [poverty] and misery as I have lived. Then
821 2430 3616 2615 there’ll be species over my grave—you will hear them talk
805 2540 3958 2760 about devotion to duty--great ability--a victim to his profession.
809 2721 3828 2894 Yes that's true. Florian Jackwerth, as long as I've had any pro¬
809 2882 3753 3039 fession I've been its victim. And do you know what is killing
809 3043 3706 3200 me? No--not those latin names on the board up there. O no.
821 3192 3781 3329 What is killing me is the blitterness of having to bow to people
821 3294 3757 3498 I despise, having to today to them for a position:-- 24/4th diegust
825 3514 3848 3671 at having to write things I did not believe, to keep myself from
828 3624 3875 3801 starving: anger that I had to grind out stuff for infamous slave-
821 3801 3883 3966 drivers who had stolen and swindled a fortune together and that I
821 3969 3942 4134 had to help them do it with my talent. But I can't complain. I've
832 4115 3718 4303 always gotten my share of the general contempt and hatred for
844 4280 2913 4429 them—my share of that but of nothing else.
1394 4413 2422 4660 (Nurse comes from C.)
2081 4609 2375 4755 NURSE
825 4727 2042 4963 The doctor's coming back.
