4216 5672
890 661 3572 810 Count: And that you tell me now for the first time! To¬
509 754 2734 950 day, just before the boy is coming to visit us.
894 902 3488 1110 Prince: One never knows how such things will be taken.
1780 1026 3748 1175 Taken! Did you perhaps think....say, I'm
521 1106 3640 1295 a bit of a psychologist myself. And that is what you call friend-
910 1074 1724 1227 Count: Came now.
533 1299 778 1459 ship.
898 1307 3323 1531 Prince: No one knew it, no one in the whole world.
910 1467 3652 1700 Count: But you could have told me. I really don't under-
537 1632 2946 1780 stand that you.... Really, it wasn't nice of you.
914 1740 3672 1928 Prince: I wanted to wait till the chap developed. One can
545 1912 1167 2081 never know.
926 1932 3680 2221 Count: Yes, in such a majed descent..But now you seem re¬
561 2125 962 2301 assured.
926 2213 2401 2385 Prince: Yes, he's a fine chap.
946 2289 3708 2558 Count: (embrading him again) Well then, tell me where he
565 2501 1475 2702 has lived till now.
954 2558 3796 2822 Prince: The first years quite far from Vienna, in the Tyrol.
954 2778 1980 2970 Count: With farmers?
2546 2826 3796 3027 He went to school first in
958 2934 2517 3083 Prince: With a small landowner.
597 3003 3672 3215 Innsbruck. And the last few years I have had him in Gymnasium in
585 3175 882 3323 Krems
1014 3235 2954 3476 Count: And so you visited him sometimes?
1022 3435 1884 3628 Prince: Naturally.
1026 3580 2614 3736 Count: And what he really think?
1046 3684 3628 3876 Prince: Till a few days ago he believed that he had no
1026 3780 3584 3957 neither father nor mother. And that I was a friend of
617 3864 994 3989 parents ;
1046 3945 1383 4081 father.
609 3965 1010 4113 his dead
1042 3973 3588 4217 Countess: (on the balcony) Good morning, Prince Egon.
1046 4209 2377 4398 Prince: Good morning, Mizzi
1050 4313 3351 4534 Count: Wen’t you come down for a little, Mizzi?
1058 4474 3668 4654 Countess: If I’ll not disturb you....(She disappears.)
1070 4634 3003 4851 Count: Well, what shall we tell Mizzi?
1074 4823 3664 4987 Prince: I should naturally prefer to leave that to you.
645 4863 3868 5111 But since I am adopting the boy and in a few days, through an act of
645 5023 3207 5219 grace of his Majesty he will probably bear my name....
