<?xml version="1.0" encoding="UTF-8" standalone="yes"?>
<PcGts xmlns="http://schema.primaresearch.org/PAGE/gts/pagecontent/2013-07-15" xmlns:xsi="http://www.w3.org/2001/XMLSchema-instance" xsi:schemaLocation="http://schema.primaresearch.org/PAGE/gts/pagecontent/2013-07-15 http://schema.primaresearch.org/PAGE/gts/pagecontent/2013-07-15/pagecontent.xsd">
    <Metadata>
        <Creator>prov=READ-COOP:name=TrHtr:version=2.1.0:model_id=51170:date=15_08_2023_04:46</Creator>
        <Created>2023-05-10T15:12:16.788+02:00</Created>
        <LastChange>2023-08-15T04:46:38.435+02:00</LastChange>
        <TranskribusMetadata docId="1428823" pageId="55432348" pageNr="107" tsid="132839026" status="IN_PROGRESS" userId="64420" imgUrl="https://files.transkribus.eu/Get?id=QSMOTXLIUOQDTNZJNXEWULSH&amp;fileType=view" xmlUrl="https://files.transkribus.eu/Get?id=YKBVGMSHIDWIIGRIAGJOYSQK" imageId="44706385"/>
    </Metadata>
    <Page imageFilename="1428823_0107.jpg" imageWidth="4120" imageHeight="6200">
        <ReadingOrder>
            <OrderedGroup id="ro_1711803025386" caption="Regions reading order">
                <RegionRefIndexed index="0" regionRef="tr_1"/>
                <RegionRefIndexed index="1" regionRef="tr_3"/>
                <RegionRefIndexed index="2" regionRef="tr_2"/>
            </OrderedGroup>
        </ReadingOrder>
        <TextRegion id="tr_1" custom="readingOrder {index:0;}">
            <Coords points="453,487 3924,487 3924,2052 453,2052"/>
            <TextLine id="tr_1_tl_1" custom="readingOrder {index:0;}">
                <Coords points="3427,571 3483,601 3595,606 3685,558 3835,567 3896,537 3900,438 3694,498 3646,447 3569,434 3552,412 3479,472 3432,447"/>
                <Baseline points="3452,555 3542,555 3631,555 3721,543 3810,543 3900,537"/>
                <TextEquiv>
                    <Unicode>Inq. many</Unicode>
                </TextEquiv>
            </TextLine>
            <TextLine id="tr_1_tl_2" custom="readingOrder {index:1;}">
                <Coords points="2946,584 2994,597 3075,584 3088,601 3135,593 3183,610 3208,593 3226,610 3251,610 3256,464 3221,464 3191,485 3161,468 3144,477 3118,455 3041,430 3002,447 2951,430"/>
                <Baseline points="2968,573 2992,567 3082,567 3171,561 3261,561"/>
                <TextEquiv>
                    <Unicode>Vieura</Unicode>
                </TextEquiv>
            </TextLine>
            <TextLine id="tr_1_tl_3" custom="readingOrder {index:2;}">
                <Coords points="425,734 3878,747 3883,545 430,597"/>
                <Baseline points="453,698 483,692 573,692 663,686 752,686 842,686 931,680 1021,680 1110,686 1200,680 1290,680 1379,680 1469,680 1558,674 1648,674 1738,674 1827,674 1917,674 2006,668 2096,663 2186,668 2275,668 2365,668 2454,668 2544,668 2634,657 2723,663 2813,668 2902,663 2992,663 3082,663 3171,663 3261,657 3350,657 3440,657 3530,657 3619,663 3709,663 3798,663 3888,674"/>
                <TextEquiv>
                    <Unicode>(A smallish apartment, so-called "spare-room" in the General Hospital,</Unicode>
                </TextEquiv>
            </TextLine>
            <TextLine id="tr_1_tl_4" custom="readingOrder {index:3;}">
                <Coords points="2671,752 3784,752 3784,679 3689,666 2671,679"/>
                <Baseline points="2693,740 2783,740 2873,740 2962,740 3052,734 3141,734 3231,734 3321,734 3410,734 3500,734 3589,734 3679,734 3768,734 3792,740"/>
                <TextEquiv>
                    <Unicode>Inernod of a doorthere</Unicode>
                </TextEquiv>
            </TextLine>
            <TextLine id="tr_1_tl_5" custom="readingOrder {index:4;}">
                <Coords points="464,782 2165,747 2268,807 2568,756 2568,691 464,717"/>
                <Baseline points="489,764 519,764 609,764 698,764 788,758 878,758 967,758 1057,758 1146,758 1236,758 1326,758 1415,758 1505,758 1594,752 1684,752 1773,752 1863,752 1953,746 2042,746 2132,746 2221,746 2311,746 2401,746 2490,746 2580,746"/>
                <TextEquiv>
                    <Unicode>communicating with a large patient s' ward;</Unicode>
                </TextEquiv>
            </TextLine>
            <TextLine id="tr_1_tl_6" custom="readingOrder {index:5;}">
                <Coords points="2680,846 3067,816 3728,842 3728,760 3535,734 3496,760 3054,743 3019,773 2680,756"/>
                <Baseline points="2705,818 2795,818 2884,818 2974,818 3064,818 3153,812 3243,812 3332,812 3422,812 3512,812 3601,812 3691,812 3733,818"/>
                <TextEquiv>
                    <Unicode>centre, a fairly long</Unicode>
                </TextEquiv>
            </TextLine>
            <TextLine id="tr_1_tl_7" custom="readingOrder {index:6;}">
                <Coords points="1636,833 1847,868 1976,825 2238,859 2392,825 2470,880 2607,842 2607,734 2289,795 2160,747 2109,773 1636,769"/>
                <Baseline points="1660,824 1750,824 1839,824 1929,824 2018,824 2108,824 2198,824 2287,824 2377,824 2466,824 2556,824 2616,824"/>
                <TextEquiv>
                    <Unicode>On the left, a bed;</Unicode>
                </TextEquiv>
            </TextLine>
            <TextLine id="tr_1_tl_8" custom="readingOrder {index:7;}">
                <Coords points="477,855 722,842 812,885 876,850 962,876 1108,838 1512,846 1512,799 1409,765 1160,769 1125,799 838,773 704,807 670,777 477,777"/>
                <Baseline points="501,836 537,836 627,842 716,836 806,836 895,836 985,836 1075,836 1164,836 1254,830 1343,830 1433,830 1523,830"/>
                <TextEquiv>
                    <Unicode>is aitevable curtain.</Unicode>
                </TextEquiv>
            </TextLine>
            <TextLine id="tr_1_tl_9" custom="readingOrder {index:8;}">
                <Coords points="2564,902 2646,928 3505,893 3668,936 3668,829 2835,846 2629,803 2564,838"/>
                <Baseline points="2586,895 2675,895 2765,895 2855,895 2944,889 3034,889 3123,889 3213,889 3303,889 3392,889 3482,889 3571,889 3661,895 3679,895"/>
                <TextEquiv>
                    <Unicode>There are two couches;</Unicode>
                </TextEquiv>
            </TextLine>
            <TextLine id="tr_1_tl_10" custom="readingOrder {index:9;}">
                <Coords points="477,919 1855,962 2448,911 2448,846 477,855"/>
                <Baseline points="501,907 573,913 663,913 752,919 842,913 931,913 1021,913 1110,913 1200,913 1290,913 1379,907 1469,913 1558,913 1648,907 1738,907 1827,913 1917,907 2006,901 2096,901 2186,901 2275,901 2365,901 2454,901"/>
                <TextEquiv>
                    <Unicode>table, on which are papers, phial s, etc.</Unicode>
                </TextEquiv>
            </TextLine>
            <TextLine id="tr_1_tl_11" custom="readingOrder {index:10;}">
                <Coords points="477,1035 3080,975 3513,1052 3513,936 3333,893 477,919"/>
                <Baseline points="501,991 567,991 657,991 746,991 836,991 925,991 1015,991 1105,991 1194,991 1284,985 1373,985 1463,985 1552,985 1642,985 1732,985 1821,991 1911,979 2000,985 2090,979 2180,979 2269,979 2359,979 2448,979 2538,985 2628,979 2717,979 2807,979 2896,973 2986,973 3076,973 3165,967 3255,967 3344,967 3434,973 3524,973"/>
                <TextEquiv>
                    <Unicode>beside the bed an armclair; on the table, a lighted candle.</Unicode>
                </TextEquiv>
            </TextLine>
            <TextLine id="tr_1_tl_12" custom="readingOrder {index:11;}">
                <Coords points="1941,1160 2006,1125 2178,1117 2225,1160 2306,1117 3170,1091 3208,1082 3213,984 1946,1022"/>
                <Baseline points="1971,1110 2048,1110 2138,1110 2227,1105 2317,1099 2407,1093 2496,1093 2586,1087 2675,1081 2765,1081 2855,1075 2944,1069 3034,1063 3123,1063 3213,1057"/>
                <TextEquiv>
                    <Unicode>plainly Comedown in the world.</Unicode>
                </TextEquiv>
            </TextLine>
            <TextLine id="tr_1_tl_13" custom="readingOrder {index:12;}">
                <Coords points="1404,1211 3900,1224 3900,1039 3290,1035 2964,1147 2603,1091 1959,1173 1598,1074 1404,1138"/>
                <Baseline points="1427,1200 1493,1200 1582,1200 1672,1200 1762,1200 1851,1200 1941,1206 2030,1200 2120,1200 2210,1194 2299,1194 2389,1194 2478,1194 2568,1194 2657,1188 2747,1188 2837,1194 2926,1194 3016,1188 3105,1188 3195,1188 3285,1188 3374,1188 3464,1188 3553,1182 3643,1170 3733,1170 3822,1170 3912,1170"/>
                <TextEquiv>
                    <Unicode>over fifty, in [?] very low state, quite grey-haired</Unicode>
                </TextEquiv>
            </TextLine>
            <TextLine id="tr_1_tl_14" custom="readingOrder {index:13;}">
                <Coords points="455,1237 541,1228 610,1263 649,1241 674,1267 769,1237 842,1267 958,1224 1035,1276 1147,1276 1271,1220 1271,1100 1198,1078 1168,1104 1091,1091 1022,1138 923,1117 790,1147 704,1147 653,1104 610,1134 455,1117"/>
                <Baseline points="477,1212 567,1212 657,1212 746,1212 836,1206 925,1206 1015,1206 1105,1206 1194,1206 1284,1206"/>
                <TextEquiv>
                    <Unicode>KARL HADEMACHER:</Unicode>
                </TextEquiv>
            </TextLine>
            <TextLine id="tr_1_tl_15" custom="readingOrder {index:14;}">
                <Coords points="1392,1353 3170,1267 3754,1362 3780,1194 1392,1224"/>
                <Baseline points="1415,1278 1463,1278 1552,1278 1642,1278 1732,1278 1821,1278 1911,1272 2000,1272 2090,1278 2180,1272 2269,1272 2359,1272 2448,1272 2538,1272 2628,1272 2717,1266 2807,1272 2896,1266 2986,1266 3076,1266 3165,1266 3255,1266 3344,1266 3434,1266 3524,1266 3613,1266 3703,1260 3792,1272"/>
                <TextEquiv>
                    <Unicode>is sitting in the armchain with his eyes closed.</Unicode>
                </TextEquiv>
            </TextLine>
            <TextLine id="tr_1_tl_16" custom="readingOrder {index:15;}">
                <Coords points="1404,1443 3913,1447 3913,1293 1404,1370"/>
                <Baseline points="1427,1433 1499,1433 1588,1427 1678,1421 1768,1421 1857,1427 1947,1421 2036,1421 2126,1421 2215,1421 2305,1421 2395,1421 2484,1421 2574,1421 2663,1421 2753,1415 2843,1415 2932,1415 3022,1421 3111,1415 3201,1415 3291,1415 3380,1415 3470,1415 3559,1415 3649,1415 3739,1415 3828,1415 3918,1415"/>
                <TextEquiv>
                    <Unicode>about twenty-eight, his eyes very bright as if with</Unicode>
                </TextEquiv>
            </TextLine>
            <TextLine id="tr_1_tl_17" custom="readingOrder {index:16;}">
                <Coords points="460,1495 674,1456 743,1490 898,1469 1005,1499 1237,1465 1349,1508 1349,1366 1177,1293 1065,1297 915,1366 825,1340 631,1370 550,1319 460,1353"/>
                <Baseline points="483,1439 555,1433 645,1439 734,1433 824,1439 913,1433 1003,1433 1093,1427 1182,1433 1272,1427 1361,1427"/>
                <TextEquiv>
                    <Unicode>FLORIAN JACKWERTH</Unicode>
                </TextEquiv>
            </TextLine>
            <TextLine id="tr_1_tl_18" custom="readingOrder {index:17;}">
                <Coords points="1396,1520 3582,1512 3586,1413 1400,1439"/>
                <Baseline points="1421,1505 1445,1505 1535,1505 1624,1499 1714,1499 1803,1499 1893,1499 1983,1499 2072,1493 2162,1499 2251,1493 2341,1493 2431,1493 2520,1493 2610,1493 2699,1493 2789,1493 2878,1493 2968,1493 3058,1493 3147,1487 3237,1487 3326,1487 3416,1487 3506,1487 3595,1493"/>
                <TextEquiv>
                    <Unicode>fever, clean-shaven, slight, clad in a linen</Unicode>
                </TextEquiv>
            </TextLine>
            <TextLine id="tr_1_tl_19" custom="readingOrder {index:18;}">
                <Coords points="1396,1598 3299,1568 3604,1654 3913,1619 3913,1499 1396,1525"/>
                <Baseline points="1421,1576 1505,1576 1594,1570 1684,1576 1773,1576 1863,1570 1953,1570 2042,1570 2132,1570 2221,1570 2311,1570 2401,1570 2490,1570 2580,1564 2669,1570 2759,1564 2849,1564 2938,1564 3028,1564 3117,1564 3207,1564 3297,1564 3386,1564 3476,1564 3565,1564 3655,1564 3745,1564 3834,1564 3924,1570"/>
                <TextEquiv>
                    <Unicode>dressing-gown, which he arranges every now and then</Unicode>
                </TextEquiv>
            </TextLine>
            <TextLine id="tr_1_tl_20" custom="readingOrder {index:19;}">
                <Coords points="1396,1684 1490,1705 1529,1666 1576,1701 1748,1718 1851,1679 1928,1722 2113,1654 2203,1705 2268,1679 2336,1709 2336,1585 2311,1581 2040,1606 1641,1576 1538,1619 1396,1593"/>
                <Baseline points="1421,1654 1451,1654 1541,1654 1630,1648 1720,1648 1809,1648 1899,1648 1989,1648 2078,1648 2168,1648 2257,1648 2347,1642"/>
                <TextEquiv>
                    <Unicode>in effective told s.</Unicode>
                </TextEquiv>
            </TextLine>
            <TextLine id="tr_1_tl_21" custom="readingOrder {index:20;}">
                <Coords points="1404,1812 3896,1864 3831,1684 1404,1709"/>
                <Baseline points="1427,1797 1517,1803 1606,1803 1696,1797 1785,1797 1875,1797 1965,1797 2054,1791 2144,1797 2233,1797 2323,1803 2413,1797 2502,1797 2592,1797 2681,1791 2771,1791 2861,1791 2950,1791 3040,1791 3129,1791 3219,1791 3309,1791 3398,1791 3488,1797 3577,1797 3667,1797 3757,1797 3846,1797 3906,1797"/>
                <TextEquiv>
                    <Unicode>the nur se, slout, good-natured, still fairly young;</Unicode>
                </TextEquiv>
            </TextLine>
            <TextLine id="tr_1_tl_22" custom="readingOrder {index:21;}">
                <Coords points="447,1873 765,1877 872,1821 1065,1830 1125,1873 1344,1821 1344,1727 1224,1744 1061,1701 1027,1727 872,1709 786,1752 537,1709 447,1739"/>
                <Baseline points="471,1815 549,1815 639,1815 728,1815 818,1815 907,1809 997,1809 1087,1809 1176,1809 1266,1809 1355,1809"/>
                <TextEquiv>
                    <Unicode>Juliana Paschanda</Unicode>
                </TextEquiv>
            </TextLine>
            <TextLine id="tr_1_tl_23" custom="readingOrder {index:22;}">
                <Coords points="1409,1924 1671,1890 1808,1937 2001,1877 2285,1954 2508,1877 3165,1920 3165,1812 2994,1791 1409,1804"/>
                <Baseline points="1433,1875 1523,1881 1612,1875 1702,1875 1791,1875 1881,1869 1971,1869 2060,1875 2150,1875 2239,1875 2329,1869 2419,1869 2508,1869 2598,1869 2687,1869 2777,1869 2867,1869 2956,1869 3046,1869 3135,1875 3171,1875"/>
                <TextEquiv>
                    <Unicode>busy at the table with some writing.</Unicode>
                </TextEquiv>
            </TextLine>
            <TextLine id="tr_1_tl_24" custom="readingOrder {index:23;}">
                <Coords points="472,2083 3634,2096 3853,2027 3853,1907 472,1980"/>
                <Baseline points="495,2042 549,2042 639,2036 728,2036 818,2036 907,2036 997,2036 1087,2036 1176,2036 1266,2036 1355,2036 1445,2036 1535,2036 1624,2036 1714,2030 1803,2030 1893,2030 1983,2024 2072,2024 2162,2024 2251,2024 2341,2024 2431,2024 2520,2024 2610,2024 2699,2024 2789,2024 2878,2024 2968,2024 3058,2024 3147,2018 3237,2018 3326,2018 3416,2024 3506,2018 3595,2018 3685,2024 3774,2018 3864,2018"/>
                <TextEquiv>
                    <Unicode>................................... ̃  ==================̃̃</Unicode>
                </TextEquiv>
            </TextLine>
        </TextRegion>
        <TextRegion id="tr_3" custom="readingOrder {index:1;}">
            <Coords points="955,2410 3906,2410 3906,3832 955,3832"/>
            <TextLine id="tr_3_tl_1" custom="readingOrder {index:0;}">
                <Coords points="1529,2513 3728,2495 3831,2487 3831,2349 3505,2431 3097,2319 2732,2405 2556,2336 2074,2405 1855,2328 1529,2362"/>
                <Baseline points="1552,2478 1600,2478 1690,2478 1779,2472 1869,2478 1959,2472 2048,2472 2138,2466 2227,2472 2317,2472 2407,2472 2496,2472 2586,2472 2675,2472 2765,2472 2855,2466 2944,2466 3034,2472 3123,2466 3213,2460 3303,2460 3392,2460 3482,2466 3571,2460 3661,2466 3751,2460 3840,2466"/>
                <TextEquiv>
                    <Unicode>(pulls a side the curtain as he comes out of the</Unicode>
                </TextEquiv>
            </TextLine>
            <TextLine id="tr_3_tl_2" custom="readingOrder {index:1;}">
                <Coords points="932,2538 1005,2547 1065,2504 1112,2530 1185,2513 1220,2534 1241,2521 1263,2543 1319,2513 1357,2521 1353,2405 1306,2397 1241,2414 1198,2384 1147,2375 1065,2401 1022,2371 928,2371"/>
                <Baseline points="955,2478 1045,2478 1134,2478 1224,2478 1314,2478 1367,2484"/>
                <TextEquiv>
                    <Unicode>FLORIAN.</Unicode>
                </TextEquiv>
            </TextLine>
            <TextLine id="tr_3_tl_3" custom="readingOrder {index:2;}">
                <Coords points="1542,2577 3900,2590 3900,2452 1542,2504"/>
                <Baseline points="1564,2550 1654,2556 1744,2556 1833,2556 1923,2550 2012,2550 2102,2550 2192,2550 2281,2550 2371,2550 2460,2550 2550,2550 2640,2544 2729,2550 2819,2544 2908,2544 2998,2556 3088,2544 3177,2544 3267,2544 3356,2544 3446,2544 3536,2544 3625,2544 3715,2550 3804,2550 3894,2562 3906,2562"/>
                <TextEquiv>
                    <Unicode>ward, which is family lit by a suspension lamp,</Unicode>
                </TextEquiv>
            </TextLine>
            <TextLine id="tr_3_tl_4" custom="readingOrder {index:3;}">
                <Coords points="1542,2641 2955,2646 2955,2573 1542,2590"/>
                <Baseline points="1564,2628 1654,2628 1744,2628 1833,2628 1923,2628 2012,2622 2102,2628 2192,2622 2281,2622 2371,2622 2460,2622 2550,2622 2640,2622 2729,2622 2819,2622 2908,2622 2962,2634"/>
                <TextEquiv>
                    <Unicode>and moves towards the nur se.</Unicode>
                </TextEquiv>
            </TextLine>
            <TextLine id="tr_3_tl_5" custom="readingOrder {index:4;}">
                <Coords points="1336,2710 1658,2766 1752,2706 1838,2753 1907,2714 2921,2753 2921,2646 2822,2629 1752,2663 1336,2611"/>
                <Baseline points="1361,2699 1451,2705 1541,2705 1630,2705 1720,2705 1809,2705 1899,2705 1989,2705 2078,2705 2168,2705 2257,2699 2347,2699 2436,2699 2526,2699 2616,2693 2705,2699 2795,2699 2884,2699 2932,2699"/>
                <TextEquiv>
                    <Unicode>Working as u sual Miss Paschanda,</Unicode>
                </TextEquiv>
            </TextLine>
            <TextLine id="tr_3_tl_6" custom="readingOrder {index:5;}">
                <Coords points="1349,2856 3780,2873 3780,2770 3247,2732 2895,2800 2306,2727 2001,2800 1349,2770"/>
                <Baseline points="1373,2849 1463,2855 1552,2855 1642,2855 1732,2849 1821,2855 1911,2849 2000,2849 2090,2849 2180,2849 2269,2849 2359,2855 2448,2855 2538,2849 2628,2849 2717,2843 2807,2843 2896,2849 2986,2843 3076,2843 3165,2843 3255,2849 3344,2849 3434,2849 3524,2843 3613,2843 3703,2843 3792,2849"/>
                <TextEquiv>
                    <Unicode>Why, have you got up again? What will the doctor</Unicode>
                </TextEquiv>
            </TextLine>
            <TextLine id="tr_3_tl_7" custom="readingOrder {index:6;}">
                <Coords points="958,2891 988,2886 1009,2903 1087,2869 1117,2873 1134,2891 1168,2873 1181,2886 1267,2873 1258,2719 1228,2714 1207,2740 1168,2732 1125,2762 1104,2749 1048,2753 1022,2775 953,2770"/>
                <Baseline points="979,2849 1069,2855 1158,2855 1248,2861 1278,2861"/>
                <TextEquiv>
                    <Unicode>NUR SE.</Unicode>
                </TextEquiv>
            </TextLine>
            <TextLine id="tr_3_tl_8" custom="readingOrder {index:7;}">
                <Coords points="1357,2955 1525,2989 1589,2942 1666,2946 1770,3006 1959,2938 2272,2968 2405,2942 2405,2856 1868,2882 1825,2852 1641,2895 1529,2852 1495,2882 1357,2865"/>
                <Baseline points="1379,2926 1469,2932 1558,2932 1648,2932 1738,2926 1827,2926 1917,2926 2006,2926 2096,2926 2186,2920 2275,2926 2365,2926 2413,2926"/>
                <TextEquiv>
                    <Unicode>say! Go back to bed.</Unicode>
                </TextEquiv>
            </TextLine>
            <TextLine id="tr_3_tl_9" custom="readingOrder {index:8;}">
                <Coords points="3075,3071 3127,3088 3174,3062 3204,3080 3256,3071 3277,3092 3359,3075 3406,3105 3500,3062 3573,3067 3573,2938 3535,2955 3445,2951 3393,2976 3354,2964 3333,2985 3260,2968 3204,2981 3170,2951 3075,2976"/>
                <Baseline points="3100,3028 3189,3046 3279,3046 3368,3046 3458,3046 3547,3040 3583,3034"/>
                <TextEquiv>
                    <Unicode>going for</Unicode>
                </TextEquiv>
            </TextLine>
            <TextLine id="tr_3_tl_10" custom="readingOrder {index:9;}">
                <Coords points="1477,3088 1520,3088 1533,3101 1559,3088 1593,3097 1606,3084 1628,3101 1658,3092 1688,3105 1752,3075 1778,3092 1817,3080 1821,3006 1782,2998 1770,3011 1739,2972 1718,2972 1675,3006 1641,2994 1624,3011 1606,2989 1581,2985 1546,3002 1533,2994 1508,3015 1482,3011"/>
                <Baseline points="1499,3076 1558,3070 1648,3070 1738,3058 1827,3058"/>
                <TextEquiv>
                    <Unicode>on yes</Unicode>
                </TextEquiv>
            </TextLine>
            <TextLine id="tr_3_tl_11" custom="readingOrder {index:10;}">
                <Coords points="1967,3088 1993,3088 2010,3101 2032,3088 2062,3097 2087,3084 2130,3097 2143,3092 2152,3101 2173,3088 2203,3092 2208,3006 2173,3006 2152,2985 2130,2985 2087,3019 2057,2985 2036,3006 1993,2968 1971,2968"/>
                <Baseline points="1989,3082 2036,3076 2126,3070 2215,3076"/>
                <TextEquiv>
                    <Unicode>deed</Unicode>
                </TextEquiv>
            </TextLine>
            <TextLine id="tr_3_tl_12" custom="readingOrder {index:11;}">
                <Coords points="949,3144 992,3153 1044,3127 1117,3140 1155,3114 1258,3140 1340,3127 1340,3011 1263,3006 1220,2964 1147,2998 1074,2976 949,2985"/>
                <Baseline points="973,3082 991,3082 1081,3076 1170,3082 1260,3082 1349,3076"/>
                <TextEquiv>
                    <Unicode>FLORIAN</Unicode>
                </TextEquiv>
            </TextLine>
            <TextLine id="tr_3_tl_13" custom="readingOrder {index:12;}">
                <Coords points="1349,3148 3728,3153 3689,3049 3389,3105 3037,3011 2620,2998 2160,3105 1349,3037"/>
                <Baseline points="1373,3147 1463,3153 1552,3147 1642,3153 1732,3147 1821,3147 1911,3147 2000,3147 2090,3147 2180,3147 2269,3141 2359,3147 2448,3141 2538,3147 2628,3147 2717,3147 2807,3141 2896,3147 2986,3141 3076,3141 3165,3141 3255,3141 3344,3141 3434,3147 3524,3147 3613,3141 3703,3141 3733,3147"/>
                <TextEquiv>
                    <Unicode>Of oeuree, in-faet I'm thinking of having a long</Unicode>
                </TextEquiv>
            </TextLine>
            <TextLine id="tr_3_tl_14" custom="readingOrder {index:13;}">
                <Coords points="1362,3273 3784,3247 3818,3110 1362,3178"/>
                <Baseline points="1385,3219 1409,3219 1499,3231 1588,3231 1678,3225 1768,3219 1857,3219 1947,3225 2036,3225 2126,3219 2215,3219 2305,3219 2395,3219 2484,3219 2574,3225 2663,3219 2753,3213 2843,3213 2932,3219 3022,3219 3111,3219 3201,3213 3291,3219 3380,3213 3470,3225 3559,3219 3649,3219 3739,3213 3828,3213"/>
                <TextEquiv>
                    <Unicode>sleep; but cant I be of any use to you" my pretty</Unicode>
                </TextEquiv>
            </TextLine>
            <TextLine id="tr_3_tl_15" custom="readingOrder {index:14;}">
                <Coords points="1971,3324 3217,3380 3354,3303 3475,3376 3835,3372 3835,3221 1971,3238"/>
                <Baseline points="1994,3297 2054,3297 2144,3297 2233,3297 2323,3297 2413,3297 2502,3297 2592,3297 2681,3297 2771,3297 2861,3297 2950,3303 3040,3303 3129,3303 3219,3303 3309,3297 3398,3297 3488,3297 3577,3297 3667,3291 3757,3291 3846,3285"/>
                <TextEquiv>
                    <Unicode>I don’t mean te (sleoping.) I shall you're</Unicode>
                </TextEquiv>
            </TextLine>
            <TextLine id="tr_3_tl_16" custom="readingOrder {index:15;}">
                <Coords points="1404,3354 1460,3320 1542,3346 1589,3329 1636,3337 1675,3311 1774,3333 1881,3307 1881,3234 1830,3230 1782,3251 1757,3226 1727,3247 1649,3247 1624,3230 1572,3256 1546,3243 1404,3256"/>
                <Baseline points="1427,3303 1517,3303 1606,3303 1696,3297 1785,3303 1875,3303 1893,3303"/>
                <TextEquiv>
                    <Unicode>creature?</Unicode>
                </TextEquiv>
            </TextLine>
            <TextLine id="tr_3_tl_17" custom="readingOrder {index:16;}">
                <Coords points="949,3492 1031,3509 1087,3470 1104,3479 1138,3466 1181,3488 1267,3483 1263,3342 1224,3337 1185,3367 1138,3329 1125,3346 1082,3346 1014,3384 945,3393"/>
                <Baseline points="967,3446 1057,3452 1146,3452 1236,3452 1272,3458"/>
                <TextEquiv>
                    <Unicode>NURSE.</Unicode>
                </TextEquiv>
            </TextLine>
            <TextLine id="tr_3_tl_18" custom="readingOrder {index:17;}">
                <Coords points="1362,3479 1495,3505 1538,3466 1624,3466 1748,3509 1967,3457 2156,3496 2242,3479 2242,3363 2113,3307 2036,3333 1954,3311 1834,3389 1636,3384 1581,3337 1486,3324 1362,3363"/>
                <Baseline points="1385,3458 1445,3452 1535,3452 1624,3452 1714,3452 1803,3446 1893,3446 1983,3446 2072,3446 2162,3452 2251,3452"/>
                <TextEquiv>
                    <Unicode>(takes no notice).</Unicode>
                </TextEquiv>
            </TextLine>
            <TextLine id="tr_3_tl_19" custom="readingOrder {index:18;}">
                <Coords points="945,3638 2766,3625 2766,3462 2495,3539 2336,3466 2019,3539 1855,3492 1280,3530 1125,3470 945,3539"/>
                <Baseline points="967,3595 1057,3595 1146,3595 1236,3601 1326,3601 1361,3595 1391,3601 1427,3595 1517,3595 1606,3595 1696,3595 1785,3595 1875,3589 1965,3589 2054,3589 2144,3589 2233,3589 2323,3595 2413,3595 2502,3595 2592,3595 2681,3595 2771,3595"/>
                <TextEquiv>
                    <Unicode>FLORIAN. ( slips across to Rademacher).</Unicode>
                </TextEquiv>
            </TextLine>
            <TextLine id="tr_3_tl_20" custom="readingOrder {index:19;}">
                <Coords points="1344,3745 3535,3724 3578,3582 1344,3599"/>
                <Baseline points="1367,3679 1439,3673 1529,3673 1618,3679 1708,3673 1797,3673 1887,3673 1977,3673 2066,3667 2156,3667 2245,3667 2335,3673 2425,3673 2514,3673 2604,3673 2693,3673 2783,3679 2873,3673 2962,3667 3052,3667 3141,3667 3231,3667 3321,3667 3410,3667 3500,3667 3589,3673"/>
                <TextEquiv>
                    <Unicode>Look at this, Miss Paschanda, look over here!</Unicode>
                </TextEquiv>
            </TextLine>
            <TextLine id="tr_3_tl_21" custom="readingOrder {index:20;}">
                <Coords points="1336,3853 1465,3870 1529,3823 1752,3883 1886,3831 2040,3874 2126,3844 2126,3745 2040,3724 1881,3771 1800,3728 1477,3767 1413,3732 1336,3745"/>
                <Baseline points="1361,3810 1451,3816 1541,3822 1630,3822 1720,3822 1809,3816 1899,3822 1989,3822 2078,3822 2132,3816"/>
                <TextEquiv>
                    <Unicode>Why what is it?</Unicode>
                </TextEquiv>
            </TextLine>
        </TextRegion>
        <TextRegion id="tr_2" custom="readingOrder {index:2;}">
            <Coords points="191,3772 3816,3772 3816,5672 191,5672"/>
            <TextLine id="tr_2_tl_1" custom="readingOrder {index:0;}">
                <Coords points="945,3840 988,3840 1027,3874 1061,3874 1117,3900 1147,3878 1194,3878 1215,3900 1228,3887 1263,3891 1258,3702 1211,3711 1181,3689 1134,3724 1112,3719 1065,3758 1027,3737 988,3745 966,3724 941,3724"/>
                <Baseline points="967,3822 1057,3822 1146,3822 1236,3828 1272,3828"/>
                <TextEquiv>
                    <Unicode>NURSE.</Unicode>
                </TextEquiv>
            </TextLine>
            <TextLine id="tr_2_tl_2" custom="readingOrder {index:1;}">
                <Coords points="949,3999 2409,3999 2435,3853 2130,3917 1628,3861 1550,3921 1387,3874 949,3900"/>
                <Baseline points="973,3978 1015,3972 1105,3972 1194,3978 1284,3978 1373,3978 1463,3978 1552,3972 1642,3972 1732,3978 1821,3972 1911,3972 2000,3972 2090,3966 2180,3972 2269,3966 2359,3972 2448,3972"/>
                <TextEquiv>
                    <Unicode>FLORIAN. (coming back near her)</Unicode>
                </TextEquiv>
            </TextLine>
            <TextLine id="tr_2_tl_3" custom="readingOrder {index:2;}">
                <Coords points="1357,4093 3144,4050 3483,4119 3483,3977 3402,3964 1357,3990"/>
                <Baseline points="1379,4055 1469,4055 1558,4055 1648,4049 1738,4049 1827,4055 1917,4049 2006,4049 2096,4049 2186,4049 2275,4049 2365,4049 2454,4055 2544,4049 2634,4049 2723,4049 2813,4049 2902,4049 2992,4049 3082,4043 3171,4049 3261,4049 3350,4049 3440,4049 3494,4055"/>
                <TextEquiv>
                    <Unicode>On my soul, I thought at first he was dead.</Unicode>
                </TextEquiv>
            </TextLine>
            <TextLine id="tr_2_tl_4" custom="readingOrder {index:3;}">
                <Coords points="953,4226 1027,4239 1104,4213 1134,4222 1147,4209 1190,4243 1215,4239 1246,4261 1271,4261 1271,4097 1224,4093 1190,4115 1138,4106 1091,4136 1018,4119 988,4093 953,4102"/>
                <Baseline points="979,4199 1069,4205 1158,4205 1248,4205 1278,4199"/>
                <TextEquiv>
                    <Unicode>NUR SE.</Unicode>
                </TextEquiv>
            </TextLine>
            <TextLine id="tr_2_tl_5" custom="readingOrder {index:4;}">
                <Coords points="1336,4248 1417,4218 1473,4265 1679,4274 1825,4222 1928,4278 2208,4213 2732,4226 2732,4149 2517,4093 2044,4149 1761,4097 1336,4119"/>
                <Baseline points="1361,4199 1451,4205 1541,4205 1630,4205 1720,4205 1809,4205 1899,4205 1989,4199 2078,4199 2168,4199 2257,4199 2347,4199 2436,4199 2526,4205 2616,4205 2705,4205 2741,4199"/>
                <TextEquiv>
                    <Unicode>It will last a while longer.</Unicode>
                </TextEquiv>
            </TextLine>
            <TextLine id="tr_2_tl_6" custom="readingOrder {index:5;}">
                <Coords points="949,4432 996,4428 1065,4385 1142,4415 1194,4398 1258,4432 1344,4411 1340,4261 1250,4265 1228,4248 1203,4256 1087,4222 1057,4239 1005,4231 945,4261"/>
                <Baseline points="973,4348 1063,4348 1152,4354 1242,4354 1331,4354 1355,4354"/>
                <TextEquiv>
                    <Unicode>FLORIAN.</Unicode>
                </TextEquiv>
            </TextLine>
            <TextLine id="tr_2_tl_7" custom="readingOrder {index:6;}">
                <Coords points="1357,4445 3771,4450 3810,4316 2435,4381 2087,4265 1362,4347"/>
                <Baseline points="1379,4431 1397,4426 1487,4431 1576,4431 1666,4431 1756,4431 1845,4426 1935,4426 2024,4426 2114,4431 2204,4426 2293,4426 2383,4426 2472,4420 2562,4426 2652,4426 2741,4426 2831,4426 2920,4431 3010,4426 3100,4426 3189,4426 3279,4426 3368,4426 3458,4426 3547,4426 3637,4420 3727,4420 3816,4426"/>
                <TextEquiv>
                    <Unicode>You think so do you? - - Well, Goodnight! Miss</Unicode>
                </TextEquiv>
            </TextLine>
            <TextLine id="tr_2_tl_8" custom="readingOrder {index:7;}">
                <Coords points="1336,4553 1430,4561 1499,4527 1589,4557 1727,4518 2019,4553 2083,4518 2203,4536 2259,4518 2263,4437 2027,4450 1984,4420 1735,4467 1559,4428 1340,4441"/>
                <Baseline points="1361,4509 1451,4509 1541,4509 1630,4509 1720,4509 1809,4509 1899,4503 1989,4503 2078,4509 2168,4509 2257,4509 2269,4509"/>
                <TextEquiv>
                    <Unicode>Juliana Paschanda!</Unicode>
                </TextEquiv>
            </TextLine>
            <TextLine id="tr_2_tl_9" custom="readingOrder {index:8;}">
                <Coords points="1344,4720 1782,4673 2139,4729 2409,4651 2616,4686 2693,4660 2697,4514 2500,4488 2023,4553 1727,4518 1671,4557 1482,4523 1349,4561"/>
                <Baseline points="1367,4658 1451,4658 1541,4658 1630,4658 1720,4658 1809,4652 1899,4652 1989,4652 2078,4658 2168,4652 2257,4658 2347,4652 2436,4647 2526,4647 2616,4652 2705,4641"/>
                <TextEquiv>
                    <Unicode>I am not "Miss" I am ”Mrs.”</Unicode>
                </TextEquiv>
            </TextLine>
            <TextLine id="tr_2_tl_10" custom="readingOrder {index:9;}">
                <Coords points="949,4716 1022,4694 1104,4707 1194,4677 1267,4682 1267,4544 1207,4544 1190,4531 1108,4578 949,4578"/>
                <Baseline points="973,4658 1063,4658 1152,4658 1242,4664 1272,4664"/>
                <TextEquiv>
                    <Unicode>NURSE.</Unicode>
                </TextEquiv>
            </TextLine>
            <TextLine id="tr_2_tl_11" custom="readingOrder {index:10;}">
                <Coords points="932,4840 1035,4871 1112,4823 1164,4866 1185,4853 1220,4871 1258,4845 1306,4888 1340,4883 1344,4729 1293,4737 1160,4690 1052,4720 1001,4703 936,4724"/>
                <Baseline points="961,4814 1051,4814 1140,4814 1230,4814 1320,4808 1355,4814"/>
                <TextEquiv>
                    <Unicode>FLORIAN.</Unicode>
                </TextEquiv>
            </TextLine>
            <TextLine id="tr_2_tl_12" custom="readingOrder {index:11;}">
                <Coords points="1344,4892 1426,4909 1542,4888 1572,4905 1911,4905 1911,4793 1877,4798 1812,4742 1563,4819 1499,4780 1447,4806 1344,4793"/>
                <Baseline points="1367,4879 1457,4885 1547,4891 1636,4891 1726,4891 1815,4885 1905,4885 1923,4885"/>
                <TextEquiv>
                    <Unicode>Oh, really,</Unicode>
                </TextEquiv>
            </TextLine>
            <TextLine id="tr_2_tl_13" custom="readingOrder {index:12;}">
                <Coords points="1971,4888 3415,4909 3651,4888 3651,4793 2762,4763 2483,4823 2160,4724 1971,4798"/>
                <Baseline points="1994,4879 2084,4879 2174,4885 2263,4879 2353,4879 2442,4885 2532,4885 2622,4885 2711,4885 2801,4885 2890,4885 2980,4885 3070,4885 3159,4885 3249,4885 3338,4885 3428,4885 3518,4885 3607,4885 3661,4885"/>
                <TextEquiv>
                    <Unicode>I have never had the privilege of</Unicode>
                </TextEquiv>
            </TextLine>
            <TextLine id="tr_2_tl_14" custom="readingOrder {index:13;}">
                <Coords points="1336,4995 1473,4986 1611,5034 1679,4995 2397,5021 2397,4896 2324,4879 1336,4896"/>
                <Baseline points="1361,4963 1451,4963 1541,4963 1630,4969 1720,4969 1809,4963 1899,4957 1989,4957 2078,4957 2168,4963 2257,4963 2347,4963 2407,4963"/>
                <TextEquiv>
                    <Unicode>meeting your husband.</Unicode>
                </TextEquiv>
            </TextLine>
            <TextLine id="tr_2_tl_15" custom="readingOrder {index:14;}">
                <Coords points="163,5128 198,5124 228,5154 369,5133 391,5150 550,5102 618,5137 666,5098 807,5128 812,5008 687,4978 623,4969 524,5017 447,4991 172,5004"/>
                <Baseline points="191,5124 274,5118 364,5118 453,5106 543,5100 633,5094 722,5089 812,5094"/>
                <TextEquiv>
                    <Unicode>All the better</Unicode>
                </TextEquiv>
            </TextLine>
            <TextLine id="tr_2_tl_16" custom="readingOrder {index:15;}">
                <Coords points="1336,5107 2740,5180 2912,5107 3758,5115 3711,5029 3324,4974 2929,5038 1336,4995"/>
                <Baseline points="1361,5106 1451,5106 1541,5106 1630,5112 1720,5112 1809,5112 1899,5112 1989,5106 2078,5106 2168,5106 2257,5106 2347,5106 2436,5112 2526,5112 2616,5112 2705,5106 2795,5106 2884,5106 2974,5106 3064,5106 3153,5106 3243,5106 3332,5106 3422,5106 3512,5106 3601,5106 3691,5112 3763,5118"/>
                <TextEquiv>
                    <Unicode>* I wouldnt advise you to. He is the attendant in</Unicode>
                </TextEquiv>
            </TextLine>
            <TextLine id="tr_2_tl_17" custom="readingOrder {index:16;}">
                <Coords points="945,5158 996,5180 1078,5150 1104,5158 1155,5145 1173,5163 1211,5150 1241,5180 1263,5180 1258,5025 1224,5025 1211,5038 1168,5021 1125,5047 1082,5008 1052,5021 988,4978 941,4969"/>
                <Baseline points="967,5112 1057,5112 1146,5112 1236,5118 1272,5118"/>
                <TextEquiv>
                    <Unicode>NUR SE.</Unicode>
                </TextEquiv>
            </TextLine>
            <TextLine id="tr_2_tl_18" custom="readingOrder {index:17;}">
                <Coords points="1336,5223 1413,5240 1439,5218 1512,5261 1581,5266 1727,5201 1795,5201 1855,5236 1989,5244 1984,5133 1959,5128 1572,5124 1550,5150 1456,5111 1336,5141"/>
                <Baseline points="1361,5184 1451,5190 1541,5190 1630,5190 1720,5190 1809,5190 1899,5190 1989,5190 2000,5196"/>
                <TextEquiv>
                    <Unicode>the mortuary.</Unicode>
                </TextEquiv>
            </TextLine>
            <TextLine id="tr_2_tl_19" custom="readingOrder {index:18;}">
                <Coords points="352,5291 404,5304 468,5248 554,5313 606,5291 640,5309 700,5257 756,5266 760,5150 726,5158 683,5128 640,5158 588,5120 507,5137 481,5158 447,5124 361,5137"/>
                <Baseline points="376,5232 412,5232 501,5226 591,5220 680,5214 770,5220"/>
                <TextEquiv>
                    <Unicode>for you</Unicode>
                </TextEquiv>
            </TextLine>
            <TextLine id="tr_2_tl_20" custom="readingOrder {index:19;}">
                <Coords points="928,5399 953,5395 988,5425 1018,5395 1112,5369 1173,5407 1258,5382 1297,5412 1331,5403 1327,5240 1237,5274 1194,5244 1125,5266 1078,5261 1057,5279 923,5266"/>
                <Baseline points="949,5351 1039,5345 1128,5351 1218,5351 1308,5351 1337,5351"/>
                <TextEquiv>
                    <Unicode>FLORIAN</Unicode>
                </TextEquiv>
            </TextLine>
            <TextLine id="tr_2_tl_21" custom="readingOrder {index:20;}">
                <Coords points="1336,5450 3737,5459 3780,5266 2616,5356 1336,5274"/>
                <Baseline points="1361,5417 1367,5417 1457,5417 1547,5423 1636,5423 1726,5423 1815,5417 1905,5423 1994,5417 2084,5417 2174,5417 2263,5411 2353,5411 2442,5411 2532,5411 2622,5411 2711,5405 2801,5405 2890,5411 2980,5411 3070,5405 3159,5411 3249,5411 3338,5405 3428,5411 3518,5411 3607,5411 3697,5411 3786,5411"/>
                <TextEquiv>
                    <Unicode>No thank you, no thank you. It doe ant appeal to me</Unicode>
                </TextEquiv>
            </TextLine>
            <TextLine id="tr_2_tl_22" custom="readingOrder {index:21;}">
                <Coords points="1336,5510 3664,5510 3530,5412 1336,5450"/>
                <Baseline points="1361,5501 1433,5501 1523,5501 1612,5501 1702,5501 1791,5501 1881,5495 1971,5489 2060,5495 2150,5489 2239,5489 2329,5489 2419,5489 2508,5489 2598,5489 2687,5489 2777,5489 2867,5489 2956,5489 3046,5483 3135,5489 3225,5489 3315,5483 3404,5483 3494,5489 3583,5489 3673,5489"/>
                <TextEquiv>
                    <Unicode>at all. I say, Mrsas Paschanda (confidentially)</Unicode>
                </TextEquiv>
            </TextLine>
            <TextLine id="tr_2_tl_23" custom="readingOrder {index:22;}">
                <Coords points="1336,5584 3780,5618 3780,5489 3685,5476 1336,5510"/>
                <Baseline points="1361,5572 1367,5572 1457,5578 1547,5578 1636,5572 1726,5572 1815,5566 1905,5572 1994,5572 2084,5572 2174,5566 2263,5566 2353,5572 2442,5572 2532,5572 2622,5572 2711,5566 2801,5566 2890,5566 2980,5566 3070,5572 3159,5566 3249,5566 3338,5566 3428,5566 3518,5566 3607,5566 3697,5566 3786,5566"/>
                <TextEquiv>
                    <Unicode>did you see the young lady who was good enough to</Unicode>
                </TextEquiv>
            </TextLine>
            <TextLine id="tr_2_tl_24" custom="readingOrder {index:23;}">
                <Coords points="1344,5687 1538,5725 1701,5682 1890,5725 2044,5665 2263,5721 2336,5674 2534,5742 2534,5579 1344,5579"/>
                <Baseline points="1367,5662 1379,5656 1469,5656 1558,5656 1648,5656 1738,5656 1827,5656 1917,5656 2006,5656 2096,5650 2186,5650 2275,5650 2365,5650 2454,5644 2544,5650"/>
                <TextEquiv>
                    <Unicode>visit me this afternoon?</Unicode>
                </TextEquiv>
            </TextLine>
        </TextRegion>
    </Page>
</PcGts>
