4088 6200
1791 509 2018 624 - 5 -
1213 812 3559 1009 Please, doctor, how much longer visit likely to
868 818 1150 1006 RADE.
1219 963 1485 1068 last?
1213 1045 3286 1219 Oh you must have patience a little longer.
871 1094 1130 1229 HALM.
1213 1206 3756 1351 That's not what I mean, Doctor. I mean how soon is
861 1239 1130 1400 RADE.
1222 1334 1968 1466 the end coming?
1236 1453 3779 1574 (has meanwhile sat down at the table=and is glaning
861 1453 1127 1620 TANN.
1222 1551 2363 1696 idly at the magasines).
1219 1653 3549 1784 Why what are you talking about? (To the Nurse)
864 1689 1130 1817 HALM.
1229 1788 2304 1909 Did he take hisaudrops?
864 1883 1167 2077 NUR SE.
1199 1890 2514 2074 At half past seven Doctor,
1229 2074 3832 2175 Doctor, I beg you, dont give me a conventional answer.
858 2044 1130 2208 RADE.
1213 2162 2152 2291 You must excuse me.
1249 2264 2912 2448 With some impatience, but kindly)
858 2281 1124 2438 HALM.
1213 2379 2445 2501 Not so loud, not so laud.
1213 2484 2895 2616 Please Doctor, just another word,
858 2501 1140 2652 RADE.
2951 2507 3526 2632 (resolutely)
1222 2606 3684 2708 The fact is I must know the truthl I must! For a
1219 2701 2202 2810 very special reason.
1985 2734 2701 2866 feel confident
1222 2823 3677 2915 The truth—I have the best hopes —well, in a
851 2790 1121 2974 HALM.
1249 2892 3845 3030 sense, the future is a sealed book to every one of us.
1222 2981 2304 3125 still, I can say – — —
864 3112 1114 3253 RADE.
1259 3109 3628 3214 Doctor, now supposing I had a plan of very great
1219 3207 3621 3293 importance, a matter on which other people’s fate
1213 3270 3848 3411 depended, and my own space of mind, the peace of mind
1206 3355 2008 3493 of my last hour.
858 3483 1121 3608 HALM.
1893 3477 3457 3592 Wont you explain more precisely?
1219 3477 1758 3615 Çome, come.
1236 3549 1909 3700 kindly)
1975 3579 3460 3661 And as briefly as possible, if
1190 3644 1798 3773 may a sk you.
1952 3638 3625 3746 I have still two words in front of
1505 3723 3753 3874 Imagine if everyone were so long. Now please,
1183 3733 1403 3871 me.
864 3842 1107 3990 RADE.
1199 3851 3234 3970 Doctor, there is someone whom I must see.
1199 3986 3621 4131 Well, you can write to the person in question, if
858 4006 1121 4128 HALM.
2498 4105 3526 4190 To-morrow afternoon
1199 4101 2438 4203 it would make you easier.
1222 4164 3723 4279 between four and five you can have any visitors you
1213 4259 2928 4404 like, I havent the least objection.
845 4377 1114 4515 RADE.
1199 4394 3533 4512 Doctor, that s too late—That may be too late.—
1242 4473 3612 4581 I can feel it — —— by to-morrow morning it may
1199 4555 3661 4703 be all over. I must speak to this person this very
1203 4640 1410 4775 day.
2245 4768 3385 4903 What is all this about?
848 4755 1127 4893 HALM.
1206 4762 2156 4874 Thats not possible.
3457 4732 3766 4890 If it
1163 4847 3635 4949 matters to you to that extent you would yesterday
1147 4943 1508 5048 have -
1206 5031 3421 5176 (earnestly) Doctor, you have always been very
828 5058 1101 5225 RADE.
1140 5153 3431 5255 kind to me — — I know Im rather too insistent-
1157 5232 3628 5340 but you see, Doctor, once it becomes quite certain
1157 5324 3569 5422 that to-morrowbr next day, those gentlemen in the
1140 5409 3628 5495 White coats will be aarrying you down, one gets an
1147 5481 3707 5590 idea that one may be bold and expect more than other
1134 5557 1508 5698 people.
815 5675 1091 5823 TANN-
1160 5679 2711 5843 Well, Halmschlöger, what is it?
1091 5797 1324 5948 Why
