3848 5416
3180 192 3356 396 22.
2209 312 2469 539 „ „
1450 320 1970 575 RADEMACHER
288 479 555 711 Well?
1406 619 1846 855 WEIHGAST
288 735 3232 1019 I'd rather be a peesant tilling the soil, or a shepherd, or an
276 967 3220 1187 Arctic explorer looking for the pole, anything except literary
288 1131 1870 1378 work. But it’s not too late yet.
1410 1290 1926 1470 RABEMACHER
300 1454 3092 1662 (With a strange smile) Are you going in search of the Pole?
1430 1614 1826 1806 WEIHGAST
288 1754 3328 1974 No--but next season, early in the season, a new play of mine is
300 1886 3312 2089 to be put on. Then they'll see--they'll see. I'm not so easily
296 2093 3140 2229 conquered! Just wait--just wait. And if all goes well old
296 2265 3216 2409 retend, you must be there too. I promise to send you dickets,
288 2349 3284 2549 although I must say your paper has done very little for me. It
296 2493 3316 2693 completely ignored my last two books—but then you have nothing
1770 2653 1958 2781 that
312 2685 3364 2844 to do with thatoudepartment. But.,nonsense I am talking--now tell
288 2832 3304 3024 me what it is you wanted to say to me. If it hurts you to talk
300 2956 3380 3144 loud I can move nearer—(There is a cause) My wife will be very
284 3112 3464 3336 surry to hear that our old friend Rademacher is ill in the hospital
300 3316 3512 3480 --it's nothing but your pride Rademacher--your confounded pride--
312 3484 3440 3619 but we won’t talk about that now. Anyway my wife is not in Vienna
308 3580 3428 3811 just now, she is in Aböazia. She has not been well for some time.
1286 3755 1798 3931 RADEMACHER
300 3919 1498 4131 nothing serious I hope?
1374 4035 1810 4231 WEIHGAST
312 4179 3388 4426 (Pressing his hand) Oh no thank God, no!—Ah my dear friend, then
296 4402 3296 4534 I should be bodily off indeed. It is she who gives me my belief
300 4530 3276 4698 in myself again--who gives me courage to work, desire to live,
288 4674 3364 4866 even. And the longer I live the more I see that this is the only
300 4838 2992 5102 true taoninship I can hope for. For my children—!
