3736 5368
2896 223 3149 483 15.
253 483 2987 690 oame to see you this afternoon Jackwerth – I know it. But
241 588 3047 766 what is all the ardor with which we await the coming of one
249 758 3134 977 we love compared to the longing for some one we hate, someone
230 931 3266 1135 we have hated all our lives—but have neglected to tell him so.
1079 1071 1452 1248 FLORIAN
249 1177 3017 1395 But you mustn't let yourself get so excited Mr. Rademacher.
238 1354 1437 1640 You're losing your voice.
1063 1516 1614 1769 RADEMACHER
230 1652 2885 1938 Don't sorry--once he is here I'll be well able to talk.
1113 1825 1490 2018 FLORIAN
234 1969 3115 2206 Oh you never can tell. say, listen, Mr. Rademacher. I have a
226 2157 3111 2387 suppestion to make. Suppose we have a Rehearsal? No I'm not
230 2316 3028 2538 tion—I know--that's my business. You see it all depends
230 2440 3141 2670 on how you say things. What good will it do you if you say to
223 2613 3228 2802 him"”You are a rascal and I hate you” that won’t have any effect.
230 2742 3190 2983 He'll think to himself "Let him scold, that's cheap, while he's
223 2904 3111 3168 here in bed with 103 degrees of fever and I'm walking about
226 3051 1256 3322 sm Eking a good eigar".
1150 3172 1678 3390 RADEMACHER
211 3349 3141 3628 Oh I'll have something else to say to him. No one minds being
215 3553 3221 3775 called a rascal now-a-days. But if I tell him that he was ridi-
219 3700 3092 3911 culous all his life, ridiculous in the eyes of those he loved
200 3824 2093 4096 most—he won't get over that so easily.
1222 3975 1618 4190 FLORIAN
192 4092 3141 4378 All right, talk it out.—¬ ohlk it out. Now imagine I am your
200 4288 3175 4476 retend. Here I stand, Sockets full of money, head full of con-
200 4458 3130 4722 ceit (Acting) well, here I am old friend, you have something to
189 4642 2712 4869 say to me? Well?" (In his own town) There now, go on.
