<?xml version="1.0" encoding="UTF-8" standalone="yes"?>
<PcGts xmlns="http://schema.primaresearch.org/PAGE/gts/pagecontent/2013-07-15" xmlns:xsi="http://www.w3.org/2001/XMLSchema-instance" xsi:schemaLocation="http://schema.primaresearch.org/PAGE/gts/pagecontent/2013-07-15 http://schema.primaresearch.org/PAGE/gts/pagecontent/2013-07-15/pagecontent.xsd">
    <Metadata>
        <Creator>prov=READ-COOP:name=TrHtr:version=2.1.0:model_id=51170:date=15_08_2023_04:46</Creator>
        <Created>2023-05-10T15:12:09.930+02:00</Created>
        <LastChange>2023-08-15T04:46:21.178+02:00</LastChange>
        <TranskribusMetadata docId="1428823" pageId="55431977" pageNr="59" tsid="132838978" status="IN_PROGRESS" userId="64420" imgUrl="https://files.transkribus.eu/Get?id=FJKIWNLZHWQVZKDUNICLBOJU&amp;fileType=view" xmlUrl="https://files.transkribus.eu/Get?id=UEDYDVNXVPJBUPNWHXMWMFUE" imageId="44706014"/>
    </Metadata>
    <Page imageFilename="1428823_0059.jpg" imageWidth="4296" imageHeight="5656">
        <ReadingOrder>
            <OrderedGroup id="ro_1711802905438" caption="Regions reading order">
                <RegionRefIndexed index="0" regionRef="tr_1"/>
            </OrderedGroup>
        </ReadingOrder>
        <TextRegion id="tr_1" custom="readingOrder {index:0;}">
            <Coords points="608,606 4063,606 4063,5182 608,5182"/>
            <TextLine id="tr_1_tl_1" custom="readingOrder {index:0;}">
                <Coords points="1855,703 1876,703 1884,694 1909,698 1963,740 2000,723 2017,731 2025,723 2050,727 2054,607 2029,607 2004,587 1975,587 1955,607 1905,587 1889,595 1860,587"/>
                <Baseline points="1879,662 1968,662 2058,656"/>
                <TextEquiv>
                    <Unicode>-24-</Unicode>
                </TextEquiv>
            </TextLine>
            <TextLine id="tr_1_tl_2" custom="readingOrder {index:1;}">
                <Coords points="909,893 3674,773 3736,620 2802,736 1839,752 1475,653 917,731"/>
                <Baseline points="930,859 1020,853 1109,853 1199,847 1288,841 1378,841 1467,841 1557,835 1646,835 1736,835 1771,823 1861,817 1950,811 2040,811 2129,805 2219,799 2308,799 2398,793 2487,793 2577,787 2666,787 2756,787 2845,781 2935,775 3024,769 3114,763 3203,763 3293,757 3382,757 3472,751 3561,745 3651,745 3740,745"/>
                <TextEquiv>
                    <Unicode>Lolo: I said no. It would've done no good. I as Countess!</Unicode>
                </TextEquiv>
            </TextLine>
            <TextLine id="tr_1_tl_3" custom="readingOrder {index:2;}">
                <Coords points="587,971 3546,909 3802,822 3806,719 591,884"/>
                <Baseline points="608,942 680,948 769,948 859,942 948,942 1038,936 1127,930 1217,924 1306,918 1396,918 1485,912 1575,912 1664,906 1754,900 1843,900 1933,894 2022,888 2112,883 2201,883 2291,877 2380,877 2470,871 2559,871 2649,865 2738,859 2828,859 2917,853 3006,853 3096,847 3185,841 3275,835 3364,835 3454,829 3543,829 3633,823 3722,817 3812,811"/>
                <TextEquiv>
                    <Unicode>Can you imagine that? I as your step-mama, Countess. Then we could</Unicode>
                </TextEquiv>
            </TextLine>
            <TextLine id="tr_1_tl_4" custom="readingOrder {index:3;}">
                <Coords points="583,1054 2153,992 2331,1041 2550,967 2550,901 587,971"/>
                <Baseline points="608,1038 680,1026 769,1020 859,1020 948,1020 1038,1014 1127,1014 1217,1008 1306,1002 1396,1002 1485,996 1575,996 1664,990 1754,984 1843,978 1933,978 2022,972 2112,972 2201,960 2291,960 2380,954 2470,954 2559,954"/>
                <TextEquiv>
                    <Unicode>n't be chatting together so cozily as now.</Unicode>
                </TextEquiv>
            </TextLine>
            <TextLine id="tr_1_tl_5" custom="readingOrder {index:4;}">
                <Coords points="913,1215 3025,1141 3029,1017 922,1087"/>
                <Baseline points="942,1169 978,1169 1067,1169 1157,1163 1246,1163 1336,1157 1425,1157 1515,1151 1604,1145 1694,1139 1783,1139 1873,1133 1962,1127 2052,1127 2141,1121 2231,1115 2320,1109 2410,1103 2499,1103 2589,1103 2678,1097 2768,1091 2857,1091 2947,1091 3036,1085"/>
                <TextEquiv>
                    <Unicode>Countess: If you only knew how I like you...</Unicode>
                </TextEquiv>
            </TextLine>
            <TextLine id="tr_1_tl_6" custom="readingOrder {index:5;}">
                <Coords points="917,1339 3124,1372 3740,1231 3744,1116 922,1223"/>
                <Baseline points="942,1324 978,1324 1067,1324 1157,1318 1246,1312 1336,1312 1425,1306 1515,1300 1604,1300 1694,1300 1783,1288 1873,1288 1962,1288 2052,1282 2141,1282 2231,1276 2320,1270 2410,1264 2499,1264 2589,1258 2678,1258 2768,1252 2857,1252 2947,1246 3036,1240 3126,1235 3215,1235 3305,1229 3394,1223 3484,1223 3573,1217 3663,1217 3752,1217"/>
                <TextEquiv>
                    <Unicode>Lolo: But I don't want to make myself any better than I am.</Unicode>
                </TextEquiv>
            </TextLine>
            <TextLine id="tr_1_tl_7" custom="readingOrder {index:6;}">
                <Coords points="587,1459 1079,1459 1269,1401 1872,1442 2149,1393 2153,1322 591,1347"/>
                <Baseline points="614,1419 644,1419 733,1414 823,1414 912,1408 1002,1408 1091,1402 1181,1402 1270,1390 1360,1390 1449,1390 1539,1384 1628,1378 1718,1378 1807,1372 1897,1366 1986,1366 2076,1366 2165,1366"/>
                <TextEquiv>
                    <Unicode>Who knows if I still would not...</Unicode>
                </TextEquiv>
            </TextLine>
            <TextLine id="tr_1_tl_8" custom="readingOrder {index:7;}">
                <Coords points="930,1599 1343,1624 1566,1562 1698,1566 1707,1422 1492,1451 1422,1504 1372,1475 1248,1504 1198,1471 1157,1496 934,1479"/>
                <Baseline points="954,1563 996,1557 1085,1557 1175,1557 1264,1551 1354,1545 1443,1539 1533,1539 1622,1533 1712,1533"/>
                <TextEquiv>
                    <Unicode>Countess: What?</Unicode>
                </TextEquiv>
            </TextLine>
            <TextLine id="tr_1_tl_9" custom="readingOrder {index:8;}">
                <Coords points="938,1736 3488,1649 3773,1624 3777,1496 942,1624"/>
                <Baseline points="960,1712 1008,1712 1097,1712 1187,1706 1276,1700 1366,1700 1455,1694 1545,1694 1634,1694 1724,1688 1813,1682 1903,1676 1992,1676 2082,1670 2171,1664 2261,1658 2350,1652 2440,1652 2529,1652 2619,1646 2708,1640 2798,1640 2887,1634 2977,1628 3066,1628 3156,1622 3245,1622 3335,1616 3424,1610 3514,1604 3603,1604 3693,1598 3782,1598"/>
                <TextEquiv>
                    <Unicode>Lolo: The thing is this: I've fallen so madly in love with</Unicode>
                </TextEquiv>
            </TextLine>
            <TextLine id="tr_1_tl_10" custom="readingOrder {index:9;}">
                <Coords points="1046,1806 3289,1740 3649,1707 3653,1632 1050,1727"/>
                <Baseline points="1067,1789 1157,1783 1246,1777 1336,1777 1425,1771 1515,1771 1604,1766 1694,1766 1783,1760 1873,1754 1962,1754 2052,1748 2141,1748 2231,1736 2320,1736 2410,1736 2499,1730 2589,1724 2678,1724 2768,1718 2857,1712 2947,1712 3036,1706 3126,1700 3215,1700 3305,1694 3394,1688 3484,1682 3573,1682 3663,1682"/>
                <TextEquiv>
                    <Unicode>You won’t think ill of me for that, will you? There has</Unicode>
                </TextEquiv>
            </TextLine>
            <TextLine id="tr_1_tl_11" custom="readingOrder {index:10;}">
                <Coords points="624,1901 3889,1794 3947,1670 628,1827"/>
                <Baseline points="650,1885 733,1885 823,1879 912,1879 1002,1873 1091,1873 1181,1873 1270,1861 1360,1855 1449,1855 1539,1849 1628,1849 1718,1843 1807,1837 1897,1831 1986,1831 2076,1825 2165,1825 2255,1819 2344,1813 2434,1813 2523,1813 2613,1807 2702,1801 2792,1795 2881,1789 2971,1789 3060,1783 3150,1777 3239,1771 3329,1771 3418,1771 3508,1766 3597,1760 3687,1760 3776,1754 3866,1754 3955,1754"/>
                <TextEquiv>
                    <Unicode>been nothing at all in all the eighteen years, of which I could complain</Unicode>
                </TextEquiv>
            </TextLine>
            <TextLine id="tr_1_tl_12" custom="readingOrder {index:11;}">
                <Coords points="616,1814 690,1847 719,1822 806,1822 860,1847 876,1831 950,1831 950,1674 926,1678 888,1657 806,1682 744,1641 694,1678 669,1661 616,1657"/>
                <Baseline points="638,1807 692,1801 781,1801 871,1801 960,1801"/>
                <TextEquiv>
                    <Unicode>Wasner.</Unicode>
                </TextEquiv>
            </TextLine>
            <TextLine id="tr_1_tl_13" custom="readingOrder {index:12;}">
                <Coords points="607,1971 3872,1889 3876,1798 607,1917"/>
                <Baseline points="632,1962 662,1962 751,1962 841,1956 930,1956 1020,1950 1109,1950 1199,1944 1288,1939 1378,1939 1467,1933 1557,1927 1646,1927 1736,1921 1825,1915 1915,1915 2004,1909 2094,1903 2183,1903 2273,1897 2362,1897 2452,1891 2541,1891 2631,1879 2720,1879 2810,1879 2899,1873 2989,1867 3078,1861 3168,1861 3257,1855 3347,1849 3436,1843 3526,1843 3615,1837 3705,1837 3794,1831 3884,1837"/>
                <TextEquiv>
                    <Unicode>in your father. But it is no wonder if passion cools a bit with time.</Unicode>
                </TextEquiv>
            </TextLine>
            <TextLine id="tr_1_tl_14" custom="readingOrder {index:13;}">
                <Coords points="616,2066 3331,1930 3674,2013 3847,1872 620,1996"/>
                <Baseline points="644,2040 715,2040 805,2034 894,2034 984,2034 1073,2028 1163,2022 1252,2022 1342,2016 1431,2010 1521,2004 1610,2004 1700,2004 1789,1998 1879,1992 1968,1986 2058,1986 2147,1980 2237,1980 2326,1980 2416,1968 2505,1968 2595,1962 2684,1956 2774,1956 2863,1950 2953,1944 3042,1944 3132,1939 3221,1939 3311,1933 3400,1927 3490,1927 3579,1921 3669,1915 3758,1915 3848,1915"/>
                <TextEquiv>
                    <Unicode>And rather than do anything against your father...No, no, Countess...</Unicode>
                </TextEquiv>
            </TextLine>
            <TextLine id="tr_1_tl_15" custom="readingOrder {index:14;}">
                <Coords points="616,2174 2603,2165 3108,2025 3500,2070 3542,1942 620,2066"/>
                <Baseline points="638,2129 686,2123 775,2118 865,2118 954,2112 1044,2112 1133,2100 1223,2100 1312,2100 1402,2094 1491,2094 1581,2088 1670,2082 1760,2082 1849,2076 1939,2070 2028,2070 2118,2064 2207,2058 2297,2058 2386,2052 2475,2046 2565,2052 2654,2040 2744,2034 2833,2034 2923,2028 3012,2028 3102,2022 3191,2016 3281,2010 3370,2010 3460,2004 3549,2010"/>
                <TextEquiv>
                    <Unicode>for that I owe your father xxxh too much gratitude...Heavens!</Unicode>
                </TextEquiv>
            </TextLine>
            <TextLine id="tr_1_tl_16" custom="readingOrder {index:15;}">
                <Coords points="1000,2302 1265,2273 1434,2322 1736,2240 1917,2269 2203,2223 2327,2265 2376,2236 2380,2128 1810,2178 1632,2137 1198,2186 1008,2153"/>
                <Baseline points="1026,2267 1050,2261 1139,2261 1229,2255 1318,2249 1408,2249 1497,2243 1587,2237 1676,2237 1766,2231 1855,2225 1944,2225 2034,2219 2123,2219 2213,2213 2302,2207 2392,2195"/>
                <TextEquiv>
                    <Unicode>Countess: What's the matter?</Unicode>
                </TextEquiv>
            </TextLine>
            <TextLine id="tr_1_tl_17" custom="readingOrder {index:16;}">
                <Coords points="1004,2467 1182,2480 1265,2418 1517,2467 1769,2397 1963,2451 2174,2426 2244,2475 2471,2409 2475,2298 1930,2289 1603,2364 1260,2273 1008,2360"/>
                <Baseline points="1026,2416 1050,2416 1139,2416 1229,2416 1318,2410 1408,2404 1497,2404 1587,2398 1676,2398 1766,2392 1855,2392 1944,2386 2034,2380 2123,2374 2213,2374 2302,2368 2392,2368 2481,2368"/>
                <TextEquiv>
                    <Unicode>Lolo: There he is, looking in.</Unicode>
                </TextEquiv>
            </TextLine>
            <TextLine id="tr_1_tl_18" custom="readingOrder {index:17;}">
                <Coords points="1012,2624 1149,2628 1244,2579 1360,2595 1438,2562 1504,2603 1558,2575 1736,2599 1789,2587 1794,2467 1711,2500 1471,2471 1273,2529 1203,2496 1165,2525 1079,2488 1017,2504"/>
                <Baseline points="1038,2571 1085,2571 1175,2571 1264,2565 1354,2565 1443,2559 1533,2559 1622,2553 1712,2547 1801,2553"/>
                <TextEquiv>
                    <Unicode>Countess (looks)</Unicode>
                </TextEquiv>
            </TextLine>
            <TextLine id="tr_1_tl_19" custom="readingOrder {index:18;}">
                <Coords points="1029,2789 1488,2740 1682,2806 1880,2711 2946,2670 3182,2740 3190,2579 1033,2661"/>
                <Baseline points="1056,2738 1139,2726 1229,2726 1318,2726 1408,2720 1497,2714 1587,2714 1676,2708 1766,2708 1855,2702 1944,2702 2034,2696 2123,2690 2213,2684 2302,2678 2392,2678 2481,2672 2571,2666 2660,2666 2750,2660 2839,2654 2929,2654 3018,2649 3108,2649 3197,2649"/>
                <TextEquiv>
                    <Unicode>Wasner (At the gate, raises his high silk hat)</Unicode>
                </TextEquiv>
            </TextLine>
            <TextLine id="tr_1_tl_20" custom="readingOrder {index:19;}">
                <Coords points="1029,2922 3632,2814 3761,2723 1033,2794"/>
                <Baseline points="1050,2887 1085,2887 1175,2881 1264,2881 1354,2875 1443,2869 1533,2869 1622,2863 1712,2857 1801,2851 1891,2851 1980,2845 2070,2845 2159,2839 2249,2833 2338,2833 2428,2828 2517,2828 2607,2822 2696,2816 2786,2810 2875,2810 2965,2798 3054,2798 3144,2798 3233,2792 3323,2786 3412,2786 3502,2780 3591,2780 3681,2774 3770,2774"/>
                <TextEquiv>
                    <Unicode>Lolo: Now isn't that too silly, Countess? When I see him</Unicode>
                </TextEquiv>
            </TextLine>
            <TextLine id="tr_1_tl_21" custom="readingOrder {index:20;}">
                <Coords points="669,3017 3897,2922 3901,2785 674,2872"/>
                <Baseline points="692,2983 775,2977 865,2977 954,2977 1044,2977 1133,2965 1223,2965 1312,2953 1402,2953 1491,2953 1581,2947 1670,2935 1760,2941 1849,2935 1939,2929 2028,2929 2118,2923 2207,2923 2297,2917 2386,2911 2475,2905 2565,2905 2654,2899 2744,2893 2833,2893 2923,2887 3012,2881 3102,2881 3191,2875 3281,2869 3370,2869 3460,2863 3549,2863 3639,2857 3728,2857 3818,2857 3907,2857"/>
                <TextEquiv>
                    <Unicode>suddenly like that, I always get palpitation of the heart. Yes, when</Unicode>
                </TextEquiv>
            </TextLine>
            <TextLine id="tr_1_tl_22" custom="readingOrder {index:21;}">
                <Coords points="665,3095 996,3058 1108,3137 1277,3062 2525,3029 2529,2930 669,3017"/>
                <Baseline points="686,3066 751,3060 841,3060 930,3054 1020,3048 1109,3048 1199,3048 1288,3036 1378,3036 1467,3030 1557,3036 1646,3024 1736,3018 1825,3012 1915,3012 2004,3006 2094,3001 2183,3001 2273,2995 2362,2989 2452,2989 2541,2983"/>
                <TextEquiv>
                    <Unicode>an old one gets it, then it's the worst.</Unicode>
                </TextEquiv>
            </TextLine>
            <TextLine id="tr_1_tl_23" custom="readingOrder {index:22;}">
                <Coords points="1037,3236 2033,3161 2393,3244 2661,3132 3219,3112 3372,3190 3732,3108 3732,3033 1041,3112"/>
                <Baseline points="1061,3203 1145,3197 1235,3191 1324,3191 1414,3185 1503,3185 1592,3180 1682,3174 1771,3174 1861,3168 1950,3162 2040,3156 2129,3156 2219,3156 2308,3150 2398,3144 2487,3144 2577,3138 2666,3132 2756,3132 2845,3126 2935,3126 3024,3120 3114,3114 3203,3114 3293,3108 3382,3102 3472,3102 3561,3096 3651,3096 3740,3090"/>
                <TextEquiv>
                    <Unicode>Countess: Old? You call yourself old? There can’t be a</Unicode>
                </TextEquiv>
            </TextLine>
            <TextLine id="tr_1_tl_24" custom="readingOrder {index:23;}">
                <Coords points="665,3310 806,3360 868,3310 1236,3335 1682,3265 1818,3327 2124,3261 2215,3314 2219,3186 1955,3207 1847,3161 1157,3244 669,3215"/>
                <Baseline points="686,3287 704,3293 793,3299 883,3293 972,3287 1061,3281 1151,3275 1240,3275 1330,3269 1419,3269 1509,3263 1598,3263 1688,3257 1777,3251 1867,3251 1956,3245 2046,3239 2135,3239 2225,3239"/>
                <TextEquiv>
                    <Unicode>very great difference between us.</Unicode>
                </TextEquiv>
            </TextLine>
            <TextLine id="tr_1_tl_25" custom="readingOrder {index:24;}">
                <Coords points="1033,3471 1198,3488 1384,3426 1475,3496 1884,3409 1934,3459 2153,3480 2186,3467 2194,3302 1951,3285 1698,3368 1037,3376"/>
                <Baseline points="1056,3436 1127,3430 1217,3430 1306,3424 1396,3424 1485,3418 1575,3418 1664,3412 1754,3412 1843,3412 1933,3406 2022,3400 2112,3394 2201,3394"/>
                <TextEquiv>
                    <Unicode>Lolo: Well yes. (Grök)</Unicode>
                </TextEquiv>
            </TextLine>
            <TextLine id="tr_1_tl_26" custom="readingOrder {index:25;}">
                <Coords points="1050,3612 4050,3558 4058,3376 3033,3356 2455,3508 1054,3529"/>
                <Baseline points="1073,3591 1109,3591 1199,3585 1288,3585 1378,3579 1467,3579 1557,3573 1646,3567 1736,3567 1825,3561 1915,3561 2004,3555 2094,3543 2183,3543 2273,3543 2362,3543 2452,3537 2541,3532 2631,3526 2720,3526 2810,3520 2899,3514 2989,3514 3078,3508 3168,3508 3257,3502 3347,3502 3436,3496 3526,3496 3615,3490 3705,3484 3794,3484 3884,3478 3973,3484 4063,3490"/>
                <TextEquiv>
                    <Unicode>Countess: I am thirty-seven. But don't look so sympathically,</Unicode>
                </TextEquiv>
            </TextLine>
            <TextLine id="tr_1_tl_27" custom="readingOrder {index:26;}">
                <Coords points="1062,3694 1169,3748 1463,3661 2347,3682 2480,3628 2744,3645 2748,3562 1066,3612"/>
                <Baseline points="1085,3675 1145,3669 1235,3669 1324,3663 1414,3663 1503,3657 1592,3651 1682,3651 1771,3645 1861,3645 1950,3639 2040,3633 2129,3633 2219,3627 2308,3621 2398,3621 2487,3615 2577,3609 2666,3609 2756,3609"/>
                <TextEquiv>
                    <Unicode>There is no cause. absolutely none.</Unicode>
                </TextEquiv>
            </TextLine>
            <TextLine id="tr_1_tl_28" custom="readingOrder {index:27;}">
                <Coords points="682,3707 731,3707 769,3736 802,3723 822,3744 847,3723 876,3728 888,3715 909,3732 926,3715 971,3715 979,3554 946,3550 926,3566 897,3558 872,3570 855,3562 789,3591 686,3591"/>
                <Baseline points="704,3693 715,3687 805,3687 894,3681 984,3681"/>
                <TextEquiv>
                    <Unicode>at me.</Unicode>
                </TextEquiv>
            </TextLine>
            <TextLine id="tr_1_tl_29" custom="readingOrder {index:28;}">
                <Coords points="1062,3864 3694,3769 3880,3736 3885,3645 1066,3728"/>
                <Baseline points="1085,3824 1115,3824 1205,3824 1294,3818 1384,3812 1473,3812 1563,3812 1652,3806 1742,3800 1831,3800 1921,3794 2010,3788 2100,3788 2189,3782 2279,3776 2368,3776 2458,3770 2547,3764 2637,3764 2726,3758 2816,3752 2905,3752 2995,3746 3084,3746 3174,3740 3263,3734 3353,3728 3442,3728 3532,3722 3621,3722 3711,3722 3800,3716 3889,3711"/>
                <TextEquiv>
                    <Unicode>Lolo: (comforted) One hours all sorts of tales, Countess...I</Unicode>
                </TextEquiv>
            </TextLine>
            <TextLine id="tr_1_tl_30" custom="readingOrder {index:29;}">
                <Coords points="682,3942 2649,3922 3641,3839 3645,3740 686,3835"/>
                <Baseline points="704,3925 787,3919 877,3919 966,3913 1056,3913 1145,3901 1235,3901 1324,3895 1414,3895 1503,3884 1592,3889 1682,3884 1771,3884 1861,3878 1950,3872 2040,3872 2129,3866 2219,3860 2308,3860 2398,3860 2487,3854 2577,3848 2666,3842 2756,3836 2845,3836 2935,3830 3024,3824 3114,3824 3203,3818 3293,3812 3382,3812 3472,3806 3561,3806 3651,3800"/>
                <TextEquiv>
                    <Unicode>naturally didn't believe them. Well, thank the Lord, that it’s</Unicode>
                </TextEquiv>
            </TextLine>
            <TextLine id="tr_1_tl_31" custom="readingOrder {index:30;}">
                <Coords points="698,4042 831,4054 893,4009 922,4033 1281,4021 1318,4046 1459,3988 1496,4021 1591,4025 1595,3947 1488,3905 1302,3938 703,3947"/>
                <Baseline points="721,4003 799,4003 888,4003 978,3997 1067,3985 1157,3985 1246,3979 1336,3979 1425,3973 1515,3973 1604,3973"/>
                <TextEquiv>
                    <Unicode>true. (press hands)</Unicode>
                </TextEquiv>
            </TextLine>
            <TextLine id="tr_1_tl_32" custom="readingOrder {index:31;}">
                <Coords points="1062,4141 2050,4190 2360,4095 3889,4083 3918,3955 1066,4037"/>
                <Baseline points="1085,4140 1151,4134 1240,4134 1330,4128 1419,4122 1509,4128 1598,4116 1688,4110 1777,4116 1867,4110 1956,4110 2046,4104 2135,4098 2225,4092 2314,4092 2404,4092 2493,4086 2583,4080 2672,4074 2762,4074 2851,4068 2941,4063 3030,4057 3120,4057 3209,4057 3299,4051 3388,4045 3478,4045 3567,4039 3657,4039 3746,4033 3836,4033 3925,4039"/>
                <TextEquiv>
                    <Unicode>Countess: I should like toiengratulate your fiance at once,</Unicode>
                </TextEquiv>
            </TextLine>
            <TextLine id="tr_1_tl_33" custom="readingOrder {index:32;}">
                <Coords points="682,4277 975,4252 1112,4290 1273,4223 1331,4252 1430,4223 1504,4273 1620,4215 1789,4252 1839,4240 1843,4132 1327,4145 1260,4182 1095,4149 1025,4182 946,4116 690,4145"/>
                <Baseline points="709,4236 775,4236 865,4230 954,4230 1044,4224 1133,4218 1223,4218 1312,4212 1402,4212 1491,4206 1581,4200 1670,4200 1760,4194 1849,4200"/>
                <TextEquiv>
                    <Unicode>if you will allow me to.</Unicode>
                </TextEquiv>
            </TextLine>
            <TextLine id="tr_1_tl_34" custom="readingOrder {index:33;}">
                <Coords points="1074,4397 3955,4343 3996,4145 1079,4273"/>
                <Baseline points="1097,4373 1133,4373 1223,4373 1312,4367 1402,4361 1491,4355 1581,4355 1670,4355 1760,4349 1849,4349 1939,4343 2028,4337 2118,4337 2207,4331 2297,4325 2386,4325 2475,4319 2565,4319 2654,4319 2744,4313 2833,4307 2923,4301 3012,4301 3102,4295 3191,4289 3281,4283 3370,4283 3460,4277 3549,4277 3639,4277 3728,4271 3818,4265 3907,4265 3997,4265"/>
                <TextEquiv>
                    <Unicode>Lolo: Now if that isn’tleherming...But if the Count...perhaps</Unicode>
                </TextEquiv>
            </TextLine>
            <TextLine id="tr_1_tl_35" custom="readingOrder {index:34;}">
                <Coords points="690,4529 810,4504 884,4533 1017,4475 1091,4500 1269,4451 1355,4488 1409,4467 1479,4496 1529,4459 1661,4484 1665,4385 1364,4376 1252,4414 955,4352 847,4397 698,4393"/>
                <Baseline points="715,4474 775,4474 865,4462 954,4462 1044,4456 1133,4456 1223,4456 1312,4450 1402,4444 1491,4444 1581,4438 1670,4438"/>
                <TextEquiv>
                    <Unicode>he wouldn't like it.</Unicode>
                </TextEquiv>
            </TextLine>
            <TextLine id="tr_1_tl_36" custom="readingOrder {index:35;}">
                <Coords points="1091,4624 2971,4620 3868,4521 3872,4442 1091,4537"/>
                <Baseline points="1115,4605 1193,4605 1282,4605 1372,4599 1461,4599 1551,4594 1640,4588 1730,4588 1819,4582 1909,4576 1998,4576 2088,4570 2177,4564 2267,4564 2356,4558 2446,4552 2535,4552 2625,4552 2714,4546 2804,4546 2893,4546 2983,4540 3072,4534 3162,4528 3251,4528 3341,4522 3430,4516 3520,4516 3609,4516 3699,4510 3788,4510 3878,4504"/>
                <TextEquiv>
                    <Unicode>Countess: Dear Miss Lolo, I have always been accustomed to</Unicode>
                </TextEquiv>
            </TextLine>
            <TextLine id="tr_1_tl_37" custom="readingOrder {index:36;}">
                <Coords points="682,4732 2645,4736 2653,4566 686,4641"/>
                <Baseline points="709,4695 781,4695 871,4689 960,4683 1050,4683 1139,4683 1229,4683 1318,4677 1408,4677 1497,4677 1587,4671 1676,4659 1766,4659 1855,4653 1944,4653 2034,4647 2123,4647 2213,4641 2302,4641 2392,4635 2481,4635 2571,4635 2660,4635"/>
                <TextEquiv>
                    <Unicode>do what I please. (Both to the entrance)</Unicode>
                </TextEquiv>
            </TextLine>
            <TextLine id="tr_1_tl_38" custom="readingOrder {index:37;}">
                <Coords points="1095,4831 3864,4823 3864,4670 1099,4748"/>
                <Baseline points="1121,4808 1187,4802 1276,4802 1366,4796 1455,4796 1545,4796 1634,4790 1724,4790 1813,4790 1903,4790 1992,4784 2082,4784 2171,4784 2261,4784 2350,4778 2440,4778 2529,4778 2619,4778 2708,4778 2798,4778 2887,4772 2977,4767 3066,4767 3156,4767 3245,4767 3335,4761 3424,4761 3514,4761 3603,4755 3693,4755 3782,4755 3872,4761"/>
                <TextEquiv>
                    <Unicode>Wasner: How do you do, Countess.... (In the meantime Count,</Unicode>
                </TextEquiv>
            </TextLine>
            <TextLine id="tr_1_tl_39" custom="readingOrder {index:38;}">
                <Coords points="711,4914 1260,4876 1496,4893 1562,4947 1889,4876 2236,4947 2240,4781 2170,4827 1512,4794 1240,4835 711,4790"/>
                <Baseline points="733,4880 817,4880 906,4874 996,4874 1085,4874 1175,4874 1264,4874 1354,4868 1443,4868 1533,4868 1622,4868 1712,4868 1801,4862 1891,4862 1980,4856 2070,4856 2159,4862 2249,4862"/>
                <TextEquiv>
                    <Unicode>Prince and Philip again appear).</Unicode>
                </TextEquiv>
            </TextLine>
            <TextLine id="tr_1_tl_40" custom="readingOrder {index:39;}">
                <Coords points="1099,5046 2694,5050 2798,5033 2802,4918 1103,4942"/>
                <Baseline points="1121,5029 1199,5029 1288,5029 1378,5029 1467,5023 1557,5023 1646,5017 1736,5023 1825,5023 1915,5017 2004,5017 2094,5017 2183,5011 2273,5011 2362,5011 2452,5011 2541,5011 2631,5011 2720,5005 2810,5005"/>
                <TextEquiv>
                    <Unicode>Count: (To the Prince) Lock at that.</Unicode>
                </TextEquiv>
            </TextLine>
            <TextLine id="tr_1_tl_41" custom="readingOrder {index:40;}">
                <Coords points="1103,5219 1917,5190 2194,5261 2773,5149 3128,5223 3496,5149 3500,5046 1103,5083"/>
                <Baseline points="1127,5172 1181,5172 1270,5166 1360,5166 1449,5160 1539,5160 1628,5160 1718,5154 1807,5154 1897,5154 1986,5148 2076,5148 2165,5148 2255,5148 2344,5142 2434,5142 2523,5142 2613,5142 2702,5136 2792,5136 2881,5136 2971,5136 3060,5130 3150,5130 3239,5130 3329,5130 3418,5130 3508,5136"/>
                <TextEquiv>
                    <Unicode>Wasner: Good day, Count; how do you do, Excellency.</Unicode>
                </TextEquiv>
            </TextLine>
        </TextRegion>
    </Page>
</PcGts>
