<?xml version="1.0" encoding="UTF-8" standalone="yes"?>
<PcGts xmlns="http://schema.primaresearch.org/PAGE/gts/pagecontent/2013-07-15" xmlns:xsi="http://www.w3.org/2001/XMLSchema-instance" xsi:schemaLocation="http://schema.primaresearch.org/PAGE/gts/pagecontent/2013-07-15 http://schema.primaresearch.org/PAGE/gts/pagecontent/2013-07-15/pagecontent.xsd">
    <Metadata>
        <Creator>prov=READ-COOP:name=TrHtr:version=2.1.0:model_id=51170:date=15_08_2023_04:46</Creator>
        <Created>2023-05-10T15:12:09.091+02:00</Created>
        <LastChange>2023-08-15T04:46:19.392+02:00</LastChange>
        <TranskribusMetadata docId="1428823" pageId="55431904" pageNr="53" tsid="132838972" status="IN_PROGRESS" userId="64420" imgUrl="https://files.transkribus.eu/Get?id=EHMPRMTCGTHRBGSPVRFZDXGF&amp;fileType=view" xmlUrl="https://files.transkribus.eu/Get?id=SHVLAKVCGQLGZOPPEKOUQCUE" imageId="44705941"/>
    </Metadata>
    <Page imageFilename="1428823_0053.jpg" imageWidth="4344" imageHeight="5672">
        <ReadingOrder>
            <OrderedGroup id="ro_1711802889873" caption="Regions reading order">
                <RegionRefIndexed index="0" regionRef="tr_2"/>
                <RegionRefIndexed index="1" regionRef="tr_1"/>
                <RegionRefIndexed index="2" regionRef="tr_3"/>
            </OrderedGroup>
        </ReadingOrder>
        <TextRegion id="tr_2" custom="readingOrder {index:0;}">
            <Coords points="423,547 3904,547 3904,1980 423,1980"/>
            <TextLine id="tr_2_tl_1" custom="readingOrder {index:0;}">
                <Coords points="1849,627 1893,649 1911,640 1933,657 1950,644 1986,640 2025,653 2047,640 2096,662 2100,485 2078,481 2047,494 2021,477 1986,481 1941,450 1933,459 1911,446 1889,463 1853,454"/>
                <Baseline points="1874,603 1928,608 2018,603 2107,597"/>
                <TextEquiv>
                    <Unicode>-18-</Unicode>
                </TextEquiv>
            </TextLine>
            <TextLine id="tr_2_tl_2" custom="readingOrder {index:1;}">
                <Coords points="649,847 794,830 1143,865 1213,821 1350,807 1408,847 1487,843 1491,635 1355,662 1271,719 1033,697 984,732 905,688 649,697"/>
                <Baseline points="674,794 692,788 782,794 871,788 961,788 1050,788 1140,782 1229,782 1319,782 1409,782 1498,776"/>
                <TextEquiv>
                    <Unicode>Countess (laughs).</Unicode>
                </TextEquiv>
            </TextLine>
            <TextLine id="tr_2_tl_3" custom="readingOrder {index:2;}">
                <Coords points="657,966 3896,935 3901,852 657,874"/>
                <Baseline points="680,943 770,943 859,943 949,943 1038,937 1128,937 1217,931 1307,931 1397,931 1486,931 1576,931 1665,925 1755,925 1844,925 1934,919 2024,919 2113,919 2203,919 2292,913 2382,913 2471,913 2561,913 2650,907 2740,907 2830,907 2919,895 3009,901 3098,901 3188,895 3277,895 3367,895 3456,889 3546,889 3636,889 3725,889 3815,889 3904,895"/>
                <TextEquiv>
                    <Unicode>Philip: That's still left over from my exams. When I'm as old as...</Unicode>
                </TextEquiv>
            </TextLine>
            <TextLine id="tr_2_tl_4" custom="readingOrder {index:3;}">
                <Coords points="424,1041 3733,935 424,949"/>
                <Baseline points="447,1026 513,1020 603,1026 692,1026 782,1020 871,1020 961,1014 1050,1014 1140,1009 1229,1009 1319,1009 1409,1009 1498,1009 1588,1009 1677,1009 1767,1003 1856,997 1946,991 2035,991 2125,991 2215,991 2304,997 2394,991 2483,991 2573,985 2662,985 2752,985 2841,985 2931,979 3021,973 3110,979 3200,979 3289,979 3379,979 3468,979 3558,973 3647,973 3737,985"/>
                <TextEquiv>
                    <Unicode>(Stops) Pardon me...I only mean—next year it'11 all be gone. That</Unicode>
                </TextEquiv>
            </TextLine>
            <TextLine id="tr_2_tl_5" custom="readingOrder {index:4;}">
                <Coords points="410,1130 3755,1121 3782,1010 410,1037"/>
                <Baseline points="435,1104 477,1098 567,1104 656,1104 746,1098 835,1098 925,1092 1014,1092 1104,1092 1194,1086 1283,1086 1373,1086 1462,1086 1552,1086 1641,1092 1731,1086 1821,1080 1910,1080 2000,1074 2089,1074 2179,1074 2268,1074 2358,1074 2447,1074 2537,1074 2627,1074 2716,1074 2806,1068 2895,1056 2985,1056 3074,1056 3164,1056 3253,1050 3343,1056 3433,1050 3522,1050 3612,1044 3701,1044 3791,1050"/>
                <TextEquiv>
                    <Unicode>Kaiser Leopold was such a good friend of ours. I naturally did not know</Unicode>
                </TextEquiv>
            </TextLine>
            <TextLine id="tr_2_tl_6" custom="readingOrder {index:5;}">
                <Coords points="410,1191 556,1231 613,1200 896,1240 980,1200 1050,1236 1134,1200 1315,1240 1588,1209 1593,1121 1138,1103 905,1138 728,1094 644,1143 415,1134"/>
                <Baseline points="435,1182 441,1176 531,1182 620,1176 710,1176 800,1176 889,1176 979,1176 1068,1170 1158,1170 1247,1170 1337,1170 1426,1164 1516,1164 1606,1170"/>
                <TextEquiv>
                    <Unicode>when I learned his dates.</Unicode>
                </TextEquiv>
            </TextLine>
            <TextLine id="tr_2_tl_7" custom="readingOrder {index:6;}">
                <Coords points="697,1363 3424,1355 3715,1324 3720,1205 697,1236"/>
                <Baseline points="722,1337 770,1331 859,1331 949,1325 1038,1325 1128,1325 1217,1325 1307,1325 1397,1319 1486,1319 1576,1319 1665,1319 1755,1313 1844,1313 1934,1313 2024,1313 2113,1307 2203,1307 2292,1307 2382,1307 2471,1301 2561,1307 2650,1301 2740,1295 2830,1295 2919,1295 3009,1295 3098,1295 3188,1289 3277,1289 3367,1289 3456,1283 3546,1283 3636,1289 3725,1283"/>
                <TextEquiv>
                    <Unicode>Countess: This nd iscovery seems to amuse you euormously, Philip.</Unicode>
                </TextEquiv>
            </TextLine>
            <TextLine id="tr_2_tl_8" custom="readingOrder {index:7;}">
                <Coords points="684,1518 2612,1553 3226,1447 3587,1549 3839,1465 3843,1328 688,1363"/>
                <Baseline points="710,1480 716,1486 806,1492 895,1486 985,1486 1074,1480 1164,1480 1253,1480 1343,1480 1432,1480 1522,1480 1612,1480 1701,1474 1791,1474 1880,1468 1970,1468 2059,1468 2149,1468 2238,1468 2328,1462 2418,1468 2507,1462 2597,1468 2686,1462 2776,1456 2865,1450 2955,1450 3044,1450 3134,1450 3224,1444 3313,1444 3403,1444 3492,1444 3582,1438 3671,1438 3761,1438 3850,1426"/>
                <TextEquiv>
                    <Unicode>Philip: Discovery...But frankly speaking, it was not really a dis¬</Unicode>
                </TextEquiv>
            </TextLine>
            <TextLine id="tr_2_tl_9" custom="readingOrder {index:8;}">
                <Coords points="406,1619 1672,1566 1853,1611 1884,1474 816,1536 688,1483 406,1536"/>
                <Baseline points="429,1570 459,1570 549,1570 638,1570 728,1576 817,1570 907,1564 997,1564 1086,1564 1176,1558 1265,1558 1355,1558 1444,1558 1534,1552 1623,1552 1713,1552 1803,1552 1892,1558"/>
                <TextEquiv>
                    <Unicode>covery. (Look at the prince.)</Unicode>
                </TextEquiv>
            </TextLine>
            <TextLine id="tr_2_tl_10" custom="readingOrder {index:9;}">
                <Coords points="728,1739 896,1791 1015,1739 1218,1769 1456,1721 1562,1752 1611,1734 1611,1615 1465,1672 1337,1606 1213,1668 962,1628 834,1677 728,1664"/>
                <Baseline points="752,1719 817,1719 907,1725 997,1719 1086,1713 1176,1719 1265,1719 1355,1713 1444,1713 1534,1713 1623,1713"/>
                <TextEquiv>
                    <Unicode>Prince: Go[n]go on.</Unicode>
                </TextEquiv>
            </TextLine>
            <TextLine id="tr_2_tl_11" custom="readingOrder {index:10;}">
                <Coords points="741,1911 3808,1906 3808,1752 3442,1712 2286,1703 1646,1831 741,1747"/>
                <Baseline points="764,1874 776,1874 865,1880 955,1880 1044,1874 1134,1868 1223,1868 1313,1868 1403,1868 1492,1868 1582,1868 1671,1868 1761,1862 1850,1862 1940,1862 2029,1856 2119,1862 2209,1850 2298,1856 2388,1850 2477,1850 2567,1844 2656,1844 2746,1838 2836,1838 2925,1838 3015,1838 3104,1838 3194,1838 3283,1838 3373,1838 3462,1832 3552,1832 3642,1832 3731,1826 3821,1832"/>
                <TextEquiv>
                    <Unicode>Philip: Well then, Countess, do you know – I have always had the</Unicode>
                </TextEquiv>
            </TextLine>
            <TextLine id="tr_2_tl_12" custom="readingOrder {index:11;}">
                <Coords points="397,1977 1950,1955 2224,2012 2480,1968 2484,1880 397,1893"/>
                <Baseline points="423,1970 429,1970 519,1970 608,1964 698,1964 788,1964 877,1958 967,1958 1056,1958 1146,1952 1235,1952 1325,1952 1415,1952 1504,1946 1594,1946 1683,1946 1773,1940 1862,1940 1952,1940 2041,1934 2131,1934 2221,1934 2310,1934 2400,1928 2489,1934"/>
                <TextEquiv>
                    <Unicode>feeling that I was not born Philip Radeiner.</Unicode>
                </TextEquiv>
            </TextLine>
        </TextRegion>
        <TextRegion id="tr_1" custom="readingOrder {index:1;}">
            <Coords points="429,2009 3827,2009 3827,4177 429,4177"/>
            <TextLine id="tr_1_tl_1" custom="readingOrder {index:0;}">
                <Coords points="746,2162 3098,2153 3548,2012 746,2039"/>
                <Baseline points="770,2119 782,2113 871,2113 961,2113 1050,2113 1140,2107 1229,2107 1319,2107 1409,2107 1498,2107 1588,2101 1677,2101 1767,2095 1856,2095 1946,2089 2035,2095 2125,2095 2215,2089 2304,2089 2394,2089 2483,2089 2573,2083 2662,2083 2752,2083 2841,2083 2931,2083 3021,2077 3110,2077 3200,2071 3289,2071 3379,2071 3468,2071 3558,2059"/>
                <TextEquiv>
                    <Unicode>Countess: Radeiner? (To the Prince) Under this name....?</Unicode>
                </TextEquiv>
            </TextLine>
            <TextLine id="tr_1_tl_2" custom="readingOrder {index:1;}">
                <Coords points="741,2281 807,2281 962,2339 1134,2264 1183,2290 1311,2299 1315,2140 1209,2153 1183,2131 1134,2136 1046,2197 997,2180 971,2206 931,2180 896,2206 830,2180 741,2193"/>
                <Baseline points="764,2268 853,2274 943,2274 1032,2268 1122,2262 1212,2268 1301,2268 1319,2268"/>
                <TextEquiv>
                    <Unicode>Prince: Yes.</Unicode>
                </TextEquiv>
            </TextLine>
            <TextLine id="tr_1_tl_3" custom="readingOrder {index:2;}">
                <Coords points="741,2436 3658,2414 3764,2312 741,2343"/>
                <Baseline points="764,2424 817,2424 907,2424 997,2424 1086,2424 1176,2418 1265,2418 1355,2418 1444,2418 1534,2418 1623,2412 1713,2406 1803,2406 1892,2406 1982,2406 2071,2406 2161,2412 2250,2400 2340,2400 2430,2400 2519,2394 2609,2394 2698,2394 2788,2394 2877,2394 2967,2388 3056,2388 3146,2388 3236,2382 3325,2382 3415,2382 3504,2382 3594,2382 3683,2376 3773,2370"/>
                <TextEquiv>
                    <Unicode>Philip: Natural I was very pleased when my suspicion was con¬</Unicode>
                </TextEquiv>
            </TextLine>
            <TextLine id="tr_1_tl_4" custom="readingOrder {index:3;}">
                <Coords points="406,2542 3821,2528 3821,2378 406,2436"/>
                <Baseline points="429,2513 513,2513 603,2513 692,2513 782,2507 871,2501 961,2501 1050,2501 1140,2501 1229,2495 1319,2495 1409,2495 1498,2495 1588,2489 1677,2489 1767,2483 1856,2483 1946,2483 2035,2483 2125,2477 2215,2477 2304,2477 2394,2477 2483,2477 2573,2471 2662,2471 2752,2471 2841,2471 2931,2465 3021,2465 3110,2471 3200,2465 3289,2459 3379,2459 3468,2459 3558,2459 3647,2453 3737,2453 3827,2453"/>
                <TextEquiv>
                    <Unicode>fimed; but I had always known it. One isn’t born blind, you know. And</Unicode>
                </TextEquiv>
            </TextLine>
            <TextLine id="tr_1_tl_5" custom="readingOrder {index:4;}">
                <Coords points="410,2621 3671,2564 3698,2475 415,2537"/>
                <Baseline points="441,2591 483,2591 573,2591 662,2591 752,2585 841,2585 931,2579 1020,2579 1110,2579 1200,2579 1289,2573 1379,2573 1468,2573 1558,2573 1647,2573 1737,2567 1826,2567 1916,2561 2006,2567 2095,2561 2185,2561 2274,2555 2364,2555 2453,2555 2543,2555 2633,2549 2722,2549 2812,2549 2901,2549 2991,2543 3080,2543 3170,2543 3259,2543 3349,2537 3439,2537 3528,2537 3618,2537 3707,2543"/>
                <TextEquiv>
                    <Unicode>some of them in school suspected...that I..Don't you think, Countess,</Unicode>
                </TextEquiv>
            </TextLine>
            <TextLine id="tr_1_tl_6" custom="readingOrder {index:5;}">
                <Coords points="415,2683 3173,2665 3667,2639 3671,2550 415,2617"/>
                <Baseline points="441,2668 459,2668 549,2668 638,2668 728,2662 817,2662 907,2656 997,2656 1086,2656 1176,2650 1265,2650 1355,2650 1444,2650 1534,2650 1623,2650 1713,2644 1803,2644 1892,2644 1982,2638 2071,2638 2161,2633 2250,2633 2340,2633 2430,2627 2519,2627 2609,2627 2698,2627 2788,2627 2877,2627 2967,2621 3056,2621 3146,2621 3236,2621 3325,2615 3415,2615 3504,2615 3594,2609 3683,2609"/>
                <TextEquiv>
                    <Unicode>that this fable that Prince Ravenstein went to Krems to inquire about</Unicode>
                </TextEquiv>
            </TextLine>
            <TextLine id="tr_1_tl_7" custom="readingOrder {index:6;}">
                <Coords points="415,2767 3706,2648 415,2683"/>
                <Baseline points="441,2734 495,2746 585,2746 674,2746 764,2746 853,2740 943,2740 1032,2734 1122,2734 1212,2728 1301,2734 1391,2728 1480,2728 1570,2728 1659,2722 1749,2722 1838,2722 1928,2716 2018,2716 2107,2716 2197,2716 2286,2710 2376,2704 2465,2704 2555,2704 2644,2704 2734,2704 2824,2704 2913,2698 3003,2698 3092,2698 3182,2698 3271,2692 3361,2692 3450,2692 3540,2692 3630,2686 3719,2680"/>
                <TextEquiv>
                    <Unicode>the progress of the son of a dead friend—that that was a little rom¬</Unicode>
                </TextEquiv>
            </TextLine>
            <TextLine id="tr_1_tl_8" custom="readingOrder {index:7;}">
                <Coords points="428,2846 3773,2820 3804,2700 428,2758"/>
                <Baseline points="453,2824 501,2824 591,2824 680,2824 770,2824 859,2818 949,2818 1038,2818 1128,2812 1217,2812 1307,2812 1397,2812 1486,2806 1576,2806 1665,2806 1755,2800 1844,2800 1934,2800 2024,2800 2113,2794 2203,2794 2292,2794 2382,2788 2471,2788 2561,2788 2650,2788 2740,2800 2830,2782 2919,2782 3009,2782 3098,2788 3188,2776 3277,2776 3367,2776 3456,2770 3546,2770 3636,2770 3725,2770 3815,2770"/>
                <TextEquiv>
                    <Unicode>antic....Dime novel.... And the been ones saw quite clearly, that princely</Unicode>
                </TextEquiv>
            </TextLine>
            <TextLine id="tr_1_tl_9" custom="readingOrder {index:8;}">
                <Coords points="424,2934 2436,2873 2775,2952 3234,2815 424,2842"/>
                <Baseline points="447,2907 471,2907 561,2901 650,2901 740,2901 829,2895 919,2895 1009,2895 1098,2895 1188,2895 1277,2889 1367,2889 1456,2889 1546,2889 1635,2883 1725,2883 1815,2877 1904,2877 1994,2877 2083,2877 2173,2871 2262,2871 2352,2871 2441,2871 2531,2871 2621,2871 2710,2871 2800,2865 2889,2865 2979,2859 3068,2859 3158,2859 3247,2859"/>
                <TextEquiv>
                    <Unicode> 25.10. And since I was one of^keenest...</Unicode>
                </TextEquiv>
            </TextLine>
            <TextLine id="tr_1_tl_10" custom="readingOrder {index:9;}">
                <Coords points="750,3080 3601,3102 3627,2930 750,2978"/>
                <Baseline points="776,3056 859,3050 949,3050 1038,3050 1128,3050 1217,3044 1307,3044 1397,3044 1486,3044 1576,3038 1665,3038 1755,3038 1844,3038 1934,3038 2024,3033 2113,3033 2203,3033 2292,3033 2382,3027 2471,3027 2561,3027 2650,3027 2740,3021 2830,3021 2919,3015 3009,3015 3098,3015 3188,3015 3277,3015 3367,3015 3456,3009 3546,3009 3636,3003"/>
                <TextEquiv>
                    <Unicode>Countess: Yes, it really seems...What plans have you for the</Unicode>
                </TextEquiv>
            </TextLine>
            <TextLine id="tr_1_tl_11" custom="readingOrder {index:10;}">
                <Coords points="415,3199 587,3177 649,3208 710,3155 838,3142 953,3195 1037,3168 1147,3203 1152,3062 830,3062 768,3106 657,3071 609,3084 552,3040 419,3058"/>
                <Baseline points="441,3140 531,3140 620,3140 710,3140 800,3134 889,3134 979,3134 1068,3134 1158,3134"/>
                <TextEquiv>
                    <Unicode>future, Philip?</Unicode>
                </TextEquiv>
            </TextLine>
            <TextLine id="tr_1_tl_12" custom="readingOrder {index:11;}">
                <Coords points="1174,3309 3782,3274 3782,3155 3605,3146 1178,3208"/>
                <Baseline points="1200,3283 1283,3277 1373,3277 1462,3277 1552,3277 1641,3271 1731,3265 1821,3271 1910,3265 2000,3265 2089,3265 2179,3259 2268,3265 2358,3265 2447,3265 2537,3259 2627,3253 2716,3253 2806,3253 2895,3253 2985,3247 3074,3247 3164,3247 3253,3247 3343,3247 3433,3241 3522,3241 3612,3247 3701,3241 3791,3241"/>
                <TextEquiv>
                    <Unicode>In October I shall have my year with the volunteers, in</Unicode>
                </TextEquiv>
            </TextLine>
            <TextLine id="tr_1_tl_13" custom="readingOrder {index:12;}">
                <Coords points="741,3309 869,3305 896,3318 962,3301 1041,3318 1081,3301 1143,3314 1143,3195 1094,3203 1068,3186 1015,3221 913,3195 865,3221 741,3199"/>
                <Baseline points="764,3283 853,3289 943,3289 1032,3289 1122,3289 1152,3289"/>
                <TextEquiv>
                    <Unicode>Philip:</Unicode>
                </TextEquiv>
            </TextLine>
            <TextLine id="tr_1_tl_14" custom="readingOrder {index:13;}">
                <Coords points="415,3389 3720,3270 415,3287"/>
                <Baseline points="441,3373 501,3373 591,3373 680,3373 770,3373 859,3367 949,3367 1038,3367 1128,3361 1217,3361 1307,3361 1397,3355 1486,3355 1576,3355 1665,3355 1755,3349 1844,3349 1934,3349 2024,3343 2113,3343 2203,3343 2292,3343 2382,3343 2471,3337 2561,3337 2650,3337 2740,3331 2830,3331 2919,3337 3009,3331 3098,3325 3188,3325 3277,3325 3367,3325 3456,3325 3546,3319 3636,3325 3725,3319"/>
                <TextEquiv>
                    <Unicode>the Sixth Dragoons where we Ravensteins always serve. What I shall do</Unicode>
                </TextEquiv>
            </TextLine>
            <TextLine id="tr_1_tl_15" custom="readingOrder {index:14;}">
                <Coords points="424,3481 3526,3504 3631,3486 3636,3340 424,3393"/>
                <Baseline points="447,3450 507,3456 597,3450 686,3456 776,3444 865,3444 955,3444 1044,3444 1134,3439 1223,3439 1313,3439 1403,3439 1492,3433 1582,3433 1671,3433 1761,3433 1850,3433 1940,3427 2029,3427 2119,3421 2209,3421 2298,3421 2388,3421 2477,3421 2567,3421 2656,3415 2746,3415 2836,3415 2925,3415 3015,3409 3104,3409 3194,3409 3283,3403 3373,3403 3462,3403 3552,3403 3642,3409"/>
                <TextEquiv>
                    <Unicode>later, whether I shall remain in the service or become an Archbishop</Unicode>
                </TextEquiv>
            </TextLine>
            <TextLine id="tr_1_tl_16" custom="readingOrder {index:15;}">
                <Coords points="410,3592 1209,3605 1341,3534 1756,3574 1756,3477 1593,3446 410,3477"/>
                <Baseline points="435,3534 513,3534 603,3528 692,3528 782,3522 871,3522 961,3522 1050,3528 1140,3522 1229,3522 1319,3516 1409,3516 1498,3516 1588,3510 1677,3516 1767,3516"/>
                <TextEquiv>
                    <Unicode>will naturally, with time...</Unicode>
                </TextEquiv>
            </TextLine>
            <TextLine id="tr_1_tl_17" custom="readingOrder {index:16;}">
                <Coords points="1275,3689 3768,3702 3768,3526 2952,3614 2321,3517 1496,3640 1275,3574"/>
                <Baseline points="1301,3665 1361,3671 1450,3677 1540,3671 1629,3671 1719,3671 1809,3665 1898,3665 1988,3665 2077,3659 2167,3659 2256,3659 2346,3659 2435,3653 2525,3653 2615,3653 2704,3653 2794,3653 2883,3647 2973,3647 3062,3642 3152,3642 3241,3642 3331,3642 3421,3636 3510,3636 3600,3636 3689,3636 3779,3630"/>
                <TextEquiv>
                    <Unicode>Yes, that would perhaps be the best. The Ravensteins</Unicode>
                </TextEquiv>
            </TextLine>
            <TextLine id="tr_1_tl_18" custom="readingOrder {index:17;}">
                <Coords points="750,3702 887,3711 1006,3693 1063,3715 1116,3693 1130,3706 1187,3693 1187,3605 1152,3596 1125,3614 1072,3587 1033,3618 1006,3605 988,3618 838,3596 750,3623"/>
                <Baseline points="776,3677 865,3683 955,3683 1044,3677 1134,3677 1200,3683"/>
                <TextEquiv>
                    <Unicode>Countess:</Unicode>
                </TextEquiv>
            </TextLine>
            <TextLine id="tr_1_tl_19" custom="readingOrder {index:18;}">
                <Coords points="410,3830 582,3777 1977,3777 1977,3680 680,3715 415,3671"/>
                <Baseline points="441,3773 465,3767 555,3767 644,3767 734,3767 823,3761 913,3761 1003,3761 1092,3761 1182,3755 1271,3755 1361,3755 1450,3755 1540,3755 1629,3749 1719,3749 1809,3749 1898,3743 1988,3749"/>
                <TextEquiv>
                    <Unicode>have always been strong in faith.</Unicode>
                </TextEquiv>
            </TextLine>
            <TextLine id="tr_1_tl_20" custom="readingOrder {index:19;}">
                <Coords points="746,3940 3773,3905 3773,3773 746,3826"/>
                <Baseline points="770,3916 829,3916 919,3916 1009,3916 1098,3910 1188,3910 1277,3910 1367,3910 1456,3904 1546,3904 1635,3904 1725,3898 1815,3898 1904,3898 1994,3898 2083,3898 2173,3892 2262,3892 2352,3892 2441,3892 2531,3892 2621,3886 2710,3886 2800,3886 2889,3886 2979,3880 3068,3880 3158,3880 3247,3874 3337,3874 3427,3874 3516,3874 3606,3874 3695,3868 3785,3874"/>
                <TextEquiv>
                    <Unicode>Philip: Yes, that’s even a historical fact. At first they were</Unicode>
                </TextEquiv>
            </TextLine>
            <TextLine id="tr_1_tl_21" custom="readingOrder {index:20;}">
                <Coords points="415,4046 3596,3980 3636,3887 419,3914"/>
                <Baseline points="441,4006 507,4006 597,4006 686,4000 776,4000 865,4006 955,3994 1044,3994 1134,3994 1223,3988 1313,3988 1403,3988 1492,3988 1582,3988 1671,3982 1761,3982 1850,3976 1940,3976 2029,3976 2119,3976 2209,3976 2298,3976 2388,3970 2477,3970 2567,3970 2656,3964 2746,3964 2836,3964 2925,3958 3015,3958 3104,3964 3194,3958 3283,3958 3373,3958 3462,3952 3552,3952 3642,3952"/>
                <TextEquiv>
                    <Unicode>Catholic, in the Thirty years' War they became Protestant, then they</Unicode>
                </TextEquiv>
            </TextLine>
            <TextLine id="tr_1_tl_22" custom="readingOrder {index:21;}">
                <Coords points="437,4099 3592,4077 3658,3962 441,4024"/>
                <Baseline points="465,4077 537,4083 626,4083 716,4083 806,4077 895,4077 985,4071 1074,4071 1164,4071 1253,4071 1343,4065 1432,4065 1522,4065 1612,4065 1701,4059 1791,4059 1880,4059 1970,4059 2059,4059 2149,4059 2238,4053 2328,4053 2418,4048 2507,4053 2597,4048 2686,4048 2776,4048 2865,4042 2955,4042 3044,4042 3134,4042 3224,4042 3313,4036 3403,4036 3492,4036 3582,4030 3671,4036"/>
                <TextEquiv>
                    <Unicode>returned to Catholicism. But strong in faith they were at all times.</Unicode>
                </TextEquiv>
            </TextLine>
            <TextLine id="tr_1_tl_23" custom="readingOrder {index:22;}">
                <Coords points="424,4183 993,4218 1416,4143 2092,4205 2184,4192 2184,4082 424,4104"/>
                <Baseline points="447,4167 471,4161 561,4161 650,4161 740,4161 776,4161 847,4155 937,4155 1026,4155 1116,4149 1206,4149 1295,4149 1385,4149 1474,4143 1564,4143 1653,4143 1743,4137 1832,4137 1922,4137 2012,4131 2101,4131 2191,4137"/>
                <TextEquiv>
                    <Unicode>It was only always a different faith.</Unicode>
                </TextEquiv>
            </TextLine>
        </TextRegion>
        <TextRegion id="tr_3" custom="readingOrder {index:2;}">
            <Coords points="447,4242 3982,4242 3982,5198 447,5198"/>
            <TextLine id="tr_3_tl_1" custom="readingOrder {index:0;}">
                <Coords points="750,4351 949,4373 1244,4324 1443,4360 1633,4315 1765,4373 1858,4364 1862,4170 1818,4152 1474,4254 1346,4205 1222,4245 1037,4192 755,4192"/>
                <Baseline points="776,4310 800,4310 889,4310 979,4310 1068,4310 1158,4304 1247,4304 1337,4304 1426,4304 1516,4298 1606,4298 1695,4298 1785,4298 1874,4292"/>
                <TextEquiv>
                    <Unicode>Prince: Philip, Philip!</Unicode>
                </TextEquiv>
            </TextLine>
            <TextLine id="tr_3_tl_2" custom="readingOrder {index:1;}">
                <Coords points="759,4492 2431,4474 2670,4554 2815,4457 3252,4470 3252,4373 2440,4307 2246,4386 759,4390"/>
                <Baseline points="782,4465 847,4471 937,4471 1026,4465 1116,4465 1206,4459 1295,4459 1385,4459 1474,4459 1564,4459 1653,4459 1743,4454 1832,4454 1922,4454 2012,4448 2101,4448 2191,4448 2280,4442 2370,4442 2459,4442 2549,4442 2638,4442 2728,4442 2818,4442 2907,4436 2997,4436 3086,4436 3176,4436 3265,4430"/>
                <TextEquiv>
                    <Unicode>Countess: Yes, these are the new times, Prince Egon.</Unicode>
                </TextEquiv>
            </TextLine>
            <TextLine id="tr_3_tl_3" custom="readingOrder {index:2;}">
                <Coords points="746,4664 2228,4646 2233,4501 1108,4576 935,4505 750,4558"/>
                <Baseline points="776,4627 811,4627 901,4627 991,4627 1080,4627 1170,4621 1259,4621 1349,4621 1438,4621 1528,4615 1618,4615 1707,4615 1797,4615 1886,4609 1976,4609 2065,4609 2155,4609 2244,4615"/>
                <TextEquiv>
                    <Unicode>Prince: And the mother's blood.</Unicode>
                </TextEquiv>
            </TextLine>
            <TextLine id="tr_3_tl_4" custom="readingOrder {index:3;}">
                <Coords points="759,4810 3605,4757 3799,4836 3799,4633 3684,4624 759,4655"/>
                <Baseline points="782,4788 853,4782 943,4782 1032,4782 1122,4782 1212,4776 1301,4776 1391,4776 1480,4776 1570,4770 1659,4770 1749,4770 1838,4770 1928,4764 2018,4764 2107,4764 2197,4758 2286,4758 2376,4758 2465,4758 2555,4758 2644,4758 2734,4764 2824,4758 2913,4752 3003,4752 3092,4752 3182,4752 3271,4746 3361,4746 3450,4746 3540,4746 3630,4746 3719,4752 3809,4758"/>
                <TextEquiv>
                    <Unicode>Countess: You have been very industious, your father tells me,</Unicode>
                </TextEquiv>
            </TextLine>
            <TextLine id="tr_3_tl_5" custom="readingOrder {index:4;}">
                <Coords points="424,4920 1646,4920 1725,4867 1937,4916 2418,4858 2422,4779 424,4818"/>
                <Baseline points="447,4883 495,4877 585,4871 674,4871 764,4871 776,4871 817,4871 907,4865 997,4865 1086,4860 1176,4860 1265,4860 1355,4860 1444,4854 1534,4854 1623,4854 1713,4854 1803,4854 1892,4854 1982,4848 2071,4848 2161,4842 2250,4842 2340,4842 2430,4848"/>
                <TextEquiv>
                    <Unicode>passed your examinations with distinction.</Unicode>
                </TextEquiv>
            </TextLine>
            <TextLine id="tr_3_tl_6" custom="readingOrder {index:5;}">
                <Coords points="763,5052 3936,5021 3940,4871 763,4955"/>
                <Baseline points="788,5021 811,5021 901,5027 991,5021 1080,5021 1170,5015 1259,5015 1349,5015 1438,5015 1528,5015 1618,5009 1707,5009 1797,5009 1886,5009 1976,5003 2065,5003 2155,4997 2244,4997 2334,4997 2424,4997 2513,4991 2603,4991 2692,4991 2782,4991 2871,4991 2961,4991 3050,4991 3140,4985 3230,4985 3319,4985 3409,4985 3498,4985 3588,4985 3677,4979 3767,4979 3856,4979 3946,4985"/>
                <TextEquiv>
                    <Unicode>Philip: That was no art, Countess. I have always learned up</Unicode>
                </TextEquiv>
            </TextLine>
            <TextLine id="tr_3_tl_7" custom="readingOrder {index:6;}">
                <Coords points="441,5127 3464,5096 3583,5004 441,5013"/>
                <Baseline points="465,5110 549,5110 638,5110 728,5104 817,5104 907,5104 997,5098 1086,5098 1176,5098 1265,5098 1355,5098 1444,5092 1534,5098 1623,5092 1713,5092 1803,5086 1892,5086 1982,5086 2071,5086 2161,5080 2250,5080 2340,5080 2430,5080 2519,5080 2609,5080 2698,5074 2788,5074 2877,5074 2967,5068 3056,5068 3146,5068 3236,5068 3325,5068 3415,5068 3504,5063 3594,5068"/>
                <TextEquiv>
                    <Unicode>things rather quickly. That is probably the bourgeois blood in me.</Unicode>
                </TextEquiv>
            </TextLine>
            <TextLine id="tr_3_tl_8" custom="readingOrder {index:7;}">
                <Coords points="428,5229 3490,5264 3967,5189 3971,5052 428,5132"/>
                <Baseline points="453,5182 489,5188 579,5188 668,5182 758,5182 847,5182 937,5182 1026,5176 1116,5176 1206,5176 1295,5176 1385,5170 1474,5170 1564,5170 1653,5170 1743,5164 1832,5164 1922,5158 2012,5164 2101,5158 2191,5158 2280,5158 2370,5158 2459,5158 2549,5152 2638,5152 2728,5152 2818,5152 2907,5152 2997,5146 3086,5146 3176,5146 3265,5146 3355,5146 3444,5146 3534,5140 3624,5140 3713,5140 3803,5140 3892,5140 3982,5140"/>
                <TextEquiv>
                    <Unicode>even had time for all sorts of things outside of the "presoribed' curriculum."</Unicode>
                </TextEquiv>
            </TextLine>
        </TextRegion>
    </Page>
</PcGts>
