4088 5368
1742 320 1954 427 - 5-
1037 431 2512 587 Prince: What's strange about?
1021 577 3628 747 Count: Well, I’ll tell you. After I left her for the
1031 714 3514 838 last time-it was last week- and drove home at night,
1028 809 3608 904 I felt, - how shall I say- I felt quite believed. Now,
1021 891 3621 989 I thought, you are a free man. Don’t have to go every
1021 975 3599 1064 single blessed evening to the Mayerhof Street, and sit
1028 1037 3634 1126 down with Lolo to dinner and chat or listen. sometimes
1028 1119 3507 1217 it was really deadly
1008 1201 3631 1295 Compar of the night- and to need an excuse, if for once
1028 1263 3585 1367 you wanted to dine with friends in the Club or to take
1021 1357 3501 1436 your daughter to the Opera- What shall I tell you- I
1015 1409 3543 1511 felt quite tuned up on the way home. I had all kinds
1021 1494 3448 1579 of plans in my head, - Oh, not what you think- No.-
1005 1553 3347 1670 But to travel, as I had wanted to for many years,
1015 1651 3579 1739 Africa or India, as a free man. That is- I would have
1028 1732 3585 1837 taken my little girl- Oh, you dieugh because I speak of
1008 1798 2052 1925 her as my little girl.
1008 1882 3533 2072 Prince: Not at all. Mizzi really looks like a young
1008 2039 3520 2147 girl. Like a very young girl. Last time particularly,
1015 2124 2356 2218 with her big Florentine hat,
998 2238 3435 2385 Count: Like a young girl, And with all that, she's
998 2356 3426 2453 exactly as old as Lolo.... You know we are getting
1021 2421 3468 2564 old, Egon, all of us. Yes, and lonely. And really,
995 2515 3393 2613 at first I didn't realize it, lowly it came to me
1002 2555 3484 2682 the first days after our fairewell feast, - it wasn’t
998 2665 3393 2757 so bad, only yesterday and the day before, At the
1002 2737 3435 2829 time I used to drive down to her house, and just now
1008 2819 3468 2897 when Peter brought me roses, - for Lolo, of course.-
1002 2887 3468 2985 Then I knew that I was a widower for the second time
998 2975 2887 3073 in my life. And now it s over-for ever
3067 2979 3279 3103 Now.
1008 3037 2326 3178 loneliness.... it s upon me.
998 3174 2480 3334 Prince: Nonsense: Loneliness.
982 3338 3112 3481 Count: Excuse me, but you don't understand,
3207 3315 3377 3465 You
972 3442 3367 3533 have lived such a different life. You haven’t en-
998 3514 3344 3612 tered into any relations since your wife died ten
979 3585 3406 3696 years ago.- No serious relations of course, I mean-
972 3677 3311 3775 And then, in a certain way you have had your pro-
992 3739 1383 3869 fession.
992 3837 1954 4023 Prince: Profession?
972 4026 2656 4186 Count: Well, Member of Parliament.
972 4176 1807 4346 Prince: Oh, yes,
959 4339 3471 4486 Count: And you were nearly appointed Minister twice.
959 4492 1745 4646 Prince: Yearly.
962 4623 3445 4822 Count: Who knows. Perhaps they'll get you some day,
972 4744 3370 4868 but it's all over with me. Three years ago I took
969 4835 2290 4930 my leave, old ass that I am.
