4534 5496
3634 409 3860 642 25.
1860 490 2288 735 WEIHGAST
934 700 3942 887 You are quite right. And I am glad of this opportunity of know-
914 914 3833 1043 ing you better, of seeing you at your work as it were. It in-
914 1020 2778 1237 terests me greatly for several reasons.
1802 1160 2463 1350 HALMSCHLAEGER
903 1230 3918 1494 May I ask a question? Was it really something so important your
903 1479 2109 1650 friend had to say to you?
1841 1588 2253 1786 WEIHGAST
891 1728 3934 1961 Not in the least. We knew each other well--many years back and
883 1938 3794 2113 he wanted to see me once more--that was all. But I think my
899 2055 3918 2323 coming has quieted him.(He goes out throug curtain with Halmsch-
891 2222 2475 2451 laeger, the nurse following them)
1841 2416 2206 2576 FLORIAN
922 2487 3876 2743 (Hurries to Rademacher) Well what happened? That man must have
911 2704 3872 2903 tremendous self-control. I understand something about faces--
899 2872 3444 3059 but I didn't see anything in his. How did he take it?
1837 2992 2350 3148 RADEMACHER
3370 3105 3588 3226 must
899 3175 3872 3358 (Pays no attention to him) How pitiable are they who still
1055 3339 1774 3525 u, live, tomorrow.
1930 3420 2300 3642 FLORIAN
876 3572 4004 3864 Mr. Rademacher what happened? And how about the key to your desk?
1864 3759 2405 3977 RADEMACHER
879 3891 3883 4133 (As if awakening) My desk? Oh do what you like with it--burn
887 4097 1914 4323 it up if you want to.
1864 4187 2249 4440 FLORIAN
876 4350 2942 4607 And the treasure in it? The masterpieces?
1806 4553 2354 4736 RADEMACHER
864 4642 3891 4942 Masterpieces? And even if they were--there is no future except
864 4864 3852 5082 for the living. (As if seeing a vision) Now he is down utairs--
868 5020 3825 5183 he passes out of the door—goes out into the street-the lamps
