4040 6216
1501 461 1697 598 3
893 679 3453 841 FLOR. Just you wait a minute, that's nothing so far.
1287 782 3324 882 (drops suddenly into a chair, his features
1243 848 3453 970 seem tyisted with pain and he roll s his eyes)
907 963 1195 1132 NUR SE
1236 952 3010 1147 Why, Good Heavens! Thats - that s -
900 1125 1166 1280 FLOR.
1280 1147 3165 1287 breaking off his memory for a moment)
1250 1225 1745 1357 Well, who?
1973 1365 3604 1472 the tiler who died the day before
900 1346 1203 1487 NUR SE.
1250 1354 1844 1505 Why, bed 17;
1243 1461 3729 1575 yesterday. Some you just stop it. It's not proper.
1250 1594 3829 1723 Why my dear Mrs. Paschanda d'you suppose that one of
882 1582 1162 1734 FLOR.
1258 1693 3763 1796 our trade is here in hospital for nothing? One can
1232 1756 2272 1892 learn something here.
885 1841 3851 2010 NURSE. Here's the doctor coming. (exit into the ward-- as she
1250 1988 3670 2084 pulls back the curtain, Halmschlöger and Tann can
1258 2047 2379 2169 be seen at the far end)
882 2154 1147 2309 FLOR.
1247 2191 2224 2302 Yes, Mr. Rademacher,
2357 2198 3700 2350 you see I am carrying on my
1243 2276 2014 2398 studies in here.
885 2409 1158 2538 RADE.
1232 2412 1590 2542 Indeed?
1553 2420 2597 2608 one of the profession
878 2549 1144 2700 FLOR.
1239 2556 3604 2674 Yes for a man of our trade theres some advantage
1239 2641 2269 2770 in lying in hospital.
2390 2660 3597 2778 Perhaps you think I cant
1228 2726 3386 2829 make use of that because I play comic parts?
1239 2800 3478 2892 Wrong! Thats just the uovery Ive made, Mr.
1239 2877 3763 2977 Rademacher. (with empha sis) In every individual's
1232 2958 3774 3062 features even when they are sad or marked with pain,
1232 3032 3497 3121 his cheerful expression can be guessed by real
1239 3095 3689 3202 actor's intuition. When Ive seen a man die I can
1243 3183 3748 3294 tell precisely how he could look just after hearing
1239 3265 3637 3375 good jobe. – – But what is the matter, Mr. Rade¬
1221 3331 1586 3427 macher?
1612 3316 2246 3449 Cheer up!
2309 3331 3434 3419 Dont lo se your spirits!
1232 3386 3704 3486 Look at me Eh? a week ago I was given up for lost
1228 3486 3659 3571 not only by the professionals, which wouldn’t have
1243 3556 3047 3644 been so terrible, but even by myself!
3169 3556 3704 3656 And now Im
1228 3626 2516 3722 as cheerful as a cricket.
2582 3611 3722 3715 And in another week - -
1243 3704 3803 3825 your most humble servant. Then it will be "Farewell,"
1232 3792 2435 3881 thou peaceful dwelling!"
2542 3785 3755 3888 And with that I take the
1221 3847 3541 3958 liberty of inviting your Excellency to my first
1217 3932 2210 4072 night. (He compts)
878 4050 1125 4179 RADE.
1206 4039 2759 4220 Oh come, that s hardly possible.
882 4165 1121 4338 FLOR.
1217 4220 3674 4375 I anit strange if we two had kept well and strong,
1173 4312 3290 4441 we might easily have been at daggers drawn.
867 4419 1136 4563 RADE.
1210 4415 1966 4567 How d’you mean?
2368 4452 3099 4637 douy a part
867 4559 1118 4711 FLOR.
1210 4537 3456 4714 Why I should have been acting in a coming and
1217 4685 3549 4784 you would have cut me up in a critique, and Ive
1217 4762 3597 4862 alway shated people who cut me up. And as it is
1217 4836 3538 4950 weve grown to be the best of friends. Now look
387 4836 1125 5065 full such a long
1203 4899 3526 4991 here, Mr. Rademacher, a week ago did/Ileek as
1184 4972 2881 5113 meerable as you did? are doing
812 4991 1073 5120 face
848 5094 1114 5264 RADE.
1214 5120 3685 5268 Perhaps there is a good deal of difference between
1210 5209 1914 5341 the two cases.
845 5297 1118 5474 FLOR.
1210 5308 1667 5467 Nonsense.
1778 5297 3685 5500 All one needs is a strong will. D’you
1203 5415 2342 5574 know how Ive recovered?
845 5563 1125 5699 RADE.
1221 5577 1948 5747 gazes at him).
