4072 5464
1519 444 1778 584 — 30-
501 545 3095 786 Professor: You leave- don’t let me detain you, Count.
523 660 3243 938 Count: I’11 see you before you go, Professor. (Goes into
530 884 1021 1039 the house)
527 985 2060 1198 Professor: You leave, Countess?
541 1147 1883 1349 Countess: Yes, for Ostende.
552 1277 2363 1519 Professor: But this is rather sulden.
1111 1407 2219 1659 Rather. That’s my way.
559 1483 999 1699 Countess:
1126 1569 3283 1735 Then it will mean the last of our lessons for
552 1649 1046 1789 Professor:
1129 1724 1613 1836 I'm sorry.
563 1742 1097 1898 the summer?
1133 1775 3488 1984 Yes, I believe I won't even today- I feel a little
584 1872 1035 2031 Countess:
588 1988 891 2143 tired.
574 2060 2623 2251 Professor: You are- You look pale, Maria,
599 2215 1728 2453 Countess: You think so?
599 2363 2410 2572 Professor: How long will you be gone?
613 2442 3301 2702 Countess: Till Fall perhaps. Perhaps till late in Fall.
613 2633 3366 2854 Professor: So we won’t resume our lessons until November?
602 2803 2377 3027 Countess: (smiling) I don’t think so.
620 2918 3084 3175 Professor: You don’t think? (Looking at each other)
624 3171 1977 3301 Countess: I don't think so.
631 3283 2323 3456 Professor: I am- sismissed, Maria?
649 3402 3456 3611 Countess: Why do you put it that way, Rudolph? That isn’t
653 3600 1118 3745 very nice.
649 3633 3272 3860 Professor: Pardon me. It came a little Uicker than I
653 3831 1050 3979 thought.
1223 3856 3485 4048 Better too quick than too slow. Don’t you think
671 3983 1118 4095 Countess:
667 4069 841 4217 so?
657 4095 3557 4333 Professor: Don’t believe that I want to reproach you, child.
675 4242 3499 4470 Countess: You would have no reason- it was beautiful, wasn't
685 4408 1923 4607 it? (Gives him her hand)
685 4513 3561 4693 Professor: (kisses her hand) Perhaps you will be kind enough
685 4632 2017 4820 to remember me to the Count,
685 4766 2305 4946 Countess: You are going at once.
682 4931 1912 5180 Professor: Isn't it best?
