4360 5464
1195 261 1363 526 11
1863 392 2248 564 FLORIAN
892 493 3577 732 Nonsense. It requires an effort of the will, that's all.
881 706 3775 889 Do you know how I made myself well again? (Rademacher looks at
874 881 3864 1023 him) You needn’t look at me like that – I was pretty near gone.
885 989 3334 1206 I simply wouldn’t allow any sad thoughts to come up.
1807 1165 2345 1344 RADEMACHER
881 1269 1979 1505 How did you prevent it?
1841 1467 2229 1609 FLORIAN
874 1579 3723 1766 I thought of all the people who had ever made me angry and I
874 1759 3805 1923 said the most insulting things to them—in my thoughts. That's
874 1915 3674 2102 a great comfort, let me tell you. I even studied out whom I
862 2076 3797 2263 should haunt after my death. There’s a fellow critic of yours
874 2195 3876 2442 in Olmütz —.a mal Gious beast —.and then the manager who docked
851 2397 3820 2528 half my salary because I extemporized! And the audience daugh-
870 2539 3786 2703 ing at me all the time and not at the foot play. – He should
862 2714 3734 2860 have been etateful to me, instead of which—well just wait! I
848 2897 3745 3036 would have appeared in great style – I could have made a good
851 2991 3734 3181 income even in heaven. I should simply have taken a job with
851 3133 1729 3353 the spiritualists.
1367 3252 3801 3528 (The nurse returns C. with Dr. Halmschlaeger and Dr.
1396 3457 1676 3637 Tann)
1908 3607 2151 3767 TANN
851 3775 3678 3995 (Young, carelessly dressed, hat on the back of his head, un-
844 3913 3625 4137 lighted eigar in his month) Now come, Halmschlaeger, don’t
825 4092 2360 4238 let them keep you so long again.
1945 4208 2621 4398 HALMSCHLAEGER
840 4350 3607 4566 (Young, carefully dressed, glasses, small bloode heard) No,
814 4544 2386 4719 I’ll be through in a few minutes.
1975 4690 2229 4895 TANN
825 4824 3640 5052 If you're not I'll go on ahead and wait for you in the café.
2994 5033 3159 5209 F.
