4280 5640
1741 461 1980 638 -25-
1008 535 3742 799 Prince(stands up) Listen, dear Wasner. You can take your
634 687 3495 910 bride home in your carriage. I'll take my son home in mine.
1013 852 1968 1054 Wasner: Your son...
1029 869 3906 1185 Philip: Why didn't you tell me that you are engaged, Wasner?
659 1116 3972 1350 Radeiner. Vasner: Excellency didn't tell me anything either. Baron von
1054 1358 4001 1507 Count: (To Lolo) Well then, thanks again for your kind visit,
646 1470 2519 1646 and the very best of everything to you.
1029 1544 4013 1786 Lolo: And to you too, Count. certainly, with such a daughter.
1054 1721 3729 1951 Countess: Too bad that we didn't know each other before.
1033 1877 2247 2108 Lolo: Really,Countess.
1046 2058 3980 2252 Countess: Dear Miss Lolo, again the best of everything. (She
675 2182 1309 2346 embraces her)
1058 2285 2630 2511 Count: (Amafed and somewhat moved)
1046 2449 3968 2655 Lolo: Well, then, Count; thank you for your kind reception...
663 2564 1453 2717 and now...adieu!
1050 2671 3795 2836 Count: Adieu, Miss Langhuber. May you be happy...May you
675 2807 1395 2955 be happy, Lolo.
1046 2918 3371 3100 Lolo (gets into the carriage that has driven up.)
1046 3058 3787 3252 Wasner (on the ariver's box, hat in hand. They ride away)
1058 3235 2392 3416 Countess: (nods after them)
1066 3388 2177 3561 Count (deep in thought)
1054 3511 2597 3729 Philip and Prince ( mo forward)
1046 3717 3412 3898 Philip: Dear Bad, I see through the whole affair.
1054 3865 1832 4042 Prince: You do?
1058 3947 3927 4170 Philip: This Miss Lolo is the natural daughter of the Count,
692 4149 3334 4289 therefore the sister of the Countess--her fostersister.
1107 4260 3663 4433 Prince: Step-sister we call it. But go on, diplomat.
1107 4388 3849 4557 Philip: And both of them love you, naturally. The Count-
687 4507 3865 4655 ess and the ballet danger. And this wedding between theinncer and
671 4614 1655 4763 Wasner is your work.
1111 4730 2021 4907 Prince: Only go on.
1099 4874 3779 5075 Philip: You,Lead... I've just thought of it this moment!
1099 5026 1906 5273 Prince: Of what?
