<?xml version="1.0" encoding="UTF-8" standalone="yes"?>
<PcGts xmlns="http://schema.primaresearch.org/PAGE/gts/pagecontent/2013-07-15" xmlns:xsi="http://www.w3.org/2001/XMLSchema-instance" xsi:schemaLocation="http://schema.primaresearch.org/PAGE/gts/pagecontent/2013-07-15 http://schema.primaresearch.org/PAGE/gts/pagecontent/2013-07-15/pagecontent.xsd">
    <Metadata>
        <Creator>prov=READ-COOP:name=TrHtr:version=2.1.0:model_id=51170:date=15_08_2023_04:46</Creator>
        <Created>2023-05-10T15:12:20.256+02:00</Created>
        <LastChange>2023-08-15T04:46:47.028+02:00</LastChange>
        <TranskribusMetadata docId="1428823" pageId="55432545" pageNr="132" tsid="132839051" status="IN_PROGRESS" userId="64420" imgUrl="https://files.transkribus.eu/Get?id=QSXZTQFUZLCSWJOROSSWZQHK&amp;fileType=view" xmlUrl="https://files.transkribus.eu/Get?id=OVKQEYGLUZUZINXHPEUNXPCA" imageId="44706581"/>
    </Metadata>
    <Page imageFilename="1428823_0132.jpg" imageWidth="4280" imageHeight="5416">
        <ReadingOrder>
            <OrderedGroup id="ro_1711803094337" caption="Regions reading order">
                <RegionRefIndexed index="0" regionRef="tr_2"/>
                <RegionRefIndexed index="1" regionRef="tr_1"/>
            </OrderedGroup>
        </ReadingOrder>
        <TextRegion id="tr_2" custom="readingOrder {index:0;}">
            <Coords points="889,344 3905,344 3905,1920 889,1920"/>
            <TextLine id="tr_2_tl_1" custom="readingOrder {index:0;}">
                <Coords points="3665,432 3710,425 3733,440 3760,436 3790,459 3851,448 3900,463 3889,228 3828,228 3798,254 3760,231 3741,243 3725,231 3657,235"/>
                <Baseline points="3684,394 3773,394 3863,400 3905,406"/>
                <TextEquiv>
                    <Unicode>10.</Unicode>
                </TextEquiv>
            </TextLine>
            <TextLine id="tr_2_tl_2" custom="readingOrder {index:1;}">
                <Coords points="1684,596 1798,558 1878,577 1939,561 2098,611 2162,580 2231,592 2314,554 2364,561 2360,463 2272,463 2197,402 2143,410 2102,372 1988,391 1939,368 1870,402 1681,383"/>
                <Baseline points="1707,531 1797,531 1886,531 1976,531 2066,531 2155,531 2245,537 2334,537 2370,543"/>
                <TextEquiv>
                    <Unicode>HALMSCHLAEGER</Unicode>
                </TextEquiv>
            </TextLine>
            <TextLine id="tr_2_tl_3" custom="readingOrder {index:2;}">
                <Coords points="888,808 1146,740 1294,797 1423,732 1673,804 1867,744 2007,766 2064,744 2064,573 1506,634 1381,584 1305,630 1028,588 888,649"/>
                <Baseline points="907,686 997,686 1086,686 1176,686 1265,686 1355,686 1445,686 1534,686 1624,686 1713,686 1803,692 1892,686 1982,686 2072,692"/>
                <TextEquiv>
                    <Unicode>He is a friend of yours?</Unicode>
                </TextEquiv>
            </TextLine>
            <TextLine id="tr_2_tl_4" custom="readingOrder {index:3;}">
                <Coords points="1753,910 1832,910 1878,884 1946,899 1988,869 2037,910 2124,929 2276,914 2318,895 2314,755 2253,740 2124,766 2037,744 1988,766 1870,740 1749,785"/>
                <Baseline points="1773,841 1863,841 1952,841 2042,841 2131,841 2221,841 2310,853 2322,853"/>
                <TextEquiv>
                    <Unicode>RADEMACHER</Unicode>
                </TextEquiv>
            </TextLine>
            <TextLine id="tr_2_tl_5" custom="readingOrder {index:4;}">
                <Coords points="888,1081 1172,1104 1536,1017 1954,1055 2064,1002 2064,948 1764,899 1646,937 1400,873 1260,945 1036,880 888,895"/>
                <Baseline points="907,991 997,985 1086,985 1176,985 1265,985 1355,985 1445,991 1534,991 1624,991 1713,991 1803,991 1892,997 1982,997 2072,997"/>
                <TextEquiv>
                    <Unicode>He was—some years ago.</Unicode>
                </TextEquiv>
            </TextLine>
            <TextLine id="tr_2_tl_6" custom="readingOrder {index:5;}">
                <Coords points="1806,1165 1908,1210 1961,1172 1996,1191 2098,1176 2140,1206 2208,1180 2310,1195 2352,1168 2492,1195 2489,1043 2466,1039 2382,1077 2307,1028 2276,1047 2231,1024 2121,1077 1950,1077 1885,1047 1806,1077"/>
                <Baseline points="1827,1140 1916,1140 2006,1146 2095,1146 2185,1146 2275,1146 2364,1146 2454,1146 2501,1146"/>
                <TextEquiv>
                    <Unicode>HALMSCHLAEGER</Unicode>
                </TextEquiv>
            </TextLine>
            <TextLine id="tr_2_tl_7" custom="readingOrder {index:6;}">
                <Coords points="888,1377 2879,1347 2879,1241 2481,1191 1673,1248 1536,1180 1028,1244 888,1187"/>
                <Baseline points="907,1295 997,1295 1086,1295 1176,1295 1265,1295 1355,1295 1445,1295 1534,1295 1624,1295 1713,1295 1803,1295 1892,1301 1982,1295 2072,1301 2161,1301 2251,1295 2340,1295 2430,1295 2519,1295 2609,1295 2699,1295 2788,1301 2878,1307 2890,1301"/>
                <TextEquiv>
                    <Unicode>Then write him to come tomorrow-afternoon.</Unicode>
                </TextEquiv>
            </TextLine>
            <TextLine id="tr_2_tl_8" custom="readingOrder {index:7;}">
                <Coords points="1810,1487 1874,1502 1950,1483 2022,1506 2056,1476 2113,1502 2223,1472 2345,1502 2341,1373 2307,1385 2197,1351 2170,1366 2064,1328 2011,1347 1992,1332 1935,1385 1806,1381"/>
                <Baseline points="1827,1439 1916,1445 2006,1451 2095,1445 2185,1451 2275,1451 2352,1451"/>
                <TextEquiv>
                    <Unicode>RADEMACHER</Unicode>
                </TextEquiv>
            </TextLine>
            <TextLine id="tr_2_tl_9" custom="readingOrder {index:8;}">
                <Coords points="892,1681 2587,1711 3346,1616 3828,1692 3828,1544 3551,1502 892,1510"/>
                <Baseline points="913,1600 1003,1600 1092,1600 1182,1600 1271,1600 1361,1600 1451,1600 1540,1606 1630,1600 1719,1600 1809,1600 1898,1600 1988,1600 2078,1606 2167,1606 2257,1612 2346,1606 2436,1606 2525,1606 2615,1606 2705,1606 2794,1606 2884,1606 2973,1600 3063,1600 3152,1606 3242,1606 3332,1600 3421,1606 3511,1600 3600,1606 3690,1606 3779,1606 3839,1600"/>
                <TextEquiv>
                    <Unicode>What good will that do me? I may not be here tomorrow--I must</Unicode>
                </TextEquiv>
            </TextLine>
            <TextLine id="tr_2_tl_10" custom="readingOrder {index:9;}">
                <Coords points="869,1844 1199,1817 1343,1874 1400,1825 1635,1794 1794,1840 2014,1821 2011,1665 1904,1639 1813,1688 1734,1646 1684,1696 1544,1677 1502,1711 1335,1662 1244,1692 1134,1635 960,1707 865,1662"/>
                <Baseline points="889,1749 979,1755 1068,1761 1158,1761 1248,1761 1337,1761 1427,1761 1516,1761 1606,1761 1695,1761 1785,1761 1874,1761 1964,1761 2024,1767"/>
                <TextEquiv>
                    <Unicode>see him today, at once.</Unicode>
                </TextEquiv>
            </TextLine>
            <TextLine id="tr_2_tl_11" custom="readingOrder {index:10;}">
                <Coords points="1813,1946 1874,1939 1965,1984 2212,1931 2413,1992 2481,1965 2481,1817 2424,1802 2352,1829 2314,1813 2265,1844 2151,1787 1954,1848 1813,1813"/>
                <Baseline points="1833,1904 1922,1910 2012,1910 2101,1910 2191,1910 2281,1910 2370,1910 2460,1910 2490,1910"/>
                <TextEquiv>
                    <Unicode>HALMSCHLAEGER</Unicode>
                </TextEquiv>
            </TextLine>
        </TextRegion>
        <TextRegion id="tr_1" custom="readingOrder {index:1;}">
            <Coords points="859,2010 3923,2010 3923,4560 859,4560"/>
            <TextLine id="tr_1_tl_1" custom="readingOrder {index:0;}">
                <Coords points="888,2143 3703,2136 3752,1980 888,1988"/>
                <Baseline points="907,2066 997,2060 1086,2066 1176,2066 1265,2066 1355,2060 1445,2060 1534,2066 1624,2066 1713,2066 1803,2066 1892,2066 1982,2066 2072,2066 2161,2066 2251,2066 2340,2066 2430,2066 2519,2060 2609,2066 2699,2066 2788,2066 2878,2066 2967,2072 3057,2066 3146,2066 3236,2066 3326,2066 3415,2066 3505,2066 3594,2066 3684,2072 3761,2072"/>
                <TextEquiv>
                    <Unicode>(Firmly) That is impossible Mr. Rademacher, quite impossible.</Unicode>
                </TextEquiv>
            </TextLine>
            <TextLine id="tr_1_tl_2" custom="readingOrder {index:1;}">
                <Coords points="873,2299 3612,2284 3661,2121 873,2143"/>
                <Baseline points="895,2215 985,2215 1074,2209 1164,2215 1253,2215 1343,2215 1433,2215 1522,2215 1612,2215 1701,2221 1791,2221 1880,2221 1970,2221 2060,2215 2149,2215 2239,2215 2328,2215 2418,2215 2507,2221 2597,2215 2687,2215 2776,2221 2866,2221 2955,2221 3045,2221 3134,2221 3224,2215 3314,2215 3403,2215 3493,2215 3582,2215 3672,2215"/>
                <TextEquiv>
                    <Unicode>But that you may be a little calmer, I myself will write to</Unicode>
                </TextEquiv>
            </TextLine>
            <TextLine id="tr_1_tl_3" custom="readingOrder {index:2;}">
                <Coords points="873,2462 2629,2379 2887,2462 3278,2371 3596,2458 3638,2276 873,2299"/>
                <Baseline points="895,2364 985,2364 1074,2364 1164,2370 1253,2370 1343,2370 1433,2370 1522,2370 1612,2370 1701,2370 1791,2370 1880,2370 1970,2376 2060,2370 2149,2370 2239,2370 2328,2370 2418,2370 2507,2370 2597,2370 2687,2370 2776,2370 2866,2370 2955,2376 3045,2370 3134,2370 3224,2370 3314,2370 3403,2370 3493,2370 3582,2370 3642,2370"/>
                <TextEquiv>
                    <Unicode>Mr. Weihgast, whom I happen to know personally, and ask him</Unicode>
                </TextEquiv>
            </TextLine>
            <TextLine id="tr_1_tl_4" custom="readingOrder {index:3;}">
                <Coords points="869,2557 3141,2584 3524,2546 3524,2436 869,2462"/>
                <Baseline points="889,2513 979,2519 1068,2519 1158,2525 1248,2525 1337,2525 1427,2525 1516,2525 1606,2525 1695,2519 1785,2525 1874,2525 1964,2525 2054,2525 2143,2525 2233,2525 2322,2525 2412,2525 2501,2525 2591,2525 2681,2525 2770,2525 2860,2519 2949,2525 3039,2525 3128,2525 3218,2525 3308,2525 3397,2525 3487,2525 3535,2531"/>
                <TextEquiv>
                    <Unicode>to come and see you tomorrow at any hour that suite him.</Unicode>
                </TextEquiv>
            </TextLine>
            <TextLine id="tr_1_tl_5" custom="readingOrder {index:4;}">
                <Coords points="1848,2720 1958,2758 2014,2732 2052,2747 2075,2724 2212,2739 2341,2701 2379,2716 2379,2587 2310,2576 2284,2595 2253,2576 2212,2599 2185,2572 2113,2572 2071,2546 1916,2576 1848,2568"/>
                <Baseline points="1869,2669 1958,2675 2048,2675 2137,2675 2227,2675 2316,2675 2388,2675"/>
                <TextEquiv>
                    <Unicode>RADEMACHER</Unicode>
                </TextEquiv>
            </TextLine>
            <TextLine id="tr_1_tl_6" custom="readingOrder {index:5;}">
                <Coords points="869,2868 3198,2929 3619,2860 3619,2743 865,2728"/>
                <Baseline points="889,2830 979,2830 1068,2830 1158,2830 1248,2830 1337,2824 1427,2830 1516,2836 1606,2830 1695,2830 1785,2830 1874,2830 1964,2830 2054,2836 2143,2830 2233,2830 2322,2830 2412,2830 2501,2836 2591,2836 2681,2836 2770,2830 2860,2836 2949,2836 3039,2836 3128,2836 3218,2830 3308,2830 3397,2830 3487,2836 3576,2836 3630,2836"/>
                <TextEquiv>
                    <Unicode>You know Weihgast, doctor? (Suddenly) bring him here to me.</Unicode>
                </TextEquiv>
            </TextLine>
            <TextLine id="tr_1_tl_7" custom="readingOrder {index:6;}">
                <Coords points="869,3031 922,3016 994,3073 1267,3043 1332,3077 1540,3001 1597,3027 1658,3001 1775,3058 1893,3020 1893,2944 1753,2902 1719,2933 1597,2902 1445,2936 1377,2898 1305,2933 1218,2895 1150,2936 1058,2883 869,2914"/>
                <Baseline points="889,2979 979,2985 1068,2985 1158,2985 1248,2985 1337,2991 1427,2985 1516,2985 1606,2985 1695,2985 1785,2991 1874,2991 1904,2991"/>
                <TextEquiv>
                    <Unicode>bring him here to me.</Unicode>
                </TextEquiv>
            </TextLine>
            <TextLine id="tr_1_tl_8" custom="readingOrder {index:7;}">
                <Coords points="1851,3198 1954,3225 2049,3160 2189,3156 2420,3251 2474,3221 2511,3232 2511,3054 2424,3039 2348,3069 2250,3024 2140,3069 2033,3031 1935,3077 1851,3039"/>
                <Baseline points="1874,3140 1892,3134 1982,3134 2072,3134 2161,3134 2251,3140 2340,3140 2430,3134 2519,3134"/>
                <TextEquiv>
                    <Unicode>HALMSCHLAEGER</Unicode>
                </TextEquiv>
            </TextLine>
            <TextLine id="tr_1_tl_9" custom="readingOrder {index:8;}">
                <Coords points="873,3350 3210,3308 3210,3194 3092,3187 2439,3251 873,3187"/>
                <Baseline points="895,3290 985,3290 1074,3290 1164,3296 1253,3296 1343,3296 1433,3290 1522,3290 1612,3296 1701,3296 1791,3290 1880,3290 1970,3296 2060,3290 2149,3296 2239,3296 2328,3296 2418,3290 2507,3290 2597,3296 2687,3290 2776,3296 2866,3296 2955,3296 3045,3290 3134,3290 3218,3290"/>
                <TextEquiv>
                    <Unicode>Oh come now, Rademacher, this is just a little--</Unicode>
                </TextEquiv>
            </TextLine>
            <TextLine id="tr_1_tl_10" custom="readingOrder {index:9;}">
                <Coords points="1882,3471 1992,3460 2121,3543 2200,3517 2253,3555 2299,3528 2348,3543 2409,3521 2409,3365 2348,3342 2303,3357 2272,3331 2204,3373 2151,3342 2026,3373 1999,3357 1950,3373 1882,3342"/>
                <Baseline points="1904,3445 1994,3445 2083,3445 2173,3445 2263,3445 2352,3445 2418,3445"/>
                <TextEquiv>
                    <Unicode>RADEMACHER</Unicode>
                </TextEquiv>
            </TextLine>
            <TextLine id="tr_1_tl_11" custom="readingOrder {index:10;}">
                <Coords points="899,3657 3798,3661 3915,3513 899,3536"/>
                <Baseline points="919,3600 1009,3600 1098,3600 1188,3600 1277,3600 1367,3600 1457,3600 1546,3600 1636,3600 1725,3600 1815,3600 1904,3600 1994,3600 2083,3600 2173,3600 2263,3600 2352,3600 2442,3600 2531,3600 2621,3600 2710,3600 2800,3600 2890,3600 2979,3600 3069,3600 3158,3600 3248,3606 3337,3606 3427,3606 3517,3606 3606,3612 3696,3612 3785,3606 3875,3600 3923,3606"/>
                <TextEquiv>
                    <Unicode>(In great excitement) I know doctor--I know it is asking a great</Unicode>
                </TextEquiv>
            </TextLine>
            <TextLine id="tr_1_tl_12" custom="readingOrder {index:11;}">
                <Coords points="869,3809 3710,3835 3805,3820 3805,3657 869,3672"/>
                <Baseline points="889,3749 979,3755 1068,3755 1158,3755 1248,3755 1337,3755 1427,3755 1516,3755 1606,3755 1695,3755 1785,3755 1874,3755 1964,3755 2054,3755 2143,3755 2233,3761 2322,3755 2412,3761 2501,3761 2591,3761 2681,3761 2770,3755 2860,3755 2949,3755 3039,3755 3128,3755 3218,3755 3308,3761 3397,3761 3487,3761 3576,3761 3666,3761 3755,3761 3809,3761"/>
                <TextEquiv>
                    <Unicode>deal--but you're human doctor, you understand things. You're</Unicode>
                </TextEquiv>
            </TextLine>
            <TextLine id="tr_1_tl_13" custom="readingOrder {index:12;}">
                <Coords points="861,3961 3722,3968 3718,3828 3422,3798 2261,3873 1400,3854 1278,3771 861,3873"/>
                <Baseline points="883,3911 973,3911 1062,3911 1152,3905 1242,3911 1331,3911 1421,3911 1510,3911 1600,3911 1689,3911 1779,3911 1869,3911 1958,3911 2048,3911 2137,3911 2227,3917 2316,3917 2406,3917 2496,3917 2585,3911 2675,3911 2764,3911 2854,3917 2943,3911 3033,3911 3123,3917 3212,3917 3302,3911 3391,3917 3481,3917 3570,3917 3660,3917 3732,3917"/>
                <TextEquiv>
                    <Unicode>not like the others who judge only by rote and rule and when</Unicode>
                </TextEquiv>
            </TextLine>
            <TextLine id="tr_1_tl_14" custom="readingOrder {index:13;}">
                <Coords points="857,4078 3889,4109 3889,3999 3634,3972 857,3972"/>
                <Baseline points="877,4078 967,4072 1056,4066 1146,4066 1236,4066 1325,4066 1415,4066 1504,4066 1594,4066 1683,4066 1773,4066 1863,4066 1952,4066 2042,4066 2131,4066 2221,4066 2310,4066 2400,4066 2490,4072 2579,4072 2669,4072 2758,4066 2848,4072 2937,4072 3027,4072 3117,4072 3206,4072 3296,4072 3385,4072 3475,4072 3564,4072 3654,4072 3744,4072 3833,4084 3899,4090"/>
                <TextEquiv>
                    <Unicode>you know doctor— when you know that here is a man who is dying,</Unicode>
                </TextEquiv>
            </TextLine>
            <TextLine id="tr_1_tl_15" custom="readingOrder {index:14;}">
                <Coords points="873,4291 3763,4238 3763,4154 3194,4093 1840,4177 873,4086"/>
                <Baseline points="895,4221 985,4221 1074,4221 1164,4221 1253,4221 1343,4221 1433,4227 1522,4227 1612,4227 1701,4221 1791,4221 1880,4221 1970,4221 2060,4221 2149,4221 2239,4227 2328,4221 2418,4227 2507,4227 2597,4227 2687,4227 2776,4227 2866,4221 2955,4221 3045,4227 3134,4227 3224,4227 3314,4227 3403,4227 3493,4227 3582,4227 3672,4227 3761,4227 3773,4227"/>
                <TextEquiv>
                    <Unicode>and who has just one wish more, one wish on which so much de-</Unicode>
                </TextEquiv>
            </TextLine>
            <TextLine id="tr_1_tl_16" custom="readingOrder {index:15;}">
                <Coords points="861,4416 2807,4401 3069,4499 3228,4412 3911,4454 3911,4283 1848,4321 1616,4241 861,4340"/>
                <Baseline points="883,4388 973,4382 1062,4376 1152,4382 1242,4382 1331,4382 1421,4382 1510,4382 1600,4382 1689,4382 1779,4382 1869,4382 1958,4382 2048,4382 2137,4382 2227,4382 2316,4382 2406,4382 2496,4382 2585,4376 2675,4382 2764,4382 2854,4382 2943,4382 3033,4376 3123,4376 3212,4376 3302,4376 3391,4382 3481,4382 3570,4382 3660,4382 3749,4382 3839,4382 3917,4394"/>
                <TextEquiv>
                    <Unicode>pends for him, and you know you can grant him that wish—dootor</Unicode>
                </TextEquiv>
            </TextLine>
            <TextLine id="tr_1_tl_17" custom="readingOrder {index:16;}">
                <Coords points="838,4655 2284,4602 2811,4666 3046,4647 3046,4480 2447,4393 2310,4480 1715,4401 838,4503"/>
                <Baseline points="859,4550 907,4550 997,4544 1086,4538 1176,4538 1265,4538 1355,4538 1445,4538 1534,4538 1624,4538 1713,4538 1803,4538 1892,4538 1982,4538 2072,4538 2161,4538 2251,4538 2340,4538 2430,4538 2519,4538 2609,4538 2699,4538 2788,4538 2878,4538 2967,4538 3057,4538"/>
                <TextEquiv>
                    <Unicode>please go and feh him, bring him here to me.</Unicode>
                </TextEquiv>
            </TextLine>
        </TextRegion>
    </Page>
</PcGts>
