4232 5176
1964 312 2272 560 - 26 -
762 450 929 776 DER
1191 549 3722 773 But he has not time to bother with us. He's too busy
1202 737 3843 890 with his other faculty. (Dending over the case history)
1191 872 3705 1081 Roentgen also? Do you really think in such cases --
1156 1078 3765 1283 We feel bound to try everything, Professor. especially
744 1120 908 1347 ORT :
1198 1276 3853 1432 where there's nothing more to be 1s t by it. This is in
1145 1439 3783 1609 no way a fad or an advertising stunt, as is asserted in
1145 1567 3970 1744 some quarters, and no one should cast plame on the Professor
1131 1762 1521 1925 for it.
674 1978 922 2152 DIER:
1180 1943 2779 2173 Who blames him? certainly not I.
670 2216 879 2418 TURT:
1188 2212 3580 2389 I know, Professor, not you. But there are people.
674 2446 936 2609 ALER:
1170 2425 2588 2630 Every man has his denactors.
638 2684 939 2871 ADLE R:
1170 2687 3935 2847 Naturally. Anyone who works and achieves. Mary enemies -
1180 2854 3985 2996 much honour. Bernhardi really can’t complain. practice in
1180 3013 3662 3169 the highest civiles and in certain others, where the
1180 3194 3783 3311 emoluments are fortunately higher - Professor, Director
1173 3304 2496 3502 of the Elizabeth Institute.
627 3520 872 3754 KURT:
1170 3541 3924 3715 Well, who should it be, if not he? He's had enoughpre
1170 3694 2482 3868 on behalf of the Institute
624 3903 915 4148 ALER:
1170 3875 4013 4123 certainly. certainly. I should be the last man to belittle
1141 4041 3786 4265 his merits. And that he should have limbed so high in
1145 4297 3786 4424 spite of the present tendencies —.—, I have a certain
1145 4389 3914 4616 right to speak of it, as I myself have never made a secret
1145 4594 3985 4828 of my Jewish origin, even though, on my Mother’s side I come
3878 4736 4087 4903 from
