4248 5624
1920 330 2274 602 —22—„
3666 415 3894 553 you
590 529 3857 745 You yourself know how I always have demired you.. But tell me, how did/
590 631 3857 806 come out? I walked along the main road where all the carraages go by,
570 777 2083 948 and yet I didn't see you at all.
2307 806 3886 1009 What do you think? Carilage time
907 854 2238 1054 Lolo: Cartainly not, Count.
574 948 3552 1131 is over for me now. Naturally,I came out with the train, as is
586 1094 1261 1241 proper for me.
976 1082 3629 1359 Count: Ah yes...But as I hear, your france is himself...
976 1286 3646 1530 Lolo: Yes, but naturally he has finer passages than I.
985 1473 3715 1668 Philip: I had the pleasure ofinting out with Miss Lolo's
586 1603 1278 1790 fiance myself.
976 1721 3930 1908 Count: You ride with Wasner? How everything hangs together...
610 1807 3719 1986 Yes, yes. asychological leannections... (Offers him a eigar) ‘Von’t
606 1953 1416 2120 gou have a cigar?
981 2014 2877 2242 Philip: (Taking one) thanks very much.
1408 2177 3629 2368 But Philip! Such a huger before luncheon!
997 2250 1355 2409 Prince:
1009 2340 3646 2523 Count: Excellent. Best thing for the health. I like a
623 2392 3869 2608 chap like you. "Shan’t we sit down? (Prince, Count, Philip sit down.
635 2535 2694 2694 Countess, Lolo, remain standing quite near.)
1005 2624 3637 2877 Count: So tomorrow you are going away with your father?
1017 2795 3080 3007 Philip: Yes, Count. And Won't it be great!
1021 2958 2628 3178 Count: Are you staying away long?
1013 3113 3092 3328 Prince: That depends on various conditions.
1013 3288 3467 3475 Philip: On the first of October, I must join ranks.
1029 3418 3060 3674 Prince: And then I shall go further South.
1025 3576 3275 3788 Count: That is the very latest. But where to?
1033 3747 3821 3939 Prince: (Locks at the Countess) Egypt, then perhaps to the
1025 3898 1986 4057 for alittle hunting.
659 3906 1001 4044 Soudan,
1042 4000 3654 4179 Countess: (To Lolo) wouldn’t you like to see the park?
1050 4109 3768 4345 Lolo: Yes; it’s beautiful. Ours can’t be compared to it.
692 4284 2144 4467 (They come forward to the left)
1050 4378 3686 4557 Countess: And have you a garden around your house, too?
1042 4496 3654 4716 Lolo: Naturally. We too have an ancestral castle... In
684 4647 3780 4773 Ottakring. Even Wasner’s great grandfather owned a livery stable.
692 4720 3597 4866 Now isn’t that pretty! How the flowers hang down there. I’ll
679 4813 2901 4976 have to a range them like that in my place too.
1062 4923 3694 5127 Count: (restessly) Why do the ladies keep away so long?
