<?xml version="1.0" encoding="UTF-8" standalone="yes"?>
<PcGts xmlns="http://schema.primaresearch.org/PAGE/gts/pagecontent/2013-07-15" xmlns:xsi="http://www.w3.org/2001/XMLSchema-instance" xsi:schemaLocation="http://schema.primaresearch.org/PAGE/gts/pagecontent/2013-07-15 http://schema.primaresearch.org/PAGE/gts/pagecontent/2013-07-15/pagecontent.xsd">
    <Metadata>
        <Creator>prov=READ-COOP:name=TrHtr:version=2.1.0:model_id=51170:date=15_08_2023_04:46</Creator>
        <Created>2023-05-10T15:12:22.021+02:00</Created>
        <LastChange>2023-08-15T04:46:50.375+02:00</LastChange>
        <TranskribusMetadata docId="1428823" pageId="55432641" pageNr="144" tsid="132839063" status="IN_PROGRESS" userId="64420" imgUrl="https://files.transkribus.eu/Get?id=YDZXGMVZPFXAGPXCOTUHHKGK&amp;fileType=view" xmlUrl="https://files.transkribus.eu/Get?id=PJCROQKVOIZDHDYUBAGBQQYL" imageId="44706677"/>
    </Metadata>
    <Page imageFilename="1428823_0144.jpg" imageWidth="3848" imageHeight="5416">
        <ReadingOrder>
            <OrderedGroup id="ro_1711803125292" caption="Regions reading order">
                <RegionRefIndexed index="0" regionRef="tr_2"/>
                <RegionRefIndexed index="1" regionRef="tr_1"/>
            </OrderedGroup>
        </ReadingOrder>
        <TextRegion id="tr_2" custom="readingOrder {index:0;}">
            <Coords points="358,344 3505,344 3505,2135 358,2135"/>
            <TextLine id="tr_2_tl_1" custom="readingOrder {index:0;}">
                <Coords points="1139,467 1508,518 1657,467 1763,507 1760,357 1701,334 1559,346 1469,295 1382,350 1131,322"/>
                <Baseline points="1158,394 1242,423 1331,429 1421,429 1510,435 1600,429 1689,435 1773,435"/>
                <TextEquiv>
                    <Unicode>RADEMACHER</Unicode>
                </TextEquiv>
            </TextLine>
            <TextLine id="tr_2_tl_2" custom="readingOrder {index:1;}">
                <Coords points="342,691 566,589 837,664 1583,676 1712,632 1818,676 1818,495 1540,538 1273,471 1143,530 923,456 817,495 668,436 444,495 338,452"/>
                <Baseline points="364,573 453,579 543,579 632,573 722,579 812,579 901,579 991,579 1080,585 1170,579 1259,585 1349,585 1439,585 1528,591 1618,591 1707,591 1797,591 1827,591"/>
                <TextEquiv>
                    <Unicode>What about them? How are they?</Unicode>
                </TextEquiv>
            </TextLine>
            <TextLine id="tr_2_tl_3" custom="readingOrder {index:2;}">
                <Coords points="1296,758 1363,754 1382,770 1402,758 1437,782 1485,774 1520,793 1540,778 1610,801 1728,789 1724,664 1583,672 1567,656 1547,676 1512,676 1473,640 1437,636 1418,652 1355,636 1292,672"/>
                <Baseline points="1319,734 1409,734 1498,740 1588,740 1677,740 1737,740"/>
                <TextEquiv>
                    <Unicode>WEIHGAST</Unicode>
                </TextEquiv>
            </TextLine>
            <TextLine id="tr_2_tl_4" custom="readingOrder {index:3;}">
                <Coords points="342,974 1881,907 2663,1002 3287,919 3287,817 2926,766 342,801"/>
                <Baseline points="364,889 453,883 543,889 632,889 722,889 812,889 901,883 991,889 1080,889 1170,895 1259,895 1349,895 1439,895 1528,901 1618,901 1707,901 1797,901 1886,901 1976,901 2066,901 2155,901 2245,901 2334,901 2424,901 2513,901 2603,901 2693,901 2782,895 2872,901 2961,901 3051,901 3140,901 3230,901 3296,895"/>
                <TextEquiv>
                    <Unicode>My daughter is married, yes I'm twice a grandfather although I</Unicode>
                </TextEquiv>
            </TextLine>
            <TextLine id="tr_2_tl_5" custom="readingOrder {index:4;}">
                <Coords points="342,1072 3452,1135 3362,950 342,974"/>
                <Baseline points="364,1044 453,1044 543,1044 632,1044 722,1044 812,1044 901,1044 991,1044 1080,1044 1170,1044 1259,1044 1349,1050 1439,1056 1528,1056 1618,1050 1707,1056 1797,1050 1886,1056 1976,1056 2066,1056 2155,1056 2245,1056 2334,1056 2424,1056 2513,1056 2603,1056 2693,1050 2782,1056 2872,1056 2961,1056 3051,1056 3140,1056 3230,1056 3320,1056 3409,1050 3463,1050"/>
                <TextEquiv>
                    <Unicode>know I don’t look it. And the boy is waing his volunteer year--</Unicode>
                </TextEquiv>
            </TextLine>
            <TextLine id="tr_2_tl_6" custom="readingOrder {index:5;}">
                <Coords points="342,1265 3499,1237 3425,1127 3169,1104 342,1135"/>
                <Baseline points="364,1206 370,1200 459,1200 549,1194 638,1194 728,1194 818,1200 907,1200 997,1200 1086,1200 1176,1200 1265,1200 1355,1200 1445,1206 1534,1206 1624,1206 1713,1206 1803,1206 1892,1212 1982,1212 2072,1212 2161,1212 2251,1212 2340,1212 2430,1212 2519,1212 2609,1206 2699,1212 2788,1212 2878,1212 2967,1212 3057,1212 3146,1212 3236,1212 3326,1212 3415,1212 3505,1200"/>
                <TextEquiv>
                    <Unicode>getting into debt—he's just had a duel with a young Baron Wallers-</Unicode>
                </TextEquiv>
            </TextLine>
            <TextLine id="tr_2_tl_7" custom="readingOrder {index:6;}">
                <Coords points="338,1382 1033,1449 2321,1363 2863,1477 3311,1363 3276,1273 2973,1257 338,1265"/>
                <Baseline points="358,1343 447,1349 537,1349 626,1343 716,1349 806,1349 895,1349 985,1349 1074,1349 1164,1355 1253,1355 1343,1349 1433,1355 1522,1361 1612,1361 1701,1361 1791,1355 1880,1361 1970,1361 2060,1361 2149,1361 2239,1361 2328,1361 2418,1361 2507,1367 2597,1367 2687,1367 2776,1367 2866,1361 2955,1361 3045,1361 3134,1361 3224,1361 3314,1355 3320,1355"/>
                <TextEquiv>
                    <Unicode>kirch--about a woman--yes dear friend, it's the same old foot--</Unicode>
                </TextEquiv>
            </TextLine>
            <TextLine id="tr_2_tl_8" custom="readingOrder {index:7;}">
                <Coords points="342,1610 750,1508 1917,1610 2148,1532 2408,1610 2796,1492 338,1418"/>
                <Baseline points="358,1504 447,1510 537,1504 626,1504 716,1498 806,1504 895,1510 985,1510 1074,1510 1164,1510 1253,1504 1343,1504 1433,1510 1522,1516 1612,1516 1701,1516 1791,1516 1880,1516 1970,1522 2060,1516 2149,1516 2239,1516 2328,1516 2418,1522 2507,1522 2597,1522 2687,1522 2776,1522 2806,1522"/>
                <TextEquiv>
                    <Unicode>ishness--we grow old--life goes on its way about us.</Unicode>
                </TextEquiv>
            </TextLine>
            <TextLine id="tr_2_tl_9" custom="readingOrder {index:8;}">
                <Coords points="1375,1716 1559,1728 1602,1701 1657,1712 1685,1693 1767,1728 1830,1728 1869,1760 1905,1752 1905,1598 1866,1583 1791,1598 1763,1571 1579,1595 1544,1567 1375,1579"/>
                <Baseline points="1397,1660 1486,1666 1576,1666 1666,1666 1755,1666 1845,1666 1916,1660"/>
                <TextEquiv>
                    <Unicode>RADEMACHER</Unicode>
                </TextEquiv>
            </TextLine>
            <TextLine id="tr_2_tl_10" custom="readingOrder {index:9;}">
                <Coords points="342,1842 420,1850 456,1830 511,1873 569,1822 617,1854 679,1834 715,1862 766,1838 801,1842 801,1744 758,1732 727,1752 707,1736 632,1760 601,1748 573,1760 550,1740 526,1763 467,1756 440,1728 342,1736"/>
                <Baseline points="364,1815 453,1809 543,1803 632,1809 722,1809 812,1815"/>
                <TextEquiv>
                    <Unicode>Yes--yes.</Unicode>
                </TextEquiv>
            </TextLine>
            <TextLine id="tr_2_tl_11" custom="readingOrder {index:10;}">
                <Coords points="1088,2019 1233,2058 1363,2019 1638,2023 1752,2062 1956,2046 1956,1850 1881,1830 1638,1909 1583,1873 1536,1905 1461,1877 1379,1893 1249,1842 1088,1877"/>
                <Baseline points="1110,1970 1200,1970 1289,1970 1379,1970 1468,1970 1558,1976 1648,1976 1737,1970 1827,1970 1916,1970 1964,1976"/>
                <TextEquiv>
                    <Unicode>(There is a cause)</Unicode>
                </TextEquiv>
            </TextLine>
            <TextLine id="tr_2_tl_12" custom="readingOrder {index:11;}">
                <Coords points="1457,2195 1481,2199 1536,2156 1579,2160 1602,2184 1650,2184 1701,2156 1736,2180 1818,2160 1834,2172 1885,2164 1885,2038 1846,2038 1822,2062 1752,2062 1708,2034 1673,2046 1563,2019 1457,2031"/>
                <Baseline points="1480,2119 1570,2125 1660,2125 1749,2125 1839,2125 1892,2125"/>
                <TextEquiv>
                    <Unicode>WEIHGAST</Unicode>
                </TextEquiv>
            </TextLine>
        </TextRegion>
        <TextRegion id="tr_1" custom="readingOrder {index:1;}">
            <Coords points="334,2219 3415,2219 3415,4942 334,4942"/>
            <TextLine id="tr_1_tl_1" custom="readingOrder {index:0;}">
                <Coords points="338,2321 3311,2345 3283,2160 338,2180"/>
                <Baseline points="358,2269 447,2275 537,2269 626,2269 716,2269 806,2275 895,2275 985,2275 1074,2275 1164,2275 1253,2275 1343,2281 1433,2281 1522,2281 1612,2281 1701,2281 1791,2281 1880,2281 1970,2275 2060,2281 2149,2275 2239,2281 2328,2281 2418,2281 2507,2275 2597,2281 2687,2275 2776,2275 2866,2275 2955,2275 3045,2275 3134,2281 3224,2281 3314,2281 3320,2281"/>
                <TextEquiv>
                    <Unicode>But our time is nearly up. I am still waiting to hear what you</Unicode>
                </TextEquiv>
            </TextLine>
            <TextLine id="tr_1_tl_2" custom="readingOrder {index:1;}">
                <Coords points="338,2470 2930,2451 3111,2529 3232,2502 3232,2309 338,2368"/>
                <Baseline points="358,2430 447,2430 537,2430 626,2430 716,2430 806,2436 895,2436 985,2436 1074,2436 1164,2436 1253,2436 1343,2436 1433,2436 1522,2430 1612,2436 1701,2436 1791,2436 1880,2436 1970,2436 2060,2436 2149,2436 2239,2436 2328,2442 2418,2442 2507,2442 2597,2436 2687,2442 2776,2436 2866,2436 2955,2436 3045,2436 3134,2436 3224,2436 3242,2436"/>
                <TextEquiv>
                    <Unicode>have to say? I am ready to do whatever you may ask. Shall I</Unicode>
                </TextEquiv>
            </TextLine>
            <TextLine id="tr_1_tl_3" custom="readingOrder {index:2;}">
                <Coords points="326,2600 1123,2698 1390,2604 3405,2639 3405,2518 3268,2478 326,2525"/>
                <Baseline points="346,2591 435,2591 525,2591 615,2591 704,2591 794,2591 883,2591 973,2591 1062,2591 1152,2591 1242,2591 1331,2591 1421,2591 1510,2591 1600,2597 1689,2591 1779,2591 1869,2591 1958,2591 2048,2591 2137,2591 2227,2591 2316,2591 2406,2591 2496,2591 2585,2591 2675,2591 2764,2591 2854,2591 2943,2591 3033,2591 3123,2591 3212,2591 3302,2591 3391,2591 3415,2591"/>
                <TextEquiv>
                    <Unicode>make inquire a mong the offices in case you get well sooner than</Unicode>
                </TextEquiv>
            </TextLine>
            <TextLine id="tr_1_tl_4" custom="readingOrder {index:3;}">
                <Coords points="326,2785 3346,2816 3346,2667 3177,2647 326,2675"/>
                <Baseline points="346,2758 400,2746 489,2746 579,2746 668,2746 758,2746 847,2746 937,2740 1027,2746 1116,2740 1206,2746 1295,2746 1385,2740 1474,2740 1564,2740 1654,2740 1743,2746 1833,2746 1922,2746 2012,2746 2101,2746 2191,2746 2281,2746 2370,2740 2460,2746 2549,2746 2639,2740 2728,2746 2818,2740 2908,2746 2997,2746 3087,2746 3176,2746 3266,2740 3355,2746"/>
                <TextEquiv>
                    <Unicode>you expect? Or perhaps —pardon me for speaking of such things</Unicode>
                </TextEquiv>
            </TextLine>
            <TextLine id="tr_1_tl_5" custom="readingOrder {index:4;}">
                <Coords points="342,2906 538,2950 888,2910 1092,2953 1206,2918 1422,2934 1394,2792 1096,2851 1005,2808 778,2847 428,2840 342,2800"/>
                <Baseline points="364,2896 453,2896 543,2902 632,2902 722,2902 812,2902 901,2902 991,2902 1080,2902 1170,2902 1259,2902 1349,2896 1433,2896"/>
                <TextEquiv>
                    <Unicode>--if you need money--</Unicode>
                </TextEquiv>
            </TextLine>
            <TextLine id="tr_1_tl_6" custom="readingOrder {index:5;}">
                <Coords points="1473,3079 1555,3060 1634,3099 1720,3087 1763,3107 1842,3067 1913,3060 1960,3095 1999,3087 1995,2926 1956,2938 1936,2922 1905,2946 1877,2934 1818,2957 1763,2946 1685,2985 1610,2953 1571,2973 1504,2930 1469,2942"/>
                <Baseline points="1492,3051 1552,3045 1642,3045 1731,3051 1821,3051 1910,3051 2000,3045"/>
                <TextEquiv>
                    <Unicode>RADEMACHER</Unicode>
                </TextEquiv>
            </TextLine>
            <TextLine id="tr_1_tl_7" custom="readingOrder {index:6;}">
                <Coords points="342,3224 3315,3260 3315,3130 2804,3071 2423,3150 342,3115"/>
                <Baseline points="364,3206 453,3206 543,3206 632,3206 722,3206 812,3206 901,3206 991,3206 1080,3206 1170,3206 1259,3206 1349,3200 1439,3200 1528,3206 1618,3206 1707,3206 1797,3200 1886,3206 1976,3206 2066,3206 2155,3200 2245,3206 2334,3206 2424,3200 2513,3200 2603,3200 2693,3200 2782,3206 2872,3200 2961,3206 3051,3200 3140,3206 3230,3206 3320,3218 3326,3218"/>
                <TextEquiv>
                    <Unicode>No, no, I don't need anything. I just wanted to see you again,</Unicode>
                </TextEquiv>
            </TextLine>
            <TextLine id="tr_1_tl_8" custom="readingOrder {index:7;}">
                <Coords points="342,3464 864,3366 2258,3456 2478,3386 2478,3264 342,3299"/>
                <Baseline points="364,3361 453,3367 543,3367 632,3367 722,3367 812,3361 901,3355 991,3361 1080,3361 1170,3361 1259,3361 1349,3361 1439,3367 1528,3361 1618,3361 1707,3361 1797,3361 1886,3361 1976,3361 2066,3361 2155,3361 2245,3361 2334,3361 2424,3367 2484,3367"/>
                <TextEquiv>
                    <Unicode>old friend-that is all. (Holds out his hand)</Unicode>
                </TextEquiv>
            </TextLine>
            <TextLine id="tr_1_tl_9" custom="readingOrder {index:8;}">
                <Coords points="1555,3570 1579,3566 1606,3590 1685,3543 1756,3562 1818,3527 1893,3558 1968,3547 1964,3409 1917,3425 1889,3409 1846,3417 1807,3452 1771,3433 1752,3452 1669,3456 1551,3437"/>
                <Baseline points="1576,3511 1666,3511 1755,3517 1845,3517 1934,3517 1976,3511"/>
                <TextEquiv>
                    <Unicode>WEIHGAST</Unicode>
                </TextEquiv>
            </TextLine>
            <TextLine id="tr_1_tl_10" custom="readingOrder {index:9;}">
                <Coords points="326,3731 2380,3680 2682,3755 3311,3704 3311,3566 326,3590"/>
                <Baseline points="346,3672 435,3678 525,3672 615,3672 704,3672 794,3672 883,3678 973,3672 1062,3678 1152,3672 1242,3672 1331,3672 1421,3672 1510,3672 1600,3672 1689,3672 1779,3666 1869,3672 1958,3672 2048,3672 2137,3672 2227,3672 2316,3678 2406,3672 2496,3672 2585,3672 2675,3666 2764,3666 2854,3672 2943,3672 3033,3672 3123,3672 3212,3672 3302,3666 3320,3672"/>
                <TextEquiv>
                    <Unicode>Indeed? I opposite it. And then, when you are well again we</Unicode>
                </TextEquiv>
            </TextLine>
            <TextLine id="tr_1_tl_11" custom="readingOrder {index:10;}">
                <Coords points="326,3900 601,3841 1595,3888 2247,3833 2121,3735 1653,3774 1261,3719 1013,3782 326,3735"/>
                <Baseline points="346,3827 376,3833 465,3833 555,3833 644,3833 734,3827 824,3827 913,3827 1003,3827 1092,3827 1182,3827 1271,3827 1361,3821 1451,3821 1540,3827 1630,3821 1719,3821 1809,3821 1898,3821 1988,3821 2078,3821 2167,3815 2257,3815"/>
                <TextEquiv>
                    <Unicode>will hope to see each other more often--</Unicode>
                </TextEquiv>
            </TextLine>
            <TextLine id="tr_1_tl_12" custom="readingOrder {index:11;}">
                <Coords points="935,3982 3346,4018 3346,3920 3150,3873 935,3908"/>
                <Baseline points="955,3976 1044,3976 1134,3982 1224,3976 1313,3976 1403,3976 1492,3976 1582,3970 1671,3976 1761,3970 1851,3976 1940,3976 2030,3976 2119,3976 2209,3976 2298,3976 2388,3976 2478,3976 2567,3976 2657,3970 2746,3976 2836,3976 2925,3976 3015,3970 3105,3976 3194,3970 3284,3976 3355,3976"/>
                <TextEquiv>
                    <Unicode>(There is an Smbarrassing fause. Theerning of the</Unicode>
                </TextEquiv>
            </TextLine>
            <TextLine id="tr_1_tl_13" custom="readingOrder {index:12;}">
                <Coords points="982,4195 2773,4218 2961,4183 2961,4053 982,4073"/>
                <Baseline points="1003,4138 1092,4138 1182,4132 1271,4138 1361,4138 1451,4132 1540,4132 1630,4132 1719,4132 1809,4132 1898,4126 1988,4126 2078,4132 2167,4132 2257,4126 2346,4132 2436,4132 2525,4132 2615,4132 2705,4132 2794,4132 2884,4138 2973,4126"/>
                <TextEquiv>
                    <Unicode>clock in the larger room is heard plainly)</Unicode>
                </TextEquiv>
            </TextLine>
            <TextLine id="tr_1_tl_14" custom="readingOrder {index:13;}">
                <Coords points="1500,4328 1610,4344 1653,4305 1720,4301 1858,4348 1940,4316 2176,4312 2176,4210 2137,4202 1987,4191 1905,4218 1724,4222 1661,4195 1602,4191 1575,4214 1500,4191"/>
                <Baseline points="1522,4293 1558,4287 1648,4287 1737,4287 1827,4287 1916,4281 2006,4281 2095,4287 2185,4287"/>
                <TextEquiv>
                    <Unicode>HALMSCHLAEGER</Unicode>
                </TextEquiv>
            </TextLine>
            <TextLine id="tr_1_tl_15" custom="readingOrder {index:14;}">
                <Coords points="318,4528 1508,4462 2741,4524 3016,4493 3016,4344 2871,4273 2184,4395 1744,4312 318,4379"/>
                <Baseline points="340,4454 429,4454 519,4454 609,4454 698,4454 788,4454 877,4454 967,4454 1056,4448 1146,4448 1236,4448 1325,4448 1415,4448 1504,4442 1594,4442 1683,4442 1773,4442 1863,4442 1952,4442 2042,4436 2131,4436 2221,4436 2310,4436 2400,4442 2490,4436 2579,4436 2669,4436 2758,4442 2848,4442 2937,4436 3027,4436"/>
                <TextEquiv>
                    <Unicode>(coming in C.) Here I am again. Not too punctual I hope.</Unicode>
                </TextEquiv>
            </TextLine>
            <TextLine id="tr_1_tl_16" custom="readingOrder {index:15;}">
                <Coords points="1591,4666 1669,4686 1732,4627 1775,4642 1811,4627 1846,4646 1909,4627 2027,4627 2027,4528 1862,4536 1791,4521 1756,4536 1716,4509 1693,4532 1634,4536 1591,4509"/>
                <Baseline points="1612,4597 1677,4597 1767,4591 1857,4591 1946,4591 2036,4591"/>
                <TextEquiv>
                    <Unicode>WEIHGAST</Unicode>
                </TextEquiv>
            </TextLine>
            <TextLine id="tr_1_tl_17" custom="readingOrder {index:16;}">
                <Coords points="314,4850 1901,4847 2188,4756 3244,4831 3303,4607 2902,4693 2109,4607 1905,4689 314,4682"/>
                <Baseline points="334,4765 358,4765 447,4765 537,4765 626,4765 716,4765 806,4765 895,4765 985,4759 1074,4765 1164,4759 1253,4759 1343,4759 1433,4753 1522,4759 1612,4753 1701,4759 1791,4753 1880,4753 1970,4753 2060,4753 2149,4753 2239,4753 2328,4753 2418,4747 2507,4747 2597,4747 2687,4747 2776,4747 2866,4747 2955,4747 3045,4747 3134,4747 3224,4747 3314,4747"/>
                <TextEquiv>
                    <Unicode>(Rising evidently believed) No, we have finished what we had to</Unicode>
                </TextEquiv>
            </TextLine>
            <TextLine id="tr_1_tl_18" custom="readingOrder {index:17;}">
                <Coords points="326,4996 758,4984 848,4945 958,4984 1119,4937 1206,4964 1206,4866 1056,4870 970,4827 872,4878 848,4854 326,4862"/>
                <Baseline points="346,4926 435,4932 525,4932 615,4932 704,4932 794,4932 883,4926 973,4926 1062,4926 1152,4926 1212,4932"/>
                <TextEquiv>
                    <Unicode>say to each other.</Unicode>
                </TextEquiv>
            </TextLine>
        </TextRegion>
    </Page>
</PcGts>
