4072 5368
1736 407 1951 618 3 -
961 633 3451 810 Count: Why don't you ever come around? Do you know
961 800 2641 917 how long it has been? Three weeks.
967 942 3347 1093 Prince: (Hooking up to the attic) As long as that?
967 1084 2887 1188 Count: Well, why do you come soexlom?
986 1251 3444 1349 Prince: Don't be angry. You are right, really, and
980 1342 2584 1487 tyday I only came to say good-tye.
967 1462 1803 1607 Count: Good-tye?
974 1620 2225 1733 Prince: I leave to-morrow.
961 1784 2883 1919 Count: You leave? Where are you going?
980 1925 3318 2099 Prince: I am going to the seaside. And you, no
993 2033 1273 2146 plans?
961 2155 3466 2335 Count: I haven’t thought about it yet.... this year.
967 2310 3438 2461 Prince: Oh, it’s so lovely out here- The big park;
967 2408 3312 2512 but after all you will have to go some place this
964 2486 1298 2600 summer.
961 2616 3252 2795 Count: I don't know..It's all the same to me.
955 2767 2266 2928 Prince: What's the matter?
949 2928 3246 3050 Count: My dear old friend- it's going downhill
967 3013 1349 3135 with me.
967 3148 2471 3303 Prince: Why- what rot, Arpad!
2499 3151 2959 3290 Downhill?
949 3318 2256 3457 Dount: Growing old, Egon,
2883 3350 3258 3529 though.
961 3444 3325 3577 Prince: Yes, you have to got used to it, yow
949 3596 3293 3728 Count: What are you talking about? You are five
961 3709 1957 3835 years younger than I.
955 3851 1601 3958 Prince: Six.
1702 3816 3199 3996 But fifty-five isn’t exactly the
942 3936 2899 4075 Spring of life- I am getting used to it.
949 4053 3479 4191 Count: You have always been great at psychology, old
945 4169 1308 4267 fried.
939 4242 3331 4431 Prince: Anyway, I don't know what you are talking
942 4405 3340 4522 about. You look first-rate. (Sits down, looks up
939 4484 2244 4635 again to the attic-Silence)
949 4566 3413 4743 Count: (with an effort) Have you heard the latest?
942 4705 2234 4847 She s going to get married.
936 4837 1544 5004 Prince: Who?
930 4973 2398 5174 Count: Why, you can imagine-
