4328 5672
1875 505 2083 685 -12-
603 636 1565 799 mother--is dead--).
938 709 2234 925 Prince: Provisionally dead.
938 901 2519 1076 Countess: For ever. (Stands up.)
933 1060 1916 1264 Prince: As you wish.
962 1239 2197 1419 (Count and servant enter.)
950 1308 3648 1561 Servant: But your Honor, you yourself gave Joseph leave.
958 1541 2531 1757 Count: Yes, yes; it's all right.
946 1716 1741 1904 (Servant leaves.)
970 1842 2328 2046 Countess: What is it, Papa?
986 1969 3815 2156 Count: nothing, nothing, my child. I wanted to go somewhere
656 2075 3815 2242 in a hurry and that confounded Joseph....Don’t be angry, Mizzi, but
656 2164 3722 2319 I should like a few words with Egon... (To him) What do you think
648 2242 3632 2413 of that—Sne called me up before. Lolo, I mean. She couldn’t
656 2336 3762 2495 get an answer and now Laura phones me – – that’s her chamber-saidane.
660 2442 2116 2605 that she's on her way out here.
986 2568 2067 2776 Prince: To you, here?
986 2707 1578 2910 Count: Yes.
991 2870 1826 3049 Prince: But why?
1003 3004 3938 3167 Count: Why? I can imagine why. You know, she has never been
664 3114 3877 3269 in the villa--naturally--and I had always promised her that before
664 3179 3807 3322 she married I should let her come out once to see the house and the
677 3249 3877 3453 garden. It always vexed her that I couldn’t receive her here. Yes.
677 3347 3844 3489 Well, yes, because of Mizzi. And she understood too. And to bring
677 3416 3803 3559 her out secretly when Mizzi was away ——I never allowed myself such
640 3518 3819 3652 liberties. And now she ends me a message that day after tomorrow is
681 3603 3126 3730 her wedding day and that she is on her way out here.
1439 3730 3775 3913 Well, what's the difference? She's not coming as
1007 3766 1398 3889 Prince:
689 3819 2768 3982 your tristress. before whom are you ashamed?
1023 3958 3771 4125 Count: Just today...and now when your son will be here at
677 4076 1223 4231 any moment.
1011 4190 1374 4345 Prince:
1472 4141 3347 4366 I shall take the personality for him.
1023 4370 3877 4476 Count: But it’s not suitable for me, for me. I am going to
693 4443 3970 4574 meet her and stop her. It makes me nervous. Please apologize for me
681 4508 3477 4659 to your son. Good-tye, Mizzi, I’ll be back soon. (Leaves)
1035 4635 3766 4826 Prince: Miss Lolo has amnounced her intention to visit us,
693 4757 2222 4944 and that doesn't suit your Papa!
1023 4859 3697 5059 Countess: What? Lolo visiting us? She coming here?
1023 5018 3795 5193 Prince: Your Papa, Mizzi, promised her that she might see
701 5156 3844 5344 the villa once before her wedding. And now he a going out to meet
