4120 6200
1757 361 1975 526 2 -
1346 651 2832 878 Yes, the one with the red hat.
950 679 1286 878 NUR SE.
1255 835 1919 978 (irritably)
2623 850 3722 994 she was a collegue of
941 860 1221 1037 FLOR.
321 807 835 1100 h angrily
1343 938 2159 1062 Red hat, sed hat
1367 972 3726 1128 mine, she was. Last year we were both in a job
1355 1044 3570 1190 together. She was the leading lady, and your
3159 1109 3775 1209 Just look at
1355 1159 3037 1274 humble servant was the young hero.
1367 1181 3869 1352 me please — I neednt say any more— well, I sent
1355 1265 3835 1417 her a postgard, merely a postcard, and she came at
1374 1374 3532 1483 once. Theres still loyalty in theötte.
1386 1383 3698 1558 She promised me to look around and see an agent
1380 1489 3663 1638 so that I may get a job for the summer, when I
3000 1564 3545 1673 So you see,
1367 1614 2925 1713 am discharged from this place.
1380 1604 3747 1800 young lady may be very good-hearred, even ig she
1380 1757 3134 1860 does wear a red hat, Mrs. Paschanda.
1399 1757 3598 1925 (With growing excitementt, later on, "coughing),
564 1807 1115 1981 voutation
1389 1850 3794 2012 Perhaps she'll be coming again - - I'll write her
1399 1941 3754 2093 word to put on a blue hat next time because Mrs.
1399 2043 2573 2187 Paschanda cant bear red.
1405 2134 3657 2318 Sh! Sh! People are trying to sleep. (listens).
994 2199 1299 2364 NUR SE.
1392 2352 1959 2486 What is it?
997 2355 1265 2532 FLOR.
1402 2480 2813 2604 I:thought I heard the doctor.
1012 2504 1318 2673 NURSE.
1427 2573 2835 2710 (The hospitalÇlock strikes).
1405 2723 2215 2884 What time is it?
1009 2723 1271 2866 FLOR.
1414 2884 1673 3034 Sine.
1009 2872 1327 3028 NUR SE.
1414 2950 3483 3174 who is doing the night visit this evening?
1022 3046 1283 3187 FLOR.
1417 3174 2271 3299 Dr. Halmschlöger.
1031 3174 1336 3302 NURSE.
2585 3243 3847 3398 A fine fellow only rather
1424 3308 2470 3445 Ah! Dr. Halmschlöger.
1034 3302 1299 3476 FLOR.
2084 3361 3710 3507 (He notices Rademacher making up)
1452 3405 1928 3504 conceited
1430 3461 3305 3604 Will you allow me, Mr. Rademacher....
835 3458 1374 3641 Your servant
1448 3610 2124 3788 (nods to him).
1034 3635 1305 3772 RADE.
1458 3738 2772 3881 (mimickng Dr. Halmschlöger)
1044 3794 1293 3925 FLOR.
1445 3791 3816 3937 Well, my dear Rademacher, and how are we feeling
1941 3884 3875 4028 (pretending to take off an overcoat and
1445 3937 1800 4056 to-day?
1452 3984 2822 4087 to hold it out to the nur &)
1445 4059 3909 4196 Ah, my dear Mrs. Paschanda, would you oblige me..
1442 4152 2053 4308 Many thanks.
1464 4271 2526 4411 ( daugh s involuntarily
1044 4296 1364 4433 NUR SE.
1448 4324 2813 4520 How you do take people off!
1477 4473 3884 4623 in a changed tone as if he were passing from one
1053 4517 1318 4672 FLOR.
1461 4595 2193 4707 bed to another,
1470 4579 3763 4766 Nothing fresh? nothing fre sh? nothing frech?
1470 4741 2339 4875 Good, good, good.
1056 4884 1396 5031 NURSE.
1477 4897 2807 5015 Why, that s the head doctor,
1470 4990 2754 5137 If he could only hear you!
