4344 5480
3645 276 3909 568 19.
1600 364 2153 604 RADEMACHER
800 536 1937 804 (Anxiously) Is he alone?
1705 732 1989 864 NURSE
776 836 2353 1092 No, there's a gentleman with him.
1613 1016 2149 1212 RADEMACHER
796 1176 2961 1408 (Sicks back in his chair with a gratoful sigh)
1661 1332 2057 1492 FLORIAN
768 1456 3689 1621 Pull yourself together now.—I am sorry I can't stay and see
788 1617 2073 1853 it. (He glides out quickly)
1112 1773 3009 1997 (Halmschlaeger and Weihgast comes in C.)
1661 1941 2317 2125 HAUMSCHLAEGER
776 1993 1901 2301 The patient is in here.
1673 2265 2093 2425 WEIHGAST
788 2357 3833 2565 (Handsomely dressed, well preserved man about 55. Boardaiplightly
992 2525 1252 2629 came
784 2577 2165 2769 pray, light spring overcost.)
808 2717 3773 2905 In here? Why Rademacher—is it really you? And this is how we
796 2869 2313 3049 meet again? My dear old friend!
1673 3009 2193 3189 RADEMACHER
800 3153 2317 3413 I am etateful to you for coming.
1669 3321 2341 3489 HALMSCHLAEGER
808 3477 3629 3681 (Has motioned the nurse who brings a chair for Weihgast) And
796 3649 3777 3805 now Mr. Weihgast, may I ask you, as physical in charge, not to
796 3805 3657 3933 let this conversation continue for more than a quarter of an
792 3941 3773 4129 bour? When the time is up I will take the liberty of returning
772 4105 1905 4293 myself to lead you out,
1741 4229 2161 4417 WEIHGAST
800 4397 2505 4565 Thank you doctor, you are very kind.
1817 4533 2485 4713 HALMSCHLAEGER
796 4637 4017 4874 Oh it is I who have to thank you. It required no s[l]ight sacrifice-
