3576 5112
830 250 1083 492 V.J.
1340 295 1653 475 - 13 -
679 510 2971 717 (Enter from ward BERNHARDI,OSKAR, KURT and ISTER)
629 700 1892 939 Well, here I am Professor.
679 900 3094 1122 (SISTER places some papers before him to be signed)
183 1245 366 1406 RNH:
580 1199 3165 1392 What's this? Some more? Will you excuse me for another
580 1396 3126 1582 moment Professor? (loile signing) Astonishing how it
566 1554 3035 1716 always acts...... (To EEENWALD) You must know, we
570 1726 3035 1881 have a blood deisoning case lying in there. Girl of
563 1892 3094 2050 eighteen. quite conscious. World like to get up and
577 2032 3242 2191 go for a walk, thinks herself quite well. And the pulse
563 2152 3129 2352 already imperceptible. She may not last another hour.
622 2430 3196 2567 (professionally) This condition is frequently met with.
619 2669 3344 2859 (officNoisly) shall I give her another camphor injection?
619 2887 3165 3035 (Looking at him quietly) You might have saved yourself
598 3052 3165 3207 the trouble of the previous one. (Consolingly) All the
605 3207 3245 3393 same it is possible that you have given her the happened
584 3372 3115 3537 bour of her life. Of course, I know that wasn’t your
598 3464 1449 3646 intention either.
88 3727 271 3878 IOCH:
601 3727 3027 3910 (irritated) Why not Chief? After all, one isn’t a
587 3889 999 4065 butcher.
98 4103 327 4276 ERNH:
577 4107 3407 4311 I don't remember ever having repreached you in that respect.
640 4336 3172 4508 (Glances are excahnged between HOCHROITZPOSINTER and
693 4490 1238 4687 ERENWALD.)
