4216 5464
1800 316 1984 535 -3-
621 527 1172 707 their step.
965 633 3792 847 Count: Well, thanks very much. (Returns the roses to him.)
961 804 2960 1035 The Prince (enters through the main gate.)
976 968 2159 1191 Count (goes towards him).
957 1160 2691 1343 Gardener: How do you do, your honor?
957 1308 2304 1484 Prince: Good morning, Peter,
968 1472 2081 1636 Gardener (leaves right)
965 1601 3624 1773 Prince (In light summer suit, slender, 55 years old, but
660 1718 3628 1859 looks a bitburnger. Talks with the easy account of a gentleman
648 1824 1234 1964 of culture.)
976 1874 3858 2140 Count: How are you, old friend. How's everything...How goes
633 2007 828 2199 it?
957 2105 3300 2363 Prince: thanks, very well. Wondertweather today.
968 2327 2745 2480 Count: (offers him airgantic eigar.)
980 2472 3679 2628 Prince: No thanks, not before luncheon. I'll have one of
640 2558 3749 2702 my eigarettes if you don’t mind. (Takes aselberettte from his eig¬
648 2671 1933 2831 arette case and lights it.)
988 2792 3815 2937 Count: And so you haven’t forgotten a man all together. Do
672 2901 3807 3038 you know how long it really has been since you’ve been here? Three
656 3007 957 3183 weeks.
980 3104 3776 3288 Prince: (Looking up at the studio) Is it really that long?
992 3237 3878 3432 Count: Some now, what makes you such a stranger around here?
1000 3417 3694 3561 Prince: Don't be angry with me. I admit it’s true. And
957 3522 2710 3659 I'm only here to say good-tye to you.
668 3495 922 3694 today
1004 3655 2175 3835 Count: What? Good-tye?
980 3803 2788 3987 Prince: Yes, tomorrow I'm going away.
992 3964 2804 4186 Count: You are going away? Where to?
1000 4092 3889 4323 Prince: To the seashore. And you...have you no plans as yet?
1004 4268 3686 4502 Count: I haven’t thought about it at all.....the year...
988 4460 3936 4647 Prince: Well yes, it's so wonderful out here...the great park
687 4561 3062 4721 ...But still you will go somewhere for the summer.
1011 4682 3757 4873 Count: I don't know yet. It doesn't make any difference.
1000 4866 2702 5057 Prince: What's the matter with you?
1011 4994 3159 5217 Count: Dear old friend, we're going downhill.
