4312 5416
1208 463 3709 610 The stage represents a small room contained off from
741 672 3698 772 a public hospital ward. Versi shallow set. The entire back is
760 814 3655 942 filled out by the white linen weurtains separating this alcove
749 980 3601 1085 from the main room. R. a small white bed, besides it a large
757 1131 3852 1243 arm chair. L.. a large table on which are bottles, papers, records,
760 1285 3752 1393 etc. Two plain whichairs R. and L. of table. A candle is burning
757 1467 3621 1536 on the table. There is no other furniture. The entrance is
760 1606 2057 1710 C. through the curtain.
1332 1803 3686 1930 When the curtain Leises Rademacher sitse in the arm
757 1972 3613 2081 clair leaning back, his eyes closed. He is just past 50 but
760 2138 3632 2258 prematurely aged, very pray and very ill. Juliana Paschanda,
757 2316 3733 2397 night course, isÕated L. of table writing. She is about, good-g¬
760 2443 3713 2617 natured still young. Florian Jackwerth raisesellep of curtain
768 2598 3698 2748 C. and comes in. He is about 28, thin,smouth-shaven with eyes
768 2756 3663 2860 shining in fever. He wears a loose line gown which he draps
772 2922 2351 3015 about himself in important folds.
1718 3192 2100 3312 FLORIAN
791 3343 3721 3466 (coming C. from main room, which is dimly lighted by a hanging
768 3528 1046 3663 lamp)
772 3671 2073 3818 Alway's busy, Miss Paschanda?
1722 3829 2007 3933 NURSE
768 4003 3679 4088 Are you up again? What will the doctor say? Go back to your
780 4153 1741 4273 bed and go to sleep.
1710 4281 2084 4400 FLORIAN
772 4458 3598 4570 Surely I am planning a good long sleep. May I not help you,
780 4508 3860 4779 fair lady? That is, I don’t mean— (The nurse pays no attention.
768 4748 3837 4871 He creeps on rip toe to Rademacher’s chair) Miss Paschanda, look
768 4906 2019 5030 here--please look here--
