4088 5464
3069 109 3252 309 :
1718 445 1996 598 - 22 -
815 536 3460 777 Prince: My dear old friend, here he is,my son Phillip.
815 764 2492 930 Phillip: It’s a great honor,Count.
815 856 3483 1076 Count (Shakes hands) Weloome, in my house. Lock on it as
832 957 3510 1185 your own. There is no need of an.introduction, evidently.
828 1171 1782 1334 Countess: No. Papa.
825 1260 3402 1477 Count: (A little subscribe) It’s faireing of you, to
839 1348 3361 1541 call, Miss. Pallestri. Tou know how I always admired
852 1439 3320 1626 you. But tell me, how did you come? I took my walk
859 1531 3317 1701 just now on the principal street, where all the car-
849 1623 2814 1789 raiges have to pass. and I didn’t see you.
862 1687 3561 1908 Lolo: Why, Count, what do you think? No more carraiges
866 1823 3185 2006 for me. I came, of course, by train-as I should.
866 1942 3286 2135 Count: I see- But I hear that your france himself-
866 2098 3578 2285 Lo 10: Yes. But naturally he has marter passangers than
1833 2312 3589 2526 o have the pleasure to drive out with
883 2383 1776 2550 Phillip: I happen-o
879 2512 2081 2648 Miss. Pallestrins fiance.
889 2584 3493 2767 Count: Wasner drives you? If that doesn't beat every¬
1280 2638 3561 2818 Well- niychological connection (offering him a
906 2760 1202 2859 thing-
1277 2808 1908 2923 Kave a eigar?
900 2825 1205 2947 cigar)
900 2896 2448 3106 Phillip: ( ecepting) Thank you.
900 3032 3561 3246 Prince: But, Phillip, such a big eigar before luncheon?
910 3185 3578 3381 Count: Excellent. That's the healthiest thing. I like
927 3249 3656 3493 you. Let s sit down. (Prince, Count and Phillip sit down-
930 3371 3595 3544 Countess, Lolo stand near) And to-morrow you leave with
930 3510 1511 3650 your father?
930 3582 3538 3762 Phillip: Yes, Count. I'm looking forward to it tremen-
923 3762 1280 3877 dously.
934 3840 2336 4026 Count: How long do you stay?
934 4026 2006 4193 Prince: That depend s.
944 4118 3670 4318 Phillip: Tho First of October I must be back for my year
920 4291 1552 4447 in the army.
968 4284 3222 4570 Prince: And I might possibly go further South.
968 4532 2668 4722 Count: That’s a new plan. Where?
978 4661 3507 4851 Prince: (Looking at the Countess) Egypt, Perhaps the
978 4804 2848 4957 Soudan afterwards, for a little hunting.
974 4896 3222 5120 Countess (to Lolo) I want to show you the Park.
