4072 5560
1655 528 1955 678 - 28 -
517 565 3281 876 Count: (Gets up- kisses her on theorghand- walking a few
880 689 3131 970 What do you think of- How do you like the boy?
521 858 828 996 stops)
543 880 2277 1127 Countess: Phillip? A little cheeky.
554 977 3322 1255 Count: Yes, cheeky, but jolly. Hope he stage in the army.
551 1067 3434 1333 That’s a more sensible career than diplomaty. Slow but sure.
562 1165 3251 1412 If you live long enough you get to be a general. But the
562 1247 3322 1509 political car-eer- „Look at Egon-“ Three times he was nearly
562 1307 3442 1592 made Minister- and even if he had reached it..... (Walling
565 1393 3434 1652 up and donn) Well, well,- it'll be rather lovely this summer
573 1595 1356 1749 for us out here.
588 1625 2723 1872 Countess: You wanted to go to Ostende, Papa.
607 1764 3453 2019 Count: But say- Worldn't you like to come? It really would.
599 1854 3303 2101 You know without you- Don't look at me. I know I wasn't
607 1977 2827 2210 around all these years with you as I ought to-
595 2056 3370 2344 Countess: (taking his hands) But, Papa, you don't want to
607 2236 2401 2427 make causes? I understand perfectly.
637 2329 3281 2562 Count: Well, yes. But without you I don’t care for the
1285 2363 3554 2599 And what do you want to do here all by yourself?
640 2539 1150 2651 whole trip.
637 2584 1588 2760 Paint the whole day?
648 2610 3532 2861 Countess: There’s only one stupid thing about it. The Prince
655 2801 1932 2977 has asked me to many him.
663 2790 3415 3112 Count: What? Is it possible? Why- And- And you said, No?
685 3026 2423 3281 Countess: That's what it amounts to.
670 3153 3580 3404 Count: Why, yes- really- I never try to six with your affairs
678 3251 3535 3498 as you think best. But really I don't know why it wouldn’t-
678 3314 3543 3573 I noticed long ago that he- Your ages would fit veryAicely
682 3370 3621 3651 And the other things - twelve millions aren’t so bad- but just
2670 3460 3599 3603 Or is it because of
700 3532 2595 3738 as you think. (Countess doesn't answer)
712 3547 3689 3801 the boy? I tell you, that (s'overboing it. Such things happen
708 3636 3490 3876 in the best of families. And particularly- as his wife was
704 3678 3603 3951 always complaining of her weak heart- suddenly one gets mixed
719 3850 2599 4075 up in these affairs without knowing how.
723 3932 3243 4194 Countess: And leaves such a poor girl and runs her.
745 4048 3539 4325 Count: Oh, well, they only write that in novel. Is it his
742 4172 3438 4412 fault? These girl always do seem to die young., And if
749 4262 3378 4501 she hadn’t died he might have- really I think it s very
738 4318 3475 4573 nice of him, adopting the boy. It takes courage. I know
749 4397 3599 4666 many. Well, let s drop the subject. So if that is the only
771 4498 3363 4726 thing against him— And anyway being together in Ostende
756 4666 2116 4820 doesn't bind you to anything.
779 4775 1824 5000 Countess: That's true.
779 4794 3580 5119 Count: There, you see. I’ll tell you something. You just
783 4940 3805 5269 accompany me. If you like it, stay. It you don’t,go one to London
