4296 5624
1918 365 2127 516 -20-
934 389 3680 729 Do you really think that I would ask you if I ever had the
557 565 860 676 known.
561 656 934 758 idea...
885 725 3675 877 Philip: Not exactly ask,Lead....But for a congenial family
557 803 3659 967 life it's necessary that all the members are fond of each other...
561 942 1246 1106 Isn’t that so?
963 1012 2586 1242 (Euter Countess and Lolo Langhuber)
951 1192 3647 1344 Countess: Please, Miss Lolo, Walk on as far as you like.
553 1270 3692 1504 Papa will surely be very sorry if he misses your visit. (Wants to
578 1434 2028 1561 present her) May I present....
897 1496 2188 1713 Lolo: Oh, Your Excellency!
901 1664 2336 1848 Prince: Oh, Miss Pallestri...
914 1791 3823 1975 Lolo: Langhuber, if you please. I've come to thank the Count
561 1914 3852 2065 for the beautiful bouquet that he sent me for my farewell Tecomance.
942 2036 3544 2254 Prince: (presente) My son, Philip. And this is Miss...
967 2213 2233 2401 Lolo: Charlotte Langhuber.
955 2331 3811 2512 Prince: Till very recently (to Philip) known by the name of
574 2458 1069 2659 Pallestri.
955 2499 3876 2790 Philip: Miss Pallestri! Then I have long had the pleasure...
967 2786 1619 2950 Prince: What?
967 2897 3040 3106 Philip: Miss Pallestri is in my collection.
967 3053 3344 3262 Prince: What...what sort of a collection have you?
975 3192 3970 3385 Lolo: That must be a mistake, Excellency. I cannot remember...
975 3372 3757 3540 Philip: Naturally, you cannot remember; because when I cut
615 3475 3757 3626 your photographs out of the newspaper in Krems, you could naturally
594 3602 1643 3745 not have felt it here.
967 3708 2163 3913 Lolo:nnk the Lord, no.
979 3868 3819 3999 Philip: You see, that was one of our 18ports at school. One
598 3938 3667 4102 of the fellows used to cut out all the murder and accident cases.
979 4073 3003 4249 Lolo: He must have been a terrible person.
987 4225 3884 4384 Philip: And one of them cut out historical personages, North
627 4339 3700 4483 pole exp’lorers we composers and such people; and I collected the
611 4425 3692 4548 ladies from the Theater. They look much better. Two hundred and
623 4515 3786 4630 thurteen. I’ll show you some time, Das. Very interesting. I even
598 4614 2794 4737 have an Australian operetta singer among them.
996 4724 3782 4917 Lolo: I didn't know at all that your Excellency had a son.
615 4831 1991 4987 And such a grown one besides.
611 4917 3815 5163 seclusion: anilip: Yes, Miss, till now I've been modestly blooming in
