4104 6200
1767 320 1950 450 - 7
1285 551 2441 728 (is about to thank him)
868 570 1137 703 RADE.
1308 684 1988 839 (stopping him)
871 728 1153 871 HALM.
1282 750 3828 906 You under stand I cannot guarantee to bring him back?
1273 861 3784 994 But since it seems to matter to you so tremendously
1301 944 3568 1067 (as Rade, is again about to thank him) That’s
2612 1016 3337 1156 (He turn's away)
1279 1026 2482 1156 alright, that’s alright.
1285 1130 2150 1311 Finsed at last!
887 1175 1149 1304 TANN.
1292 1285 3828 1431 My dear Tann, I’LL ask you to do something for me-—
890 1333 1143 1479 HALM.
1292 1371 3796 1513 Visit the other words in my place, there Is nothing
1292 1498 3806 1564 of importance -- two Hujections - - the nure will
1292 1558 2280 1675 be able to tell you.
2163 1631 2755 1814 what is it
1292 1694 2099 1830 Why, what is it?
890 1678 1143 1836 TANN.
1333 1783 1938 1887 queer business
2030 1821 3610 1944 This poor devil has begged me to
1285 1849 1985 1960 An-odd story.
883 1849 1156 1976 HALM.
1298 1900 3641 2020 fetsh an old friend to him, to whom he obviously
1285 1985 3613 2115 has an important confidence to make, and do you
2736 2064 3150 2210 guriter.
1298 2087 2748 2172 know who it is - Weiggast, the
1187 2144 2694 2270 Why you're surely not going to do it,
2865 2163 3670 2302 Now come, are you
1285 2220 2713 2321 Well, and you are going then?
890 2213 1162 2340 TANN.
1298 2289 3616 2403 a messenger? Believe me, these people here are
1314 2368 3008 2530 simply exploiting your good nature.
1301 2482 3841 2622 Well my friend, that besends how one feel about it.
890 2533 1140 2650 HALM
1298 2603 3527 2701 In my view things like this are just the most
1301 2656 3014 2799 interesting side of our profession.
1301 2808 3027 2941 Well, that is a point of view, too.
899 2815 1156 2964 TANN.
1298 2973 2486 3116 Then will you oblige me?
902 2960 1146 3116 HALM.
2083 3078 3837 3261 We must give up the café for to-day?
1298 3103 1963 3271 Oh certainly.
909 3119 1149 3249 TANN.
2109 3249 2881 3391 still get there.
1285 3258 2064 3413 Perhaps I might
902 3264 1162 3401 HALM.
918 3480 2185 3644 (EXIT Halm. Tann. Nur se.)
2036 3625 3632 3730 Whix, what have you been talking
1327 3616 1966 3765 (RE-entering)
909 3638 1165 3777 FLOR.
1308 3727 2793 3844 about with the Doctor so long?
1320 3834 3632 3967 (With emotion, almost with gaiety) I'm going to
906 3863 1165 4005 RADE.
1301 3964 3477 4075 have a Du sitor, I'm going to have aouditor.
1333 4050 3502 4198 (Interested) What’s that? Avisor? Now?
902 4088 1168 4230 FLOR.
1327 4167 2637 4306 In the middle of the night?
2527 4300 3515 4433 now you just watch
1308 4312 2463 4423 Yes, my dear Jackwerth,
909 4322 1181 4480 RADE.
1320 4363 3695 4512 There will be something more for you to learn, I
2397 4474 3347 4566 You must study this
1308 4480 2245 4588 mean from my visit.
1327 4537 3705 4661 gentleman before he comes into me, and afterwards
1327 4601 3771 4734 when he leaves me. AH! (With growing excitement)
1314 4692 3473 4794 If I can only see it! If I can only see it!
1327 4743 3796 4873 Give me a glass of water Jackwerth, there’s a good
1308 4841 3695 4958 fellow. (FLOR. does so, and he drink this stily
1327 4860 3841 5025 Thanks, thanks. Yes,I think the machine will hold
1320 5003 3790 5117 out so long as that, (Almost in fear.) If he only
2669 5069 3223 5205 with nurgwing
1327 5101 2530 5224 comes, if he only comes.
1308 5174 2859 5379 Who are you talking about then?
899 5215 1175 5395 FLOR.
2789 5338 3755 5497 No that would be no
1342 5370 2679 5557 (To himself) write to him?
899 5370 1184 5547 RADE.
1336 5462 3553 5579 use. No I must have him here, here in from t
1320 5531 3492 5718 of me, eye to eye and face to face. Ah yes.
