4056 5544
1712 513 1920 697 26
721 614 3428 887 Phillip: This Miss Lolo, is the Count’s natural daughter,
724 776 3168 988 and, therefore, the Countess' sister-,foster-sister.
731 908 2998 1123 Prince: Step-sister, you mean. Go on,diplomat.
752 1019 3380 1279 Phillip: And of course they both love you. The Countess
745 1140 3255 1341 and the ballett -dancer. And this marriage between the
759 1258 2589 1452 ballett danger and Wasner is your doing.
752 1463 1477 1636 Prince: Go on.
776 1549 2336 1761 Phillip: Papa- I've got an idea.
787 1747 1695 1906 Prince: What is it?
797 1796 2860 2038 Phillip: I don't know, whether I may say it.
794 1962 3071 2198 Prince: Well, you are not sousshful as a rule.
801 2132 2454 2392 Phillip: If my mother wasn't dead-
818 2381 1383 2555 Prince: Hm. -
828 2447 3269 2652 Phillip: If it was my mother, who through a strange
835 2530 3144 2735 chain of circumstances, had just left in the same
2132 2603 3144 2731 If it had been my own
835 2666 2107 2832 carriage, in which I came?
828 2697 2957 2887 mother, whom I had cut out of the newspaper.—
842 2828 3154 3033 Prince: You certainly be Minister, at least for
842 2943 2908 3158 Agriculture- But come,we must say good-tye.
863 3071 2887 3321 (Count and Countess return from the mortal)
863 3210 3532 3432 Prince: Well, my dear friend, I'm sorry,but we must go.
863 3310 3518 3588 Count: But why don’t you stay? It would be so nice- If
887 3529 1865 3685 you stayed for lunch.
880 3567 3532 3802 Prince: Impossible. We have an engagement for lunch at
901 3778 1598 3927 the umestaurant.
891 3830 3411 4021 Count: That’s too bad. And now we won’t see you all
915 4021 1428 4160 the summer.
908 4045 2908 4315 Prince: Why, we are not out of the world.
929 4267 2451 4503 Count: And you leave to-morrow?
922 4458 1570 4610 Prince: Yes.
932 4582 1917 4773 Count: And go where?
939 4676 2634 4939 Prince: To the seaside-to Ostende.
957 4804 3747 5109 Count: Oh, to Ostende. I always wanted to go there myself.
