4056 5480
1537 464 1778 583 18 -
500 569 3174 770 Countess: That discovery seems to make you a lot of fun,
504 756 892 885 Phillip.
497 781 3296 1011 Phillip: Discovery.....Well, honestly, it wasn’t exactly
507 928 2159 1119 arecovery (looking at the Prince)
504 1051 1997 1224 Prince: Go on, go on, Phillip.
529 1180 3224 1378 Phillip: Well, Countess, you know I always had a feeling
536 1299 2807 1497 that I wasn’t simply, Phillip Radeiner by birth.
540 1440 3264 1619 Countess: Radeiner? (To the Prince) Under that name...
536 1616 1166 1814 Prince: Yes;
551 1731 3426 1933 Phillip: Of course, it was very pleasant for me to have this
558 1832 3224 2001 feeling verified- but I've always know it. I'm no idiot.
551 1839 3379 2076 Some fellows in the school had some inkling that I..... Just
569 1954 3386 2159 think of the fable, Countess, that Prince Ravenstein should
554 2033 3397 2224 come to Krems regularly to ask after the progress of the son
565 2120 3462 2321 of a dead friend. That's a little too romantic, out of a six-
565 2195 3397 2404 penny novel. And for the knowing ones- it was always rather
565 2267 3343 2465 evident that Princely blood rohls through my venis. And as
561 2415 2400 2580 I can see a thing or two myself.
576 2523 3163 2706 Countess: That’s evident. What plans have you got for
583 2656 1576 2821 your future, Phillip?
587 2699 3419 2922 Phillip: I’ll begin my year in the army in October. In the
590 2814 3322 3016 Bragoons, the regiment where we Ravensteins always used to
587 2904 3293 3088 serve, next whether I stay in the army or become an arch-
594 3066 1821 3206 bishop- in time of course.
590 3124 3282 3304 Countess: That wouldn't be so bad. The Ravensteins were
601 3289 1684 3440 always strong in faith.
605 3347 3340 3538 Phillip: Oh, yes, you can read it in history. First they
612 3437 3397 3631 were Catholic, then in the Thirty-years War they changed to
612 3527 3264 3718 Protestantism,than back to Catholicism again. They were
601 3624 2861 3807 always strong in faith,- but they like variety.
619 3797 1861 3969 Prince: Phillip, Phillip.
637 3876 3210 4063 Countess: You see, that's the new spirit, Prince Egon.
608 4106 2141 4286 Prince: And the mother's blood.
630 4200 3314 4416 Countess: Your father tells me you've worked hard.- Been
623 4336 1796 4520 gradutated with honours.
1090 4437 3437 4599 That wasn’t hard, Countess, I was always quick at
1198 4527 3368 4671 probably my Bourgeois blood. I found time for
641 4488 1058 4639 Phillip:
655 4599 3206 4786 something besides that weren’t required in school. I
633 4614 1076 4718 Iearning,
648 4740 2084 4876 iuarned horseback niding, and-
641 4873 1346 5056 Countess: And?
