4056 5512
1522 607 1837 730 — 24 —
814 646 3222 922 Lolo: Oh, he may many yet. I tell you, Countess,
840 763 3339 990 there are many who would jump at the chance- believe
827 918 2531 1097 me, Countess, It wasn't easy for me.
831 983 3109 1207 Countess: Do you know what I thought sometimes?
840 1100 2882 1285 Thether he hadn't the idea of marreying you?
834 1249 2466 1454 Lolo: Oh, he wanted to all right.
850 1441 1885 1622 Countess: congressly?
863 1525 3245 1752 Lolo: Do you know, when he asked me the last time?
863 1723 1778 1846 Not four weeks ago.
883 1817 2171 2018 Countess: And you refused?
876 1931 3161 2119 Lolo: I refused. It wouldn’t do. I, a Countess,
889 1999 3433 2210 can you imagine it? I, as your step-mother, Countess,
912 2100 3112 2307 We wouldn t have had such a pleasant chat then.
899 2262 3174 2424 Countess: If you only knew how much I like you.
899 2388 3443 2580 Lolo: Well, I don’t want to brag about it. Who knows,
912 2489 3226 2661 whether I wouldn't have accepted, Countess, -if -
935 2547 3268 2742 The thing is, I fell so madly in love with Wasner.
925 2609 3388 2813 You won’t think bad of me? All these eighteen years
938 2684 3342 2911 I was true to your father. But that one cools down
931 2761 3398 2998 in time- Well, that isn’t astronishing. And to do it
938 2846 3401 3063 secretly- No, no, Countess,- I owe too much gratitude
954 2992 2697 3131 to your father for that. Good Lord-
961 3128 2291 3294 Countess: What's the matter?
951 3258 2421 3466 Lolo: There he is at the gate.
964 3446 1782 3644 Countess: (looks)
980 3550 2745 3754 (Wasner at the door, living his hat)
970 3686 3466 3888 Lolo: Isn’t it silly, Countess? But when I see him
990 3771 3544 3985 suddenly, my heart jamps. Yes, an old foot’s the worst
1003 3978 1240 4095 fool.
996 3978 3573 4215 Countess: Old? You call yourself old? There can’t be
999 4183 2281 4313 much difference between us.
990 4244 2580 4507 Lolo: Why, yes. (Looking at her)
1019 4348 3631 4592 Countess: I am thirty-seven. But you needent be sorry
1019 4511 3154 4686 for me. You've no reason. Absolutely none.
1415 4624 3628 4829 (Reassured) I've heard some stores, Countess-
1048 4705 3544 4932 but of course I didn’t believe them. Tank God, they
1025 4696 1324 4845 Lolo:
1038 4845 2223 5027 were true (Shaking hands)
