4072 5432
1712 362 1964 486 - 8
791 566 2862 751 Count: Why should I mind? But who is it?
791 694 2162 858 Prince: My son, dear Appad.
798 855 2875 999 Count: (Astonished to the utmost) Your son?
791 1025 3368 1190 Prince: Yes, my son. I wanted before I leave Vienna-
811 1186 2433 1361 Count: Your son? You have a son.
804 1347 1381 1501 Prince: Yes.
804 1525 3385 1615 Count: Of all things...... You have a young gentleman
811 1612 3314 1719 who is your son? Or rather a son who is a young gen-
821 1686 1967 1813 tleman? How old is he?
804 1806 1723 1971 Prince: Seventeen.
804 1940 1709 2101 Count: Seventeen.
2775 1957 3251 2071 But, Egon.
1743 1960 2718 2088 And now you tell it,
804 2054 3314 2165 Egon..... tell me, seventeen years. But then - your
811 2145 1863 2272 wife still was living.
801 2252 3234 2396 Prince: Yes, My wife was still living. sometimes
811 2383 2946 2490 you are drawn into queer affairs, dear Arpad.
804 2490 2899 2621 Count: Good Lord, yes, that’s true enough.
811 2658 3338 2785 Prince: And then one day you have a son of seventeen
811 2775 2058 2906 and go traveling with him.
811 2892 2158 3040 Count: Oh, you go with him.
804 3023 1488 3197 Prince: I do.
818 3194 3479 3314 Count: Well, I can’t tell you....... A son of seventeen
834 3278 3529 3402 (Sudaenly shakes his hand and embraces him) And if you'll
821 3385 3321 3469 excuse the question...... The mother of your son....
821 3458 2999 3599 Since you've already started talking about it.
2517 3556 3472 3723 She died a few weeks
804 3593 2440 3710 Prince: The mother dies long ago.
804 3710 2580 3834 after the birth. Quite a young girl.
821 3800 1977 3981 Count: From the people?
818 3954 3314 4082 Prince: Yes, of course, But a faireing girl she was.
821 4065 3284 4176 Well, another time I’ll tell you more. As well as I
1994 4135 3291 4276 It was like a dream- and if
821 4156 1940 4256 can remember myself....
818 4239 1793 4377 the boy wasn't here-
1233 4370 3298 4487 A nice fellow, never to have spoken about it
821 4373 1143 4501 Count:
1233 4464 3328 4598 Now you tell me, just before the boy’s going
821 4474 1196 4574 before¬
828 4544 1260 4672 to call
798 4645 2788 4826 Prince: I didn't know how you'd take it.
804 4789 3308 4960 Count: Nonsense. Taxe it. Did you believe? I know
804 4916 3341 5067 a little about psychology too. And you call yourself
788 5020 1310 5168 my friend?
