4280 5640
1950 516 2159 647 -26-
3713 461 3884 713 xx
996 593 2818 791 Philip: I don't know if I may say it.
1000 771 2632 934 Prince: You're not usually so shy.
1004 895 3287 1093 Philip: What if my mother is not dead at all...
1000 1085 1686 1237 Prince: Hm.
1023 1159 3729 1353 Philip: If it were my mother who, through this remarkable
690 1306 3764 1434 chain of circumstances is now niding to the city in the very same
674 1399 3795 1504 car nunge in which I came out. If it were my own mother whose pic¬
694 1500 2105 1640 ture I cut out of the paper.
1012 1597 3748 1752 Prince: Boy, you will decidedly be minister—at least of
678 1717 2892 1880 agriculture.... But come now, we must leave too.
1019 1845 3372 2016 Count and Countess: ( die back from the entrance.)
1019 1969 3806 2151 Prince: And so, dear friend, now unfortunately we must say
678 2109 1120 2264 farewell.
1442 2229 3938 2392 But won't you stay? We'd so like to have you stay to
1066 2229 1364 2388 Count;
667 2306 1225 2481 luncheon.
1066 2438 3872 2597 Prince: Sorry, but it’s impossible...We have an appointment
671 2535 1423 2744 at the Bristol.
1058 2702 3768 2837 Count: That's really too bad. And now we than’t see you
678 2787 1237 2958 all summer.
1058 2915 3140 3089 Prince: Well, we’ll still be on this earth.
1070 3117 2927 3314 Count: And tomorrow you're going away?
1058 3252 1644 3399 Prince: Yes.
1074 3384 1849 3543 Count: Where to?
1070 3485 2737 3706 Prince: To the seashore, to Ostend.
1078 3694 3574 3861 Count: Ah, to Ostend. I've long wanted to go there.
1058 3830 2636 4012 Prince: It would be very nice...
1070 3973 3713 4171 Count: Now, what do you think, Mizzi? Let's be lports.
678 4031 1081 4225 Let's go
1120 4082 1787 4217 to Ostend too.
1066 4221 3725 4419 Countess: I can’t decide yet. But you can anyhow, dear
674 4264 988 4450 Papa.
1109 4458 3865 4675 Philip: It would really be faireming, Countess. I’d enjoy
674 4493 1171 4659 it hugely.
1105 4640 3989 4892 Countess (smiling) You're very kind, Philip. (Offers him her
667 4733 988 4876 hand.)
1081 4857 1985 5078 Philip (kisses it)
