4216 5656
1773 504 2010 649 -23-
937 612 3934 820 Countess: It’s all right, papa. I’m only explains the façade
591 753 1819 916 of the house to Miss Lolo.
907 866 3879 1041 Philip: Do ladies from the Theater come to see you very often,
583 962 882 1124 Count?
920 1057 1461 1265 Count: No.
1515 1116 3767 1270 This is an accident! (They walk along chatting
629 1220 2289 1390 unseen, in the near of the garden.)
912 1340 3784 1482 Countess: (To Lolo) How strange it is that today is the very
574 1465 3659 1582 first time that I have the opportunity of speaking with you, Miss
583 1548 832 1669 Lolo.
907 1540 2518 1677 I am so happy to be able to do so.
3434 1628 3675 1790 I've
962 1640 3372 1802 Lolo: (With a thankful look) And I, too, Countess.
574 1748 3796 1886 known you for a long time by sight, naturally. I often used to look
587 1852 1403 1994 up into your box.
953 1969 2148 2140 Countess: But not at me.
953 2106 2327 2314 Lolo: Well, that's over now.
953 2289 3896 2481 Countess: Do you know, Miss Lolo, I'm really a little sorry--
562 2331 1207 2539 for his sake.
945 2510 1586 2701 Lolo: Sorry?
945 2676 3742 2822 Countess: It will be a hard blow for him. I know best how
574 2801 3484 2951 attached he is to you. Even if he has never told me anything,
945 2935 1232 3055 Lolo:
1278 2926 3755 3047 Yes, Countess, don’t you think it’s hard for me too?
574 3043 3838 3143 But I ask you, Countess, what else is there left for one to do? I am
579 3101 3746 3201 not one of the Ioungest anymore, you know. And after all, one does
579 3188 3788 3288 want to live properly. As long as I had a profession, I could allow
562 3284 3834 3380 myself—how shall I say it—to cherish freer opinions. To a certain
579 3351 3700 3463 extent it belonged to my position. But now, when I am retiring to
587 3430 2090 3571 suivate' life, how would it look?
949 3538 3742 3684 Countess: Yes, I understand that perfectly. But what will
549 3634 1053 3800 he do now?
945 3759 3863 3913 Lolo: Perhaps he will many. I tell you, Countess, there are
562 3892 3909 4000 still many who would give their right hand...Don't you think, Countess,
574 3988 2227 4129 that it was a hard decision for me?
932 4121 3842 4221 Countess: Do you know what I thought at times? That perhaps
562 4187 2410 4354 he had the idea of making you his wife.
920 4341 2606 4537 Lolo: Yes, he wanted to, Countess.
932 4512 1723 4674 Countess: What?
932 4641 3480 4787 Lolo: Do you know when he asked me for the last time,
566 4737 1981 4912 Countess? Not four weeks ago.
932 4887 2244 5070 Countess: And you said no?
