4264 5672
1827 547 2045 708 -10-
926 596 2141 845 Count: (surprised) What?
934 745 3771 946 Prince...It’s really the best thing to tell Mizzi the truth
604 938 998 1103 at once.
3011 994 3755 1147 Espectally when
934 1034 2970 1191 Count: Naturally, naturally, why not then?
604 1083 3836 1288 you are even adopting him....It's really finny. A daughter, even if
616 1191 3747 1356 she's as old as the hills, for her father still remains the little
612 1340 869 1469 girl.
946 1393 3655 1574 Countess: (appears. Thirty-seven years old, very young-
624 1521 3522 1658 looking for her age. Florentine straw hat, white dress. She
612 1550 3840 1775 kisses the Count. Then gives her hand to the Prince) Well, how are
624 1723 1449 1888 you, Prince Egon?
946 1771 3252 1972 Prince: Very well, thanks, Mizzi. Working hard?
958 1960 2516 2157 Countess: Oh, I point my posies.
2612 2105 3743 2266 Recently Professor Wind¬
958 2133 2548 2274 Count: Don't be so modest, Mizzi.
616 2218 3715 2359 hofer said that she could very well exhibit. She can compete with
644 2355 974 2500 anyone.
1002 2391 3675 2600 Countess: Yes, that's possible. But I'm not ambitious.
974 2600 3900 2777 Prince: I'm not in favor of exhibiting either. Then one is at
640 2705 2435 2890 the alleing of every newspaper winter.
970 2830 3747 2979 Countess: So are members of the House of Lords. At least
640 2979 1775 3107 when they say something.
970 3063 3554 3216 Count: And what about our kind? These newspaper9-men
652 3192 2210 3357 poke theirDoses into everything.
970 3256 3900 3441 Prince: Well, as things go nowadays, there are people, Mizzi,
652 3405 3723 3554 who could critique your pictures only because you’re a countess.
970 3514 2278 3719 Count; He’s right in that.
974 3659 3586 3816 Servant (enters) Your honor is wanted at the telephone.
986 3844 2813 4009 Count: Who is it? What's the matter?
986 4029 3872 4158 Servant: Some one wishes to speak with your honor personally.
2818 4114 3027 4226 Privée
2322 4150 3981 4343 (Softly to him) Tell her now while
982 4142 2274 4287 Count: Pardon me a moment.
640 4262 2322 4440 I'm not here. I'd rather. (Leaves)
990 4367 3864 4568 Countess: Some one is telephoning... can papa already be in
652 4508 1852 4665 newkeins? (sits down).
990 4621 2013 4806 Prince: In new ones?
1006 4786 3691 4923 Countess: This is the time when Lolo usually telephoned.
660 4846 3466 5035 But it’s all over with Lolo now. You know that, don’t you?
978 4971 2520 5156 Prince: Yes, I’ve just heard it.
