3624 5144
1144 258 1446 502 - 19 -
648 482 2539 747 Is that so? He’s written to me as well.
197 533 448 747 GEND:
631 760 2580 964 He seems to be quite an active gentleman.
197 733 387 988 RNH:
655 971 3130 1158 (With a short glance at Ebenwald) Listen, Bernhardi,
190 995 435 1181 GENDE
655 1141 3185 1365 your Institute would make a favour aquisition in Hill.
648 1429 3093 1545 Then he must have developed brilliantly in Graz. So
642 1545 2957 1725 long as he was in Vienna he was considered a very
662 1725 1684 1881 incompetent customer.
648 1877 1056 2091 By whom?
648 2129 3140 2298 By you for instance. And we all know to whom he owes
638 2298 3140 2455 his call to Graz. Certain lnfluences from above were
648 2427 1253 2631 responsible.
638 2679 3140 2869 Well, it’s no distance to him that he cure a Prince.
648 2937 3378 3106 I don't Zeame him for that. But a whole career should not
642 3096 3022 3286 be dependent on one such instance. As regards his
645 3229 2129 3412 contributions to science.,.....
618 3483 3045 3673 Excuse me, on that point I am the most competent to
648 3663 3005 3802 speak. He has published some excellent treatises.
625 3877 3337 4074 May be. In any case I see that I must draw the conclusion
638 4040 3201 4203 from all this that you, yourself, would rather propose
625 4183 3110 4325 Hill as your sucessor than your contant and pupil
628 4325 1005 4502 Wenger.
102 4546 407 4722 TUGEND:
618 4559 3317 4784 Wenger is too young. I am convinced that he himself does
