4312 5192
1768 152 1978 386 II
1867 420 2141 586 — 28 —
1264 549 3858 701 The commissionaire is not to be found. No doubt in the
789 593 1057 769 PRIAN:
1264 691 3892 871 public House again. We shall still live to see the same
1565 850 1802 938 here.
1264 877 3801 1016 thing occur, that happened once in Frague, when I was
1257 1037 3899 1216 working there under Heschel. We also had a drinkard for
1247 1179 3913 1379 a porter in a pathological-anatomy Institute. Every now
1264 1352 3733 1507 and then the fellow swilled up all the spirit out of
1264 1528 2144 1660 the specimen jars.
1257 1734 3398 1846 So far, Professor, ours still prefers whichy.
725 1704 1013 1904 ADLER:
1267 1948 3994 2158 Well, I should like to come down to night. When will you
711 1965 1104 2144 CYPRIAN:
1264 2107 1748 2263 be there?
1267 2259 2951 2490 I generally work till midnight now.
722 2324 1030 2510 ADLES:
1277 2595 3411 2744 Very well. Then I'll come about ten o'clock.
708 2585 1098 2740 CYPRIAN:
1358 2785 3008 2981 ( Enger right OSkant and BERNHARDI)
1264 3042 3930 3222 Good morning. How are you Cyprian? Are you looking for
725 3049 1016 3252 BERNH:
1277 3218 1850 3371 me perhaps?
1270 3388 3953 3611 I really had something to talk to Adler about. But I am
732 3445 1091 3628 CYPRIAN
1270 3594 3875 3733 very pleased to meet you as well. I wanted to ask you
1270 3777 3946 3906 when you could spare the time to come to the Ministers of
1257 3889 2168 4079 B. Education with me?
715 4092 1006 4336 BERN H:
1230 4126 2351 4360 Why, what's the matter?
1230 4322 3804 4590 nothing special. But I think we ought to stride while
732 4397 1101 4549 CYPRIAN S
1267 4556 2066 4756 the iron is hot.
