4072 5528
1630 473 1910 626 - 23 -
751 619 3405 899 Lolo: How beautiful it is. Ours can’t compare with it.
784 845 2614 1058 (They come both to the front-left side)
781 987 2353 1187 Countess. You have a garden too?
778 1096 3310 1322 Lolo: Of course. We have our ancestral castle out in
788 1207 3337 1434 the suburbs. Already Wasner s great-grandfather was a
788 1258 3489 1484 carriage, owner. Isn’t it lovely out here? Those flowers
805 1359 3452 1582 hanging down? I'll have to arrange something like it in
812 1538 1295 1670 our place.
812 1579 3439 1795 Count: (Uneasily) What are the ladies doing over there?
815 1745 3368 1954 Countess: Never mind, Papa. I explained the fassade
835 1880 2651 2029 of our little castle to Miss Pallestri.
1281 1988 3290 2178 And do you receive ladies of the stage out
828 2063 1234 2188 Phillip:
828 2147 1697 2309 here often, Count?
842 2232 3131 2411 Count: No, not exactly. That's rather by chance.
859 2363 3260 2573 (Count, Prince and Phillip go in the invisible part
886 2522 1572 2685 of the garden)
859 2610 3307 2786 Countess: (To Lolo) Isn't it strange, that I've never
866 2681 3354 2881 had a chance to speak to you before to-day? I'm very
866 2820 1958 2992 glad, it s come at last.
866 2925 3314 3114 Lolo: (Thanking her with a glance) And I, Countess-
879 2996 3307 3226 Of course I knew you by sight. I often looked up to
879 3175 1285 3287 the box.
896 3276 1900 3459 Countess: Not to me.
893 3391 2353 3615 Lolo: Oh, that’s all over new.
903 3530 3219 3757 Countess: You know.I'm a little grived for him.
886 3743 1586 3932 Lolo: Grieved?
2600 3760 3533 3959 I know how attached
913 3844 2549 4034 Countess: It will be hard on him.
906 3939 2891 4108 he was to you. Even if he never told me.
923 4027 3557 4264 Lolo: Wen’t you believe, Countess, that it was hard for
3398 4139 3577 4233 You
930 4156 3243 4352 me too? But say yourself- what else could I do?
923 4233 3588 4406 know I'm a little passee and at last you want to live in
1948 4291 3672 4460 It was all right as long as I had my
2113 4389 3638 4517 Then I was free to have- What do
940 4379 1846 4514 settled conditions.
943 4467 3665 4683 you say— To profess more liberal views, It kind of belong-
937 4456 2029 4588 profession, of course.
954 4541 3547 4734 ed to my station. But now- after retiring into private
954 4666 2407 4859 life, would it look a bit nice?
943 4703 3476 4974 Countess: Yes, I see, perfectly well. But he- What
947 4943 1457 5082 about him?
