<?xml version="1.0" encoding="UTF-8" standalone="yes"?>
<PcGts xmlns="http://schema.primaresearch.org/PAGE/gts/pagecontent/2013-07-15" xmlns:xsi="http://www.w3.org/2001/XMLSchema-instance" xsi:schemaLocation="http://schema.primaresearch.org/PAGE/gts/pagecontent/2013-07-15 http://schema.primaresearch.org/PAGE/gts/pagecontent/2013-07-15/pagecontent.xsd">
    <Metadata>
        <Creator>prov=READ-COOP:name=TrHtr:version=2.1.0:model_id=51170:date=15_08_2023_04:46</Creator>
        <Created>2023-05-10T15:12:15.802+02:00</Created>
        <LastChange>2023-08-15T04:46:36.552+02:00</LastChange>
        <TranskribusMetadata docId="1428823" pageId="55432292" pageNr="100" tsid="132839019" status="IN_PROGRESS" userId="64420" imgUrl="https://files.transkribus.eu/Get?id=HVSFPLVVGGZZGRCNOJUKCQSQ&amp;fileType=view" xmlUrl="https://files.transkribus.eu/Get?id=CCNVYPYXMOPHTFYZELVBZUUG" imageId="44706329"/>
    </Metadata>
    <Page imageFilename="1428823_0100.jpg" imageWidth="4248" imageHeight="5048">
        <ReadingOrder>
            <OrderedGroup id="ro_1711803007184" caption="Regions reading order">
                <RegionRefIndexed index="0" regionRef="tr_1"/>
            </OrderedGroup>
        </ReadingOrder>
        <TextRegion id="tr_1" custom="readingOrder {index:0;}">
            <Coords points="733,272 3991,272 3991,4443 733,4443"/>
            <TextLine id="tr_1_tl_1" custom="readingOrder {index:0;}">
                <Coords points="1880,403 1937,393 1981,420 2082,356 2169,369 2162,245 2088,255 2072,275 2045,262 1974,272 1937,238 1870,265"/>
                <Baseline points="1891,322 1981,334 2070,340 2160,340 2177,340"/>
                <TextEquiv>
                    <Unicode>- 34 -</Unicode>
                </TextEquiv>
            </TextLine>
            <TextLine id="tr_1_tl_2" custom="readingOrder {index:1;}">
                <Coords points="799,628 836,631 907,594 950,618 1041,591 1078,611 1118,598 1118,436 1061,447 1007,413 967,430 923,403 826,443 799,440"/>
                <Baseline points="817,560 906,554 996,548 1085,554 1127,566"/>
                <TextEquiv>
                    <Unicode>BERNH:</Unicode>
                </TextEquiv>
            </TextLine>
            <TextLine id="tr_1_tl_3" custom="readingOrder {index:2;}">
                <Coords points="1370,648 3787,641 3784,541 3492,487 2656,541 1367,463"/>
                <Baseline points="1384,566 1473,572 1563,572 1652,572 1742,572 1831,578 1921,578 2010,584 2100,584 2189,590 2279,590 2368,590 2458,596 2547,596 2637,596 2726,602 2816,596 2905,596 2995,602 3084,602 3174,602 3263,608 3353,608 3442,608 3532,614 3621,614 3711,614 3794,620"/>
                <TextEquiv>
                    <Unicode>(zuickly) It is quite possible that it</Unicode>
                </TextEquiv>
            </TextLine>
            <TextLine id="tr_1_tl_4" custom="readingOrder {index:3;}">
                <Coords points="1313,745 3697,786 3629,655 1313,655"/>
                <Baseline points="1330,721 1420,721 1509,721 1599,721 1688,721 1778,721 1867,727 1957,727 2046,727 2136,733 2225,733 2315,739 2404,739 2494,739 2583,745 2673,751 2762,751 2852,751 2941,757 3031,757 3120,757 3210,757 3299,763 3389,763 3478,763 3568,763 3657,769 3705,769"/>
                <TextEquiv>
                    <Unicode>might hasten the end, perhaps only by minutes, but</Unicode>
                </TextEquiv>
            </TextLine>
            <TextLine id="tr_1_tl_5" custom="readingOrder {index:4;}">
                <Coords points="1360,883 1450,913 1575,896 1796,977 1897,943 1944,954 1944,786 1910,772 1776,772 1729,809 1568,752 1521,779 1464,776 1407,739 1360,755"/>
                <Baseline points="1378,871 1467,871 1557,871 1646,871 1736,871 1825,871 1915,871 1951,871"/>
                <TextEquiv>
                    <Unicode>still —...</Unicode>
                </TextEquiv>
            </TextLine>
            <TextLine id="tr_1_tl_6" custom="readingOrder {index:5;}">
                <Coords points="786,1142 843,1145 890,1185 947,1175 967,1189 1031,1165 1051,1182 1142,1178 1145,967 1031,994 970,967 954,980 910,970 856,1004 833,987 789,990"/>
                <Baseline points="805,1097 883,1091 972,1091 1062,1091 1151,1085"/>
                <TextEquiv>
                    <Unicode>PRIEST:</Unicode>
                </TextEquiv>
            </TextLine>
            <TextLine id="tr_1_tl_7" custom="readingOrder {index:6;}">
                <Coords points="1353,1118 2978,1142 3260,1236 3425,1152 3629,1182 3623,987 2726,1027 1350,890"/>
                <Baseline points="1372,1103 1461,1109 1551,1109 1640,1109 1730,1109 1819,1109 1909,1109 1998,1109 2088,1115 2177,1109 2267,1115 2356,1121 2446,1121 2535,1121 2625,1127 2714,1127 2804,1127 2893,1133 2983,1133 3072,1139 3162,1145 3251,1145 3341,1145 3430,1145 3520,1145 3609,1145 3633,1145"/>
                <TextEquiv>
                    <Unicode>Again: Can the patient still be saved? Does my</Unicode>
                </TextEquiv>
            </TextLine>
            <TextLine id="tr_1_tl_8" custom="readingOrder {index:7;}">
                <Coords points="1343,1296 3834,1346 3834,1212 1340,1199"/>
                <Baseline points="1360,1253 1449,1259 1539,1253 1628,1259 1718,1259 1807,1259 1897,1264 1986,1264 2076,1264 2165,1264 2255,1270 2344,1270 2434,1276 2524,1276 2613,1276 2703,1282 2792,1282 2882,1288 2971,1288 3061,1288 3150,1294 3240,1294 3329,1294 3419,1294 3508,1300 3598,1300 3687,1306 3777,1306 3842,1318"/>
                <TextEquiv>
                    <Unicode>appearance constitute a danger in this sense? If so,</Unicode>
                </TextEquiv>
            </TextLine>
            <TextLine id="tr_1_tl_9" custom="readingOrder {index:8;}">
                <Coords points="1346,1501 1642,1420 2451,1538 2646,1457 3556,1565 3844,1511 3841,1377 3723,1353 2894,1397 1343,1296"/>
                <Baseline points="1360,1408 1449,1408 1539,1408 1628,1414 1718,1414 1807,1414 1897,1414 1986,1420 2076,1420 2165,1426 2255,1426 2344,1432 2434,1432 2524,1438 2613,1438 2703,1432 2792,1438 2882,1443 2971,1443 3061,1443 3150,1443 3240,1449 3329,1449 3419,1449 3508,1455 3598,1455 3687,1455 3777,1461 3854,1467"/>
                <TextEquiv>
                    <Unicode>I should, of course, be prepared to withdraw at once.</Unicode>
                </TextEquiv>
            </TextLine>
            <TextLine id="tr_1_tl_10" custom="readingOrder {index:9;}">
                <Coords points="1541,1659 2011,1669 2105,1709 2320,1679 2444,1729 2753,1692 2730,1524 2357,1514 2256,1588 2145,1511 1538,1561"/>
                <Baseline points="1557,1646 1646,1652 1736,1652 1825,1652 1915,1652 2004,1652 2094,1658 2183,1658 2273,1664 2362,1664 2452,1670 2541,1670 2631,1670 2720,1676 2762,1670"/>
                <TextEquiv>
                    <Unicode>(ADLER nods hie approval)</Unicode>
                </TextEquiv>
            </TextLine>
            <TextLine id="tr_1_tl_11" custom="readingOrder {index:10;}">
                <Coords points="772,1984 873,1964 886,1978 900,1967 937,1978 974,1964 997,1978 1091,1967 1081,1726 1024,1726 1001,1702 933,1706 896,1689 829,1692 799,1722 762,1716"/>
                <Baseline points="787,1849 877,1855 966,1861 1056,1861 1097,1855"/>
                <TextEquiv>
                    <Unicode>BERNH:</Unicode>
                </TextEquiv>
            </TextLine>
            <TextLine id="tr_1_tl_12" custom="readingOrder {index:11;}">
                <Coords points="1289,1914 3982,1931 3979,1847 3764,1806 1286,1790"/>
                <Baseline points="1306,1867 1396,1873 1485,1873 1575,1873 1664,1879 1754,1879 1843,1879 1933,1885 2022,1885 2112,1885 2201,1885 2291,1891 2380,1891 2470,1897 2559,1897 2649,1903 2738,1897 2828,1903 2917,1903 3007,1903 3096,1903 3186,1909 3275,1909 3365,1909 3454,1915 3544,1915 3633,1915 3723,1921 3812,1921 3902,1921 3991,1927"/>
                <TextEquiv>
                    <Unicode>She is beyond all earthly hope. There can be no question</Unicode>
                </TextEquiv>
            </TextLine>
            <TextLine id="tr_1_tl_13" custom="readingOrder {index:12;}">
                <Coords points="1340,2156 1447,2166 1682,2109 1803,2149 1887,2145 1917,2135 1914,1974 1863,1994 1816,1964 1796,1981 1548,1957 1511,1981 1450,1954 1383,1971 1336,1954"/>
                <Baseline points="1354,2022 1443,2022 1533,2028 1622,2034 1712,2034 1802,2034 1891,2040 1921,2034"/>
                <TextEquiv>
                    <Unicode>about that.</Unicode>
                </TextEquiv>
            </TextLine>
            <TextLine id="tr_1_tl_14" custom="readingOrder {index:13;}">
                <Coords points="755,2313 809,2310 849,2327 960,2276 1084,2293 1121,2276 1121,2186 984,2156 870,2159 836,2176 806,2156 752,2159"/>
                <Baseline points="775,2249 865,2243 954,2243 1044,2249 1127,2249"/>
                <TextEquiv>
                    <Unicode>PRIEST:</Unicode>
                </TextEquiv>
            </TextLine>
            <TextLine id="tr_1_tl_15" custom="readingOrder {index:14;}">
                <Coords points="1350,2283 2998,2297 3297,2364 3216,2216 1346,2149"/>
                <Baseline points="1366,2249 1455,2255 1545,2261 1634,2261 1724,2267 1813,2267 1903,2267 1992,2273 2082,2273 2171,2273 2261,2273 2350,2279 2440,2279 2529,2279 2619,2279 2708,2279 2798,2285 2887,2285 2977,2285 3066,2285 3156,2285 3245,2285 3305,2291"/>
                <TextEquiv>
                    <Unicode>Then, Professor, I can see no reason....</Unicode>
                </TextEquiv>
            </TextLine>
            <TextLine id="tr_1_tl_16" custom="readingOrder {index:15;}">
                <Coords points="766,2542 826,2552 876,2528 937,2555 960,2542 1004,2565 1024,2548 1048,2558 1078,2548 1078,2411 1037,2421 974,2377 940,2377 917,2360 826,2391 792,2370 762,2374"/>
                <Baseline points="781,2482 871,2482 960,2482 1050,2488 1085,2488"/>
                <TextEquiv>
                    <Unicode>BERNH:</Unicode>
                </TextEquiv>
            </TextLine>
            <TextLine id="tr_1_tl_17" custom="readingOrder {index:16;}">
                <Coords points="1316,2511 3744,2568 3740,2407 3636,2384 3109,2468 2038,2357 1853,2444 1313,2401"/>
                <Baseline points="1336,2488 1426,2494 1515,2488 1605,2494 1694,2494 1784,2506 1873,2506 1963,2506 2052,2506 2142,2506 2231,2506 2321,2506 2410,2506 2500,2512 2589,2512 2679,2512 2768,2518 2858,2518 2947,2524 3037,2524 3126,2524 3216,2529 3305,2529 3395,2529 3484,2535 3574,2535 3663,2535 3747,2547"/>
                <TextEquiv>
                    <Unicode>Excuse me, your Revenue, so far I am still acting</Unicode>
                </TextEquiv>
            </TextLine>
            <TextLine id="tr_1_tl_18" custom="readingOrder {index:17;}">
                <Coords points="1316,2662 3727,2723 3723,2572 2699,2636 2139,2515 1313,2532"/>
                <Baseline points="1336,2649 1426,2643 1515,2643 1605,2649 1694,2649 1784,2649 1873,2655 1963,2655 2052,2655 2142,2655 2231,2661 2321,2661 2410,2661 2500,2667 2589,2667 2679,2673 2768,2673 2858,2673 2947,2679 3037,2679 3126,2685 3216,2685 3305,2691 3395,2691 3484,2691 3574,2691 3663,2697 3735,2708"/>
                <TextEquiv>
                    <Unicode>in my capacity of physical. And one of my duties,</Unicode>
                </TextEquiv>
            </TextLine>
            <TextLine id="tr_1_tl_19" custom="readingOrder {index:18;}">
                <Coords points="1330,2824 3814,2884 3814,2777 3626,2743 1326,2746"/>
                <Baseline points="1348,2798 1438,2804 1527,2804 1617,2804 1706,2804 1796,2810 1885,2810 1975,2816 2064,2816 2154,2816 2243,2816 2333,2816 2422,2822 2512,2822 2601,2822 2691,2828 2780,2834 2870,2834 2959,2834 3049,2840 3138,2840 3228,2846 3317,2846 3407,2846 3496,2852 3586,2852 3675,2858 3765,2858 3824,2858"/>
                <TextEquiv>
                    <Unicode>when nothing else remains to me, is to ensure, as far</Unicode>
                </TextEquiv>
            </TextLine>
            <TextLine id="tr_1_tl_20" custom="readingOrder {index:19;}">
                <Coords points="1313,2965 1709,3049 2025,2971 3468,3028 3468,2921 3384,2891 3129,2948 2444,2864 1309,2891"/>
                <Baseline points="1330,2953 1420,2953 1509,2959 1599,2959 1688,2959 1778,2965 1867,2965 1957,2965 2046,2971 2136,2971 2225,2977 2315,2971 2404,2971 2494,2977 2583,2977 2673,2983 2762,2983 2852,2989 2941,2989 3031,2995 3120,2995 3210,2995 3299,3001 3389,3001 3478,3001"/>
                <TextEquiv>
                    <Unicode>as possible, a happy death for my patient.</Unicode>
                </TextEquiv>
            </TextLine>
            <TextLine id="tr_1_tl_21" custom="readingOrder {index:20;}">
                <Coords points="1518,3260 3462,3267 3458,3109 1514,3122"/>
                <Baseline points="1533,3198 1622,3198 1712,3198 1802,3204 1891,3204 1981,3204 2070,3204 2160,3210 2249,3210 2339,3210 2428,3216 2518,3216 2607,3222 2697,3222 2786,3222 2876,3228 2965,3228 3055,3234 3144,3234 3234,3240 3323,3240 3413,3245 3466,3240"/>
                <TextEquiv>
                    <Unicode>(CYPRIAN shews impatience and irritation)</Unicode>
                </TextEquiv>
            </TextLine>
            <TextLine id="tr_1_tl_22" custom="readingOrder {index:21;}">
                <Coords points="745,3441 786,3435 846,3462 856,3448 873,3462 907,3445 950,3472 987,3475 1011,3458 1034,3478 1098,3472 1091,3284 1031,3250 1011,3263 927,3233 826,3233 742,3253"/>
                <Baseline points="763,3407 853,3407 942,3407 1032,3413 1103,3419"/>
                <TextEquiv>
                    <Unicode>PRIEST:</Unicode>
                </TextEquiv>
            </TextLine>
            <TextLine id="tr_1_tl_23" custom="readingOrder {index:22;}">
                <Coords points="1299,3431 1400,3452 1434,3431 1474,3458 1514,3431 1632,3462 1692,3425 1769,3472 1806,3438 1880,3462 2025,3445 2025,3361 1984,3381 1877,3317 1696,3378 1612,3341 1437,3358 1387,3321 1299,3314"/>
                <Baseline points="1318,3419 1408,3419 1497,3425 1587,3425 1676,3425 1766,3425 1855,3425 1945,3430 2034,3425"/>
                <TextEquiv>
                    <Unicode>A happy death -</Unicode>
                </TextEquiv>
            </TextLine>
            <TextLine id="tr_1_tl_24" custom="readingOrder {index:23;}">
                <Coords points="2226,3445 3535,3478 3848,3539 3841,3374 3781,3361 3640,3418 2223,3358"/>
                <Baseline points="2243,3430 2333,3436 2422,3436 2512,3442 2601,3442 2691,3442 2780,3448 2870,3454 2959,3460 3049,3460 3138,3460 3228,3466 3317,3472 3407,3472 3496,3472 3586,3478 3675,3478 3765,3484 3854,3484"/>
                <TextEquiv>
                    <Unicode>It is extremely likely, Professor,</Unicode>
                </TextEquiv>
            </TextLine>
            <TextLine id="tr_1_tl_25" custom="readingOrder {index:24;}">
                <Coords points="1269,3589 3844,3700 3841,3539 1266,3499"/>
                <Baseline points="1288,3568 1378,3568 1467,3568 1557,3574 1646,3574 1736,3580 1825,3580 1915,3580 2004,3580 2094,3586 2183,3586 2273,3592 2362,3592 2452,3592 2541,3598 2631,3598 2720,3598 2810,3604 2899,3609 2989,3609 3078,3609 3168,3615 3257,3621 3347,3627 3436,3627 3526,3627 3615,3633 3705,3633 3794,3633 3854,3633"/>
                <TextEquiv>
                    <Unicode>that this conveys different meanings to our minds. And</Unicode>
                </TextEquiv>
            </TextLine>
            <TextLine id="tr_1_tl_26" custom="readingOrder {index:25;}">
                <Coords points="1293,3744 3898,3817 3851,3693 1289,3643"/>
                <Baseline points="1312,3723 1402,3723 1491,3723 1581,3729 1670,3729 1760,3735 1849,3735 1939,3741 2028,3741 2118,3741 2207,3741 2297,3747 2386,3747 2476,3747 2565,3753 2655,3753 2744,3759 2834,3759 2923,3765 3013,3771 3102,3777 3192,3777 3281,3777 3371,3783 3460,3783 3550,3788 3639,3788 3729,3788 3818,3788 3908,3800"/>
                <TextEquiv>
                    <Unicode>from what your Sister has told me, it appears that this</Unicode>
                </TextEquiv>
            </TextLine>
            <TextLine id="tr_1_tl_27" custom="readingOrder {index:26;}">
                <Coords points="1299,3975 1662,3891 3666,3975 3603,3801 1296,3828"/>
                <Baseline points="1318,3890 1408,3884 1497,3884 1587,3884 1676,3890 1766,3890 1855,3890 1945,3896 2034,3896 2124,3896 2213,3896 2303,3902 2392,3902 2482,3902 2571,3908 2661,3914 2750,3914 2840,3920 2929,3920 3019,3926 3108,3926 3198,3932 3287,3932 3377,3938 3466,3938 3556,3944 3645,3950 3669,3944"/>
                <TextEquiv>
                    <Unicode>patient is in greater need of Absolution than many</Unicode>
                </TextEquiv>
            </TextLine>
            <TextLine id="tr_1_tl_28" custom="readingOrder {index:27;}">
                <Coords points="1283,4053 1350,4053 1377,4073 1393,4056 1430,4066 1450,4053 1565,4093 1632,4069 1702,4073 1702,3999 1615,3982 1602,3992 1568,3969 1471,3975 1437,3952 1420,3969 1360,3969 1283,3999"/>
                <Baseline points="1300,4039 1390,4039 1479,4039 1569,4039 1658,4039 1712,4039"/>
                <TextEquiv>
                    <Unicode>another.</Unicode>
                </TextEquiv>
            </TextLine>
            <TextLine id="tr_1_tl_29" custom="readingOrder {index:28;}">
                <Coords points="719,4328 752,4311 836,4335 870,4318 933,4358 977,4341 1034,4345 1027,4083 994,4076 940,4110 836,4089 759,4120 715,4116"/>
                <Baseline points="733,4260 823,4266 912,4266 1002,4266 1038,4266"/>
                <TextEquiv>
                    <Unicode>BERNH:</Unicode>
                </TextEquiv>
            </TextLine>
            <TextLine id="tr_1_tl_30" custom="readingOrder {index:29;}">
                <Coords points="1269,4311 3817,4375 3817,4224 2521,4237 1857,4053 1266,4113"/>
                <Baseline points="1288,4284 1378,4290 1467,4284 1557,4284 1646,4284 1736,4290 1825,4290 1915,4290 2004,4296 2094,4296 2183,4296 2273,4302 2362,4302 2452,4302 2541,4296 2631,4302 2720,4302 2810,4302 2899,4308 2989,4308 3078,4314 3168,4314 3257,4320 3347,4326 3436,4331 3526,4331 3615,4331 3705,4331 3794,4337 3824,4337"/>
                <TextEquiv>
                    <Unicode>(with an ieronic smile) Are we not all sinners, your</Unicode>
                </TextEquiv>
            </TextLine>
            <TextLine id="tr_1_tl_31" custom="readingOrder {index:30;}">
                <Coords points="1252,4482 1289,4489 1313,4465 1400,4482 1434,4459 1548,4512 1615,4482 1669,4479 1719,4509 1823,4489 1823,4358 1511,4371 1390,4311 1356,4328 1252,4314"/>
                <Baseline points="1270,4427 1360,4433 1449,4433 1539,4433 1628,4433 1718,4433 1807,4433 1831,4433"/>
                <TextEquiv>
                    <Unicode>Reverence?</Unicode>
                </TextEquiv>
            </TextLine>
        </TextRegion>
    </Page>
</PcGts>
