4232 5160
1895 362 2110 556 18
1222 509 3629 690 he has feelings of the utmost sympathy towards the
1226 748 1738 922 Institute.
1243 840 3718 1051 Which we canocrunately dispense with to day, than
724 901 1010 1041 BERNH
1226 1041 1468 1174 God.
1307 1267 2540 1427 "Praud is the hidalgo" eh?
741 1256 1075 1437 TUGEND:
1273 1478 3909 1662 Anyway my only concern at present is with your attitude
737 1499 1048 1697 BERNH:
1301 1656 2263 1843 towards the enquiry.
2345 1693 2854 1915 jocularly
1287 1840 3960 2024 I have no attitude. (humeureusly) The decision remains
727 1847 1065 2082 TUGEND
1287 2041 3690 2168 with the Head. If you let me have your consent in
1301 2144 3639 2315 private, I will make my formal application to the
1287 2318 3629 2536 Directorate. Or, do you want it in writing also,
1253 2495 1608 2642 Pedant
1301 2690 3844 2874 Of course we shall not keep you a day longer than you
748 2734 1038 2895 BERNH:
1301 2857 3687 3076 wish to stay. I promise you to arrange the matter
1311 3038 3663 3233 with all possible speed. Fortunately you have an
1301 3182 3844 3356 assistant, who can meanwhile carry on the Section, on
1297 3352 2048 3520 your own lines.
1301 3571 3875 3728 Oh yes, little wenger. Smart boy. Yes. But you won’t
741 3591 1106 3769 TUGEND:
1311 3745 3479 3899 let him act as supply for any length of time?
1307 3967 3533 4161 I have justflentured to mark that I consider
741 3977 1017 4134 EDEN:
1307 4141 4045 4281 provisional appointments in general an unsound proceeding,
1311 4260 3909 4431 and I also took the liberty of informing the Professor
1311 4417 3922 4615 of a letter from Professor Hill in Graz, who would be
1307 4557 1857 4762 prepared --
