3736 5160
1421 328 1715 574 - 27 -
698 550 3330 736 family of Viennese burghers. I even had occasion, in my
709 716 2918 864 Student days, to shed blood for the other side.
743 882 2036 1096 It is well known Professor.
228 944 456 1099 KURT:
201 1169 488 1380 ADLER:
750 1169 3378 1331 It pleases me particularly, Doctor, to see that you give
702 1307 2607 1525 our Chief his full meed of appreciation.
702 1490 3101 1749 Why does that give you special pleasure, Professor?
190 1559 460 1725 KURT:
743 1729 3371 1960 You were a Student under the German Nationalist Colours.
183 1729 515 1950 ADIER:
183 2012 449 2157 KURT:
750 1978 3157 2154 And an Antisemit. That's true Professor. speaking
698 2182 3202 2320 generally, I’m still one. Only, meanwhile, I've also
716 2299 3267 2476 become an anti Agrarian. I find that humanity makes a
750 2458 3502 2607 very poor show all round, so I stick to the few exceptions,
750 2635 1950 2825 wherever I may find them.
906 2794 3084 3025 ( dinter right PROFESSORsoYPRIAN, small elderly
920 3036 3426 3157 gentleman, with long hair, still almost fair, rather
923 3198 3219 3347 sing song, drawn out, manner af speaking, drops
927 3333 3340 3534 unconsciously into a declamatory style, speaking as
923 3489 1843 3661 if to an audience.)
740 3717 3430 3890 Good aay, gentlemen. (Greetings lchanged) Is Dr. Adler
197 3682 574 3897 CYPRIAN:
750 3876 3357 4042 here perhaps? Ah, here you are. I've been looking for
733 4021 3502 4187 you downsteirs. Can I only on it, Dr. Adler, that to day's
733 4170 3516 4350 skull will not disappear again, as the one of the peralytic
750 4339 2140 4554 case did a little while ago.
166 4567 470 4768 ADIER:
723 4564 3406 4785 The commissionaire has been instructed, Professor
