4072 5464
1419 417 1738 618 - 20 -
686 564 3232 736 Prince: You are certainly the checkiest rascal I have
690 650 3333 822 even seen. Do you really think I would consult you if I
690 801 1178 937 wanted to-
668 876 3340 1045 Phillip: Not consult me exactly, Papa, But if you want
686 995 3333 1120 a happy home life, all the members of the family must be
686 1059 3512 1232 in sympathy. Isn’t that true? (Countess and Lolo Langhuber
690 1192 941 1322 come)
700 1289 3128 1440 Countess: Some and see the garden, Miss Langhuber.
704 1372 3257 1508 father would be so sorry to miss your visit. (Wants to
704 1494 1724 1620 introduce) allow me¬
697 1620 1846 1763 Lolo: Oh, Your Highness.
686 1756 2043 1936 Prince: Oh, Miss Pallestri.
697 1903 3444 2036 Lolo: Langhuber, if you please. I only came to thank the
697 1979 3358 2144 Count. He’s sent me such lovely flowers for my fairewell
707 2126 1286 2241 performance.
711 2194 3236 2349 Prince: (Introducing) My son, Phillip. And this is
707 2345 1077 2460 Miss -.
693 2446 2008 2611 Lolo: Charlotte Langhuber.
707 2546 3598 2737 Prince: Till recently, (To Phillip) known as Miss Pallestri.
704 2708 3239 2898 Phillip: Miss Pallestri- then I've had the pleasure.
715 2930 1753 3110 Prince: How is that?
707 3035 2869 3218 Phillip: Miss Pallestri is in my collection.
722 3196 3203 3376 Prince: What-what kind of a collection do you mean?
740 3369 3487 3527 Lolo: There must be some mistake, Your Highness, I really
740 3501 1454 3620 can't remember-
733 3584 3329 3735 Phillip: Of course you can’t remember, Miss Pallestri,
751 3688 3336 3825 When I cut your Sieoto out of the newspaper in Krems you
736 3785 2496 3918 couldn’t have felt it here in Vienna.
725 3932 1760 4105 Lolo: Thank God, no.
743 4033 3250 4195 Phillip: You know, that was one of our crazes in the
743 4141 3347 4299 gymnasium— We had a boy who cut out all the Eurders
758 4266 1429 4432 and accidents,
751 4406 2647 4521 Lolo: He must have had a bad character.
761 4446 3580 4665 Phillip: And one of them out out all the historic personal-
761 4640 3448 4744 ities, Arotic Explorers, composers, and people like that.
751 4701 3448 4816 And I cut the stage ladies out. They looked much better.-
758 4784 3369 4916 Two hundred and thirteen- I'm going to show them to you
754 4827 3512 4995 Papa. Very interesting. There is an Australian soubrette
758 4960 1314 5118 among them.
