4344 5480
1787 381 2498 577 HALMSCHLAEGER
826 565 2629 765 I’ll be through here in a few moments.
1807 707 2187 919 FLORIAN
826 849 1803 1049 Good evening doctor.
1757 1003 2429 1218 HALMSCHLAEGER
830 1176 1895 1376 Why aren't you in bed?
1757 1318 2126 1514 FLORIAN
830 1441 3682 1641 I've had all the sleep I need, I'm feeling fine now. Permit
830 1614 2825 1853 me to invite you to my firstvolrmanee.-
1726 1757 2379 1930 HALMSCHLAEGER
838 1910 3667 2145 (Amused at first, then turns away) Yes, yes. (To Rademacher)
834 2064 2875 2314 Well, my dear Rademacher, how are we today?
1757 2241 2149 2414 FLORIAN
842 2398 3767 2587 (Mosions toors to see if she has "appreciated" hisoitation
846 2568 1538 2760 of the doctor)
1807 2706 2341 2933 RADEMACHER
830 2856 1703 3087 Pretty bad, doctor,
1818 3002 2487 3202 HALMSCHLAEGER
846 3163 3905 3340 (Reading state at head of bed. Nurse holde the light) One hundred
834 3333 3928 3486 and two,- nine--well, we had one hundred and three- two yesterday.
884 3475 3636 3659 This is an improvement. Good night then. (he turns to go)
1818 3605 2341 3848 RADEMACHER
838 3798 1668 3967 Please doctor====
1810 3921 2464 4117 HALMSCHLAEGER
830 4059 1849 4297 Do you want anything?
1872 4220 2410 4420 RADEMACHER
826 4378 2710 4578 Please doctor, how long will this last?
1845 4536 2537 4759 HALMSCHLAEGER
842 4682 3448 4905 Well, you'll have to be patient for a little while yet.
