<?xml version="1.0" encoding="UTF-8" standalone="yes"?>
<PcGts xmlns="http://schema.primaresearch.org/PAGE/gts/pagecontent/2013-07-15" xmlns:xsi="http://www.w3.org/2001/XMLSchema-instance" xsi:schemaLocation="http://schema.primaresearch.org/PAGE/gts/pagecontent/2013-07-15 http://schema.primaresearch.org/PAGE/gts/pagecontent/2013-07-15/pagecontent.xsd">
    <Metadata>
        <Creator>prov=READ-COOP:name=TrHtr:version=2.1.0:model_id=51170:date=15_08_2023_04:46</Creator>
        <Created>2023-05-10T15:12:03.748+02:00</Created>
        <LastChange>2023-08-15T04:46:07.121+02:00</LastChange>
        <TranskribusMetadata docId="1428823" pageId="55431628" pageNr="14" tsid="132838933" status="IN_PROGRESS" userId="64420" imgUrl="https://files.transkribus.eu/Get?id=TEHQCJNRRPTBLKRHMIQJZRVA&amp;fileType=view" xmlUrl="https://files.transkribus.eu/Get?id=ZPNMFEISNHHISBIWDZTALZZG" imageId="44705665"/>
    </Metadata>
    <Page imageFilename="1428823_0014.jpg" imageWidth="4072" imageHeight="5480">
        <ReadingOrder>
            <OrderedGroup id="ro_1711802791676" caption="Regions reading order">
                <RegionRefIndexed index="0" regionRef="tr_1"/>
                <RegionRefIndexed index="1" regionRef="tr_3"/>
                <RegionRefIndexed index="2" regionRef="tr_2"/>
            </OrderedGroup>
        </ReadingOrder>
        <TextRegion id="tr_1" custom="readingOrder {index:0;}">
            <Coords points="585,200 3605,200 3605,2099 585,2099"/>
            <TextLine id="tr_1_tl_1" custom="readingOrder {index:0;}">
                <Coords points="3390,303 3419,307 3458,286 3472,300 3497,300 3515,286 3544,310 3587,314 3604,196 3576,193 3537,153 3508,161 3494,153 3487,161 3458,136 3444,143 3415,136"/>
                <Baseline points="3414,286 3426,280 3516,274 3605,250"/>
                <TextEquiv>
                    <Unicode>1.1.</Unicode>
                </TextEquiv>
            </TextLine>
            <TextLine id="tr_1_tl_2" custom="readingOrder {index:1;}">
                <Coords points="1181,293 1217,296 1231,307 1270,296 1310,332 1363,296 1388,293 1388,196 1360,189 1349,196 1335,178 1320,186 1295,178 1270,186 1224,228 1185,221"/>
                <Baseline points="1205,280 1217,280 1307,274 1396,274"/>
                <TextEquiv>
                    <Unicode>II</Unicode>
                </TextEquiv>
            </TextLine>
            <TextLine id="tr_1_tl_3" custom="readingOrder {index:2;}">
                <Coords points="1599,632 1627,635 1656,621 1677,646 1709,650 1724,664 1759,653 1777,635 1820,646 1827,546 1784,550 1738,539 1717,550 1695,535 1663,557 1606,553"/>
                <Baseline points="1623,626 1653,632 1743,626 1832,620"/>
                <TextEquiv>
                    <Unicode>10-</Unicode>
                </TextEquiv>
            </TextLine>
            <TextLine id="tr_1_tl_4" custom="readingOrder {index:3;}">
                <Coords points="564,824 2691,796 2901,774 2905,632 2523,699 2166,600 1806,724 1656,625 1192,625 567,721"/>
                <Baseline points="585,776 674,782 764,776 853,776 943,776 1032,776 1122,776 1211,770 1301,770 1390,770 1480,770 1569,764 1659,764 1749,758 1838,758 1928,752 2017,752 2107,752 2196,752 2286,746 2375,746 2465,740 2554,740 2644,740 2734,734 2823,734 2913,734"/>
                <TextEquiv>
                    <Unicode>Prince: thank you, Mizzi. You are hard at work?</Unicode>
                </TextEquiv>
            </TextLine>
            <TextLine id="tr_1_tl_5" custom="readingOrder {index:4;}">
                <Coords points="578,964 2263,935 2330,910 2330,807 1599,867 1328,814 1096,874 849,796 582,881"/>
                <Baseline points="596,931 638,931 728,931 817,931 907,931 996,925 1086,925 1175,925 1265,925 1355,919 1444,919 1534,919 1623,913 1713,913 1802,907 1892,907 1981,901 2071,901 2160,901 2250,901 2340,901"/>
                <TextEquiv>
                    <Unicode>Countess: I paint my little flowers.</Unicode>
                </TextEquiv>
            </TextLine>
            <TextLine id="tr_1_tl_6" custom="readingOrder {index:5;}">
                <Coords points="578,1106 3215,1060 3351,967 578,1028"/>
                <Baseline points="596,1086 674,1086 764,1086 853,1080 943,1080 1032,1080 1122,1080 1211,1074 1301,1074 1390,1068 1480,1068 1569,1068 1659,1068 1749,1062 1838,1062 1928,1062 2017,1056 2107,1056 2196,1056 2286,1050 2375,1050 2465,1044 2554,1044 2644,1038 2734,1038 2823,1038 2913,1038 3002,1032 3092,1032 3181,1032 3271,1026 3360,1020"/>
                <TextEquiv>
                    <Unicode>Count: Don’t be too modest, Mizzi. You know her professor</Unicode>
                </TextEquiv>
            </TextLine>
            <TextLine id="tr_1_tl_7" custom="readingOrder {index:6;}">
                <Coords points="596,1181 3044,1156 3362,1138 3362,1042 600,1117"/>
                <Baseline points="614,1170 686,1164 776,1164 865,1158 955,1158 1044,1158 1134,1152 1223,1152 1313,1152 1402,1146 1492,1146 1581,1146 1671,1146 1761,1146 1850,1134 1940,1134 2029,1134 2119,1134 2208,1128 2298,1128 2387,1128 2477,1122 2566,1116 2656,1116 2745,1116 2835,1116 2925,1110 3014,1110 3104,1110 3193,1110 3283,1104 3372,1104"/>
                <TextEquiv>
                    <Unicode>said only the other day, she ought to show some of her work</Unicode>
                </TextEquiv>
            </TextLine>
            <TextLine id="tr_1_tl_8" custom="readingOrder {index:7;}">
                <Coords points="596,1253 917,1317 1292,1238 2077,1260 2288,1235 2291,1156 596,1181"/>
                <Baseline points="614,1235 686,1241 776,1241 865,1241 955,1235 1044,1235 1134,1229 1223,1229 1313,1229 1402,1223 1492,1223 1581,1217 1671,1217 1761,1217 1850,1217 1940,1217 2029,1211 2119,1205 2208,1205 2298,1205"/>
                <TextEquiv>
                    <Unicode>in public. No reason for hiding it.</Unicode>
                </TextEquiv>
            </TextLine>
            <TextLine id="tr_1_tl_9" custom="readingOrder {index:8;}">
                <Coords points="596,1410 2006,1370 2198,1428 2437,1388 2437,1306 1998,1317 1767,1242 1099,1342 699,1267 596,1317"/>
                <Baseline points="614,1384 656,1384 746,1390 835,1390 925,1390 1014,1384 1104,1378 1193,1384 1283,1384 1372,1378 1462,1372 1552,1372 1641,1367 1731,1355 1820,1361 1910,1367 1999,1367 2089,1361 2178,1361 2268,1355 2357,1355 2447,1361"/>
                <TextEquiv>
                    <Unicode>Countess: Maybe, but I've no ambition.</Unicode>
                </TextEquiv>
            </TextLine>
            <TextLine id="tr_1_tl_10" custom="readingOrder {index:9;}">
                <Coords points="600,1560 3262,1531 3294,1417 603,1438"/>
                <Baseline points="620,1546 644,1540 734,1546 823,1546 913,1546 1002,1540 1026,1540 1062,1534 1152,1540 1241,1540 1331,1534 1420,1534 1510,1528 1599,1528 1689,1528 1778,1522 1868,1522 1957,1522 2047,1522 2137,1516 2226,1510 2316,1510 2405,1510 2495,1504 2584,1498 2674,1498 2763,1504 2853,1498 2942,1492 3032,1492 3122,1492 3211,1492 3301,1486"/>
                <TextEquiv>
                    <Unicode>Prince: Well, as to exhibiting, I wouldn’t think of that</Unicode>
                </TextEquiv>
            </TextLine>
            <TextLine id="tr_1_tl_11" custom="readingOrder {index:10;}">
                <Coords points="1024,1627 2698,1659 2951,1599 2951,1506 1024,1549"/>
                <Baseline points="1044,1611 1080,1611 1170,1611 1259,1611 1349,1611 1438,1611 1528,1605 1617,1605 1707,1605 1796,1599 1886,1599 1975,1593 2065,1593 2154,1587 2244,1587 2334,1593 2423,1593 2513,1587 2602,1581 2692,1581 2781,1581 2871,1575 2960,1575"/>
                <TextEquiv>
                    <Unicode>You are at the mercy of every journalist.</Unicode>
                </TextEquiv>
            </TextLine>
            <TextLine id="tr_1_tl_12" custom="readingOrder {index:11;}">
                <Coords points="589,1674 664,1656 707,1684 753,1688 821,1649 989,1645 989,1585 939,1588 903,1556 860,1570 810,1556 717,1581 703,1567 689,1581 642,1567 589,1577"/>
                <Baseline points="608,1623 638,1623 728,1623 817,1623 907,1623 996,1611"/>
                <TextEquiv>
                    <Unicode>myself.</Unicode>
                </TextEquiv>
            </TextLine>
            <TextLine id="tr_1_tl_13" custom="readingOrder {index:12;}">
                <Coords points="600,1784 3033,1784 3280,1756 3283,1659 600,1702"/>
                <Baseline points="620,1766 710,1778 799,1778 889,1778 978,1772 1068,1766 1092,1766 1110,1761 1140,1761 1229,1766 1319,1766 1408,1766 1498,1766 1587,1755 1677,1755 1766,1755 1856,1749 1946,1749 2035,1749 2125,1743 2214,1743 2304,1737 2393,1737 2483,1737 2572,1737 2662,1731 2751,1731 2841,1731 2931,1725 3020,1725 3110,1719 3199,1725 3289,1719"/>
                <TextEquiv>
                    <Unicode>Countess: That applies to Members of Parliament as well.</Unicode>
                </TextEquiv>
            </TextLine>
            <TextLine id="tr_1_tl_14" custom="readingOrder {index:13;}">
                <Coords points="610,1884 939,1913 1146,1863 1681,1852 1681,1777 1613,1767 1395,1820 1331,1777 1053,1767 849,1816 614,1788"/>
                <Baseline points="632,1850 704,1856 793,1856 883,1856 973,1856 1062,1850 1152,1844 1241,1844 1331,1844 1420,1844 1510,1838 1599,1838 1689,1832"/>
                <TextEquiv>
                    <Unicode>That is, if they speak.</Unicode>
                </TextEquiv>
            </TextLine>
            <TextLine id="tr_1_tl_15" custom="readingOrder {index:14;}">
                <Coords points="971,2013 3162,1998 3165,1866 974,1941"/>
                <Baseline points="990,1999 1026,1999 1116,1999 1205,1993 1295,1993 1384,1993 1474,1993 1564,1993 1653,1993 1743,1987 1832,1987 1922,1981 2011,1981 2101,1975 2190,1975 2280,1975 2369,1969 2459,1969 2548,1969 2638,1963 2728,1963 2817,1957 2907,1957 2996,1957 3086,1957 3175,1952"/>
                <TextEquiv>
                    <Unicode>And we others? Are we safe? They stick their</Unicode>
                </TextEquiv>
            </TextLine>
            <TextLine id="tr_1_tl_16" custom="readingOrder {index:15;}">
                <Coords points="589,2023 625,2038 639,2027 689,2038 699,2027 824,2031 910,2013 914,1916 853,1916 803,1899 757,1920 724,1916 699,1941 667,1934 589,1963"/>
                <Baseline points="608,1999 698,2005 787,2005 877,1999 919,1999"/>
                <TextEquiv>
                    <Unicode>Count :</Unicode>
                </TextEquiv>
            </TextLine>
            <TextLine id="tr_1_tl_17" custom="readingOrder {index:16;}">
                <Coords points="614,2120 789,2148 832,2113 1442,2106 1502,2088 1502,2013 1153,2006 981,2038 889,2002 614,2038"/>
                <Baseline points="632,2083 704,2089 793,2083 883,2083 973,2083 1062,2077 1152,2077 1241,2077 1331,2077 1420,2077 1510,2077"/>
                <TextEquiv>
                    <Unicode>nose in everything.</Unicode>
                </TextEquiv>
            </TextLine>
        </TextRegion>
        <TextRegion id="tr_3" custom="readingOrder {index:1;}">
            <Coords points="620,2140 3313,2140 3313,3102 620,3102"/>
            <TextLine id="tr_3_tl_1" custom="readingOrder {index:0;}">
                <Coords points="600,2252 2944,2230 3119,2209 3123,2123 600,2181"/>
                <Baseline points="620,2238 710,2238 799,2238 889,2232 978,2238 1068,2232 1158,2232 1247,2238 1337,2232 1426,2226 1516,2226 1605,2220 1695,2220 1784,2220 1874,2220 1963,2214 2053,2214 2143,2208 2232,2208 2322,2202 2411,2202 2501,2208 2590,2202 2680,2196 2769,2196 2859,2196 2948,2196 3038,2190 3128,2190"/>
                <TextEquiv>
                    <Unicode>Prince: Well, after the fashion of today, many people</Unicode>
                </TextEquiv>
            </TextLine>
            <TextLine id="tr_3_tl_2" custom="readingOrder {index:1;}">
                <Coords points="617,2352 2987,2320 3308,2284 3312,2177 617,2255"/>
                <Baseline points="638,2316 716,2316 805,2316 895,2316 984,2310 1074,2316 1164,2310 1253,2304 1343,2310 1432,2304 1522,2304 1611,2304 1701,2298 1790,2298 1880,2298 1969,2292 2059,2292 2149,2292 2238,2292 2328,2286 2417,2286 2507,2286 2596,2280 2686,2274 2775,2274 2865,2268 2954,2268 3044,2268 3133,2268 3223,2262 3313,2256"/>
                <TextEquiv>
                    <Unicode>would iluse your paintings, Mizzi, simply because you are</Unicode>
                </TextEquiv>
            </TextLine>
            <TextLine id="tr_3_tl_3" custom="readingOrder {index:2;}">
                <Coords points="614,2455 650,2462 739,2416 810,2437 935,2420 964,2452 1099,2405 1138,2420 1138,2352 1092,2338 1014,2330 964,2348 942,2330 732,2327 617,2352"/>
                <Baseline points="638,2393 728,2393 817,2393 907,2387 996,2393 1086,2387 1146,2393"/>
                <TextEquiv>
                    <Unicode>a Countess.</Unicode>
                </TextEquiv>
            </TextLine>
            <TextLine id="tr_3_tl_4" custom="readingOrder {index:3;}">
                <Coords points="617,2580 832,2612 971,2573 1088,2612 1288,2548 1395,2587 1488,2548 1588,2584 1809,2552 1813,2484 1463,2452 1167,2484 1092,2441 924,2502 621,2484"/>
                <Baseline points="638,2543 650,2543 740,2548 829,2548 919,2543 1008,2543 1098,2543 1187,2537 1277,2537 1367,2537 1456,2537 1546,2537 1635,2531 1725,2531 1814,2531"/>
                <TextEquiv>
                    <Unicode>Count: He's right there.</Unicode>
                </TextEquiv>
            </TextLine>
            <TextLine id="tr_3_tl_5" custom="readingOrder {index:4;}">
                <Coords points="600,2734 2926,2734 3294,2680 3298,2566 603,2619"/>
                <Baseline points="620,2704 710,2704 799,2704 889,2704 978,2704 1068,2704 1158,2698 1247,2698 1337,2698 1426,2692 1516,2686 1605,2686 1695,2686 1784,2686 1874,2686 1963,2686 2053,2680 2143,2680 2232,2674 2322,2674 2411,2668 2501,2668 2590,2668 2680,2662 2769,2662 2859,2656 2948,2656 3038,2656 3128,2656 3217,2650 3307,2650"/>
                <TextEquiv>
                    <Unicode>Servant: (Comes) Your Lordship is asked to the telephone.</Unicode>
                </TextEquiv>
            </TextLine>
            <TextLine id="tr_3_tl_6" custom="readingOrder {index:5;}">
                <Coords points="625,2869 1906,2901 2259,2841 2384,2926 2416,2748 1060,2759 967,2830 625,2773"/>
                <Baseline points="644,2847 722,2853 811,2853 901,2853 990,2853 1080,2853 1170,2853 1259,2847 1349,2847 1438,2847 1528,2841 1617,2841 1707,2841 1796,2835 1886,2835 1975,2835 2065,2829 2154,2829 2244,2823 2334,2823 2423,2817"/>
                <TextEquiv>
                    <Unicode>Count: Who is it? What's the matter?</Unicode>
                </TextEquiv>
            </TextLine>
            <TextLine id="tr_3_tl_7" custom="readingOrder {index:6;}">
                <Coords points="614,3030 2734,3033 3226,2983 3230,2880 614,2919"/>
                <Baseline points="632,2996 638,3008 728,3014 817,3014 907,3008 996,3008 1086,3008 1175,3002 1265,2996 1355,2996 1444,3002 1534,2996 1623,2996 1713,2996 1802,2996 1892,2990 1981,2990 2071,2990 2160,2984 2250,2984 2340,2984 2429,2978 2519,2978 2608,2978 2698,2972 2787,2972 2877,2972 2966,2966 3056,2966 3145,2966 3235,2966"/>
                <TextEquiv>
                    <Unicode>Se rvant: If Your Lordship would be kind enough to come</Unicode>
                </TextEquiv>
            </TextLine>
            <TextLine id="tr_3_tl_8" custom="readingOrder {index:7;}">
                <Coords points="617,3137 667,3140 742,3105 796,3116 810,3105 856,3126 924,3108 974,3130 999,3112 1046,3126 1046,3030 1014,3019 967,3041 953,3026 871,3037 767,3026 732,3048 617,3037"/>
                <Baseline points="638,3092 698,3086 787,3086 877,3092 967,3092 1056,3086"/>
                <TextEquiv>
                    <Unicode>yourself.</Unicode>
                </TextEquiv>
            </TextLine>
        </TextRegion>
        <TextRegion id="tr_2" custom="readingOrder {index:2;}">
            <Coords points="632,3143 3498,3143 3498,5209 632,5209"/>
            <TextLine id="tr_2_tl_1" custom="readingOrder {index:0;}">
                <Coords points="625,3248 3194,3226 3219,3112 628,3180"/>
                <Baseline points="644,3241 722,3247 811,3247 901,3241 990,3241 1080,3241 1170,3241 1259,3235 1349,3229 1438,3229 1528,3229 1617,3229 1707,3229 1796,3223 1886,3223 1975,3223 2065,3217 2154,3217 2244,3217 2334,3217 2423,3211 2513,3205 2602,3205 2692,3199 2781,3199 2871,3199 2960,3199 3050,3199 3139,3193 3229,3199"/>
                <TextEquiv>
                    <Unicode>Count: You’ll excuse me a minute.(Aside to the Prince)</Unicode>
                </TextEquiv>
            </TextLine>
            <TextLine id="tr_2_tl_2" custom="readingOrder {index:1;}">
                <Coords points="632,3355 3094,3312 3062,3205 635,3255"/>
                <Baseline points="650,3325 680,3325 770,3325 859,3325 949,3325 1038,3325 1128,3319 1217,3313 1307,3313 1396,3313 1486,3307 1575,3307 1665,3307 1755,3301 1844,3301 1934,3301 2023,3301 2113,3295 2202,3289 2292,3295 2381,3289 2471,3289 2560,3289 2650,3283 2740,3283 2829,3277 2919,3277 3008,3277 3098,3277"/>
                <TextEquiv>
                    <Unicode>Tell her now while I’m gone. That’s better. (Goes)</Unicode>
                </TextEquiv>
            </TextLine>
            <TextLine id="tr_2_tl_3" custom="readingOrder {index:2;}">
                <Coords points="625,3480 3401,3526 3487,3519 3490,3362 628,3412"/>
                <Baseline points="644,3474 722,3474 811,3474 901,3474 990,3474 1080,3474 1170,3462 1259,3468 1349,3468 1438,3468 1528,3462 1617,3462 1707,3456 1796,3456 1886,3456 1975,3450 2065,3450 2154,3450 2244,3444 2334,3444 2423,3444 2513,3444 2602,3444 2692,3444 2781,3438 2871,3432 2960,3432 3050,3432 3139,3426 3229,3426 3319,3426 3408,3420 3498,3414"/>
                <TextEquiv>
                    <Unicode>Countess: The telephone....... Has Papa a new entanglement-</Unicode>
                </TextEquiv>
            </TextLine>
            <TextLine id="tr_2_tl_4" custom="readingOrder {index:3;}">
                <Coords points="614,3562 635,3562 692,3612 742,3594 782,3622 828,3597 846,3608 871,3594 903,3619 1039,3583 1035,3487 939,3501 892,3490 853,3505 814,3490 796,3505 778,3490 685,3490 614,3533"/>
                <Baseline points="632,3557 722,3557 811,3557 901,3557 990,3557 1044,3563"/>
                <TextEquiv>
                    <Unicode>already?</Unicode>
                </TextEquiv>
            </TextLine>
            <TextLine id="tr_2_tl_5" custom="readingOrder {index:4;}">
                <Coords points="632,3754 757,3736 792,3779 989,3715 1092,3747 1121,3722 1178,3758 1270,3733 1274,3622 1110,3604 889,3665 749,3626 710,3651 632,3637"/>
                <Baseline points="650,3713 740,3713 829,3713 919,3713 1008,3707 1098,3707 1187,3701 1277,3701"/>
                <TextEquiv>
                    <Unicode>Prince: New?</Unicode>
                </TextEquiv>
            </TextLine>
            <TextLine id="tr_2_tl_6" custom="readingOrder {index:5;}">
                <Coords points="632,3890 3287,3869 3290,3719 635,3761"/>
                <Baseline points="650,3856 704,3856 793,3862 883,3862 973,3856 1062,3856 1152,3850 1241,3850 1331,3850 1420,3844 1510,3844 1599,3844 1689,3838 1778,3838 1868,3838 1957,3838 2047,3838 2137,3832 2226,3832 2316,3826 2405,3826 2495,3826 2584,3826 2674,3820 2763,3820 2853,3820 2942,3820 3032,3814 3122,3814 3211,3814 3301,3814"/>
                <TextEquiv>
                    <Unicode>Countess: Lolo used to call him up about this time- But</Unicode>
                </TextEquiv>
            </TextLine>
            <TextLine id="tr_2_tl_7" custom="readingOrder {index:6;}">
                <Coords points="625,3965 1949,3961 2298,3936 2302,3851 782,3915 628,3876"/>
                <Baseline points="644,3939 698,3939 787,3939 877,3939 967,3939 1056,3933 1146,3927 1235,3927 1325,3927 1414,3927 1504,3921 1593,3921 1683,3921 1772,3915 1862,3915 1952,3910 2041,3910 2131,3910 2220,3910 2310,3910"/>
                <TextEquiv>
                    <Unicode>it s all over with Lolo. You know?</Unicode>
                </TextEquiv>
            </TextLine>
            <TextLine id="tr_2_tl_8" custom="readingOrder {index:7;}">
                <Coords points="635,4129 774,4158 1074,4100 1199,4154 1477,4093 1745,4150 1884,4097 2013,4165 2016,3997 635,4018"/>
                <Baseline points="656,4083 680,4083 770,4089 859,4095 949,4095 1038,4095 1128,4089 1217,4089 1307,4083 1396,4083 1486,4083 1575,4077 1665,4077 1755,4077 1844,4077 1934,4071 2023,4065"/>
                <TextEquiv>
                    <Unicode>Prince: I heard it just now.</Unicode>
                </TextEquiv>
            </TextLine>
            <TextLine id="tr_2_tl_9" custom="readingOrder {index:8;}">
                <Coords points="642,4254 3201,4233 3255,4100 646,4172"/>
                <Baseline points="662,4250 668,4244 758,4250 847,4250 937,4250 1026,4244 1116,4244 1205,4238 1295,4238 1384,4238 1474,4232 1564,4232 1653,4226 1743,4226 1832,4220 1922,4226 2011,4226 2101,4226 2190,4220 2280,4220 2369,4214 2459,4214 2548,4214 2638,4208 2728,4208 2817,4202 2907,4202 2996,4202 3086,4202 3175,4196 3265,4190"/>
                <TextEquiv>
                    <Unicode>Countess: And what do you say, Prince Egon? I'm sorry</Unicode>
                </TextEquiv>
            </TextLine>
            <TextLine id="tr_2_tl_10" custom="readingOrder {index:9;}">
                <Coords points="642,4332 3116,4304 3248,4297 3248,4215 646,4258"/>
                <Baseline points="662,4327 746,4327 835,4327 925,4327 1014,4321 1104,4321 1193,4315 1283,4321 1372,4315 1462,4309 1552,4309 1641,4309 1731,4309 1820,4304 1910,4304 1999,4304 2089,4298 2178,4298 2268,4304 2357,4292 2447,4292 2537,4292 2626,4292 2716,4286 2805,4286 2895,4280 2984,4280 3074,4280 3163,4280 3253,4280"/>
                <TextEquiv>
                    <Unicode>If he ctarts something new, he'll got into a mess. And</Unicode>
                </TextEquiv>
            </TextLine>
            <TextLine id="tr_2_tl_11" custom="readingOrder {index:10;}">
                <Coords points="614,4422 2719,4479 3198,4450 3201,4304 617,4343"/>
                <Baseline points="638,4405 698,4405 787,4405 877,4405 967,4399 1056,4399 1146,4399 1235,4399 1325,4393 1414,4393 1504,4393 1593,4393 1683,4387 1772,4381 1862,4375 1952,4375 2041,4375 2131,4375 2220,4375 2310,4375 2399,4375 2489,4375 2578,4369 2668,4369 2757,4363 2847,4363 2936,4357 3026,4357 3116,4357 3205,4357"/>
                <TextEquiv>
                    <Unicode>I'm afraid he'll do it. He's too young for his years.</Unicode>
                </TextEquiv>
            </TextLine>
            <TextLine id="tr_2_tl_12" custom="readingOrder {index:11;}">
                <Coords points="635,4625 728,4579 817,4600 967,4557 1306,4614 1424,4564 1513,4572 1517,4504 1367,4479 1292,4525 1228,4489 1181,4507 1017,4468 942,4507 639,4493"/>
                <Baseline points="656,4554 716,4554 805,4560 895,4560 984,4554 1074,4548 1164,4554 1253,4560 1343,4554 1432,4554 1522,4548"/>
                <TextEquiv>
                    <Unicode>Prince: Yes, yes.</Unicode>
                </TextEquiv>
            </TextLine>
            <TextLine id="tr_2_tl_13" custom="readingOrder {index:12;}">
                <Coords points="660,4714 3330,4718 3397,4589 660,4618"/>
                <Baseline points="680,4697 722,4715 811,4715 901,4715 990,4709 1080,4709 1170,4709 1259,4703 1349,4703 1438,4703 1528,4703 1617,4703 1707,4697 1796,4697 1886,4697 1975,4692 2065,4692 2154,4692 2244,4686 2334,4686 2423,4692 2513,4686 2602,4680 2692,4674 2781,4674 2871,4674 2960,4674 3050,4668 3139,4668 3229,4668 3319,4668 3408,4662"/>
                <TextEquiv>
                    <Unicode>Countess: (Looking at him) By the way, you've not been out</Unicode>
                </TextEquiv>
            </TextLine>
            <TextLine id="tr_2_tl_14" custom="readingOrder {index:13;}">
                <Coords points="639,4839 1010,4821 1106,4861 1221,4814 1306,4846 1374,4811 1645,4804 1645,4714 721,4746 642,4707"/>
                <Baseline points="662,4799 668,4799 758,4799 847,4793 937,4799 1026,4793 1116,4787 1205,4793 1295,4787 1384,4781 1474,4781 1564,4781 1653,4781"/>
                <TextEquiv>
                    <Unicode>here for a long time.</Unicode>
                </TextEquiv>
            </TextLine>
            <TextLine id="tr_2_tl_15" custom="readingOrder {index:14;}">
                <Coords points="653,4968 3051,4986 3390,4953 3394,4789 3112,4871 2491,4786 1063,4900 657,4818"/>
                <Baseline points="674,4942 716,4942 805,4948 895,4948 984,4942 1074,4942 1164,4942 1253,4942 1343,4936 1432,4936 1522,4930 1611,4936 1701,4930 1790,4930 1880,4924 1969,4924 2059,4918 2149,4918 2238,4918 2328,4918 2417,4918 2507,4918 2596,4912 2686,4906 2775,4906 2865,4906 2954,4906 3044,4912 3133,4906 3223,4906 3313,4900 3402,4889"/>
                <TextEquiv>
                    <Unicode>Prince: I suppose't you didn't miss me particularly. Your</Unicode>
                </TextEquiv>
            </TextLine>
            <TextLine id="tr_2_tl_16" custom="readingOrder {index:15;}">
                <Coords points="642,5078 1991,5014 2366,5114 2680,5085 2684,4961 646,4971"/>
                <Baseline points="662,5032 722,5038 811,5032 901,5032 990,5026 1080,5026 1170,5026 1259,5020 1349,5020 1438,5020 1528,5014 1617,5014 1707,5014 1796,5014 1886,5008 1975,5002 2065,5002 2154,5002 2244,5002 2334,5002 2423,4996 2513,5002 2602,4996 2692,5002"/>
                <TextEquiv>
                    <Unicode>art.... And the Lord knows what else.......</Unicode>
                </TextEquiv>
            </TextLine>
            <TextLine id="tr_2_tl_17" custom="readingOrder {index:16;}">
                <Coords points="642,5264 2181,5210 2181,5132 2073,5093 1545,5118 1274,5028 642,5096"/>
                <Baseline points="662,5193 668,5199 758,5199 847,5199 937,5199 1026,5193 1116,5193 1205,5193 1295,5193 1384,5193 1474,5187 1564,5187 1653,5181 1743,5181 1832,5181 1922,5181 2011,5181 2101,5175 2190,5175"/>
                <TextEquiv>
                    <Unicode>Countess: (Simply) Even so.</Unicode>
                </TextEquiv>
            </TextLine>
        </TextRegion>
    </Page>
</PcGts>
