3640 5160
1004 334 1257 519 - 24 -
674 657 1566 842 Don't you like it?
637 748 3349 1001 (Bending over chart) Why it’s splendid. Makes one think
222 866 438 1095 CLER:-
691 997 3167 1159 of 18 mountain peaks, glacier tours. You come from the
674 1166 1836 1351 Tyrol, don’t you Doctor?
680 1401 1428 1593 Yes, from Imst.
216 1391 374 1587 OCH:
684 1610 3261 1772 Ah, Imst. I made a Anonderful mountain tour from there
226 1668 414 1809 OLER
697 1762 2907 1934 when I was a Student. To the Wetterfernkogel.
684 2021 2419 2183 They built a but up there last year.
704 2257 3163 2361 They’re building huts everywhere now. (Bending over
270 2284 435 2426 LER:
751 2405 2840 2554 the chart again) No albumen the whole time.
684 2658 2786 2813 Absolutely none. He was examined every day.
711 2826 3086 2998 (Entering from the ward) Yes, in the last few days
697 3062 3072 3153 albumen appeared. In considerable quantities too.
714 3268 2833 3483 Oh yes, in the last three days. That's true.
691 3477 1913 3685 I see, it's entered here.
697 3733 1866 3941 Of course, it's entered.
714 3908 3345 4093 (To KURT) And how is your father? He never comes down
714 4110 3365 4288 to see us now. (Bending over the chart) So he was only
697 4258 2308 4440 lying eight days in your Section.
684 4511 3375 4672 Yes, before that he was in Professor Ebenwald’s Section.
158 4504 414 4686 HoCH:
