4104 6200
1631 469 1802 565 4 -
1264 670 3493 799 You neednt store at me like that! - there not
822 644 1136 845 FLOR.
2453 763 3638 865 I simply refused to let
1248 782 2400 875 much wrong with me now.
1264 872 2991 1013 any dark thought come into my mind.
1248 971 2466 1142 How did you marage that?
852 987 1132 1126 RADE.
1264 1136 3843 1258 Why like this, I simply cur sed nnyone I had a grudge
875 1096 1136 1268 FLOR.
1264 1235 3902 1327 against -(in my own mind, that is, in the most fright-
185 1202 749 1396 inwardly
1264 1304 3820 1396 ful way. I can tell you it is a relief to do that!
1264 1380 3836 1486 I even worked out whom my ghost should haunt after I
1845 1459 3582 1545 First of all, there was a fellow in
1264 1462 1700 1565 was dead.
1261 1525 2852 1637 your line, a malignant swine!!
2918 1519 3813 1628 Then there was our
1264 1608 3796 1700 Director, who cut down half my screw for putting in
1641 1677 3777 1769 The fact is, people only langhed at me, not
261 1657 908 1845 because of
1264 1690 1528 1789 gag s.
1264 1776 3787 1859 at the pays at all, so the boss should really have
1261 1829 3869 1928 been pleased, but as it was – oh, well, just wait,
1284 1905 3664 2001 just wait. I knowif I should do well as a ghost.
168 1878 1212 2096 - I should be good at
1278 1984 3717 2083 yes, even in heaven, I could ear’n a decent living.
205 2024 657 2199 a spook
1254 2034 3909 2152 The spiritualists would take me on for their seances.
852 2271 3387 2397 Dr. Halmochlöger and Dr. Tann enter with the Nur se.
858 2397 1109 2578 TANN.
1271 2393 3737 2535 (A young man, somewhat carelessly dressed, wearing
1248 2502 3311 2578 his hat, an unlitselgette in his month=
1261 2568 3833 2700 Now please, Halmschlöger, mind you dont take so long
1264 2658 1608 2793 over it.
839 2750 1113 2908 HALM.
1271 2733 3612 2898 (Carefully dressed young man, wearing pince-nez,
1278 2859 3909 3011 short fair board, overcoat thrown round his subscribe)
1241 2968 2889 3120 No, I shall be done very quickly.
858 3153 1113 3298 TANN.
1254 3130 3073 3285 Or else I’ll go on ahead to the café.
842 3301 1113 3440 HALM.
1248 3281 2780 3473 I shall be through in a minute.
845 3413 1113 3618 FLOR.
1254 3450 2308 3618 Good Evening, Doctor.
858 3612 1096 3740 HALM.
1235 3588 2651 3740 How is it you’re out of bed?
1271 3694 1961 3820 (To the Nur se)
1241 3773 1753 3902 Pa schanda!
1248 3872 2879 4018 Why Ive had my sleep out, Doctor:
842 3876 1109 4031 FLOR.
3017 3879 3938 4041 Im getting on fine
1254 4004 3833 4117 I take the liberty of inviting you to my forthcoming
1235 4080 1928 4209 appearance — —
845 4196 1113 4335 HALM.
2489 4160 3331 4344 then turn s away-
1261 4186 2446 4321 (Is amused for a moment)
1235 4278 3760 4434 Alright! (To Rademacher) Now, my dear Rademacher,
1241 4381 2238 4519 how are you feeling?
829 4513 1106 4642 FLOR.
1271 4473 3621 4688 (Makes a sign to the Nurse to remind' her of his
1248 4618 1839 4747 chricature.
1241 4734 3037 4879 things are very bad with me, Doctor.
825 4717 1113 4876 RADE.
1261 4859 3767 5048 Looking at the chart at the head of the bed: the
835 4892 1109 5031 HALM.
1235 4978 2314 5074 Nur se hold s the light)
1822 5021 3073 5153 But yesterday it was 103.
1241 5061 1677 5147 Hm. 102.
3239 5021 3932 5163 (the Nur se nod)
1241 5137 2248 5269 It s going on better.
2360 5104 3182 5269 Well, goodnight.
3235 5137 3876 5269 (i s about to
1225 5199 1453 5351 go).
832 5322 1103 5480 RADE.
1235 5322 1604 5503 Doctor!
825 5450 1096 5652 HALM.
1241 5490 2271 5655 Do you want anything?
