4328 5208
3150 284 3340 464 „ „
1836 343 2044 471 -30-
1206 561 2062 759 for five minutes.
1240 738 3025 984 (To Cyprian) A dying girl, Professor.
728 814 994 1046 OSKAR:
1452 946 3184 1143 (Follows his father into the ward.)
1272 1230 3576 1428 (Explaining) Septic case. Young girl. Abortus.
710 1157 963 1379 KURT:
1254 1376 2786 1604 (To Adler) Tomorrow, Professor.
707 1438 974 1632 Hooh:
710 1670 1074 1809 CYPRIAN
1265 1635 3898 1778 (declaiming monotonously) When I was an assistant under
1254 1812 3818 1961 Skoda, we had a Professor in the hospital, nomina sunt
1216 1989 4002 2128 odiosa, who asked us, I mean us aassistants, to call him, if
1272 2124 3825 2290 possible, to every deathbed.according to his account
1254 2287 3815 2412 he was writing a "psychology of last moments". I said
1247 2450 3898 2557 at once to Bernitzer, who was co-assistant with me, that
1272 2595 3635 2730 there was something quer about it. It wasn’t the
1317 2751 3818 2883 psychology that he care about. Then just think, one
1254 2862 4006 3056 day this Professorel isappeared suddenly. He was a married
1254 3091 3919 3212 man with three children. The next night a ranged fellow
1258 3184 3992 3392 was found Beabbed in a side street. Well, I expect you've
1247 3368 3825 3517 guessed the sequel, gentlemen. It turned out that the
1240 3527 3915 3676 Professor and the stabbed vagabond were one and the same
1254 3690 3992 3808 person. For many years he had been leading a double life.
1254 3829 3874 3960 in the day time, he was the busy physician, at night he
1258 4009 3992 4210 was a frequenter of all sorts of low down dens, a procurer
1445 4317 3832 4459 (Enter PRIEST, a young man about 28, with olever.
1480 4511 3999 4699 energetic featuros. Sacristan remains standing at the
1445 4608 1812 4799 door.)
