4248 5032
2100 313 2376 434 - 33 -
1274 385 2304 652 thancks herself cure.
744 599 1099 803 PRIEST:
1310 629 1698 829 Indeed!
737 856 1076 1027 BERNH:
1297 912 3703 1089 And it is almost to be feared that your appearance,
1280 1014 2037 1274 Your Reverence
741 1247 1076 1448 PRIEST:
1293 1264 3923 1521 have no fear for your patient, Professor. It is not my
1280 1419 3094 1715 mission to pronounce a death sentence.
717 1626 1017 1817 BERNH:
1264 1642 2900 1916 Naturally, but all the same
714 1876 1073 2090 PRIEST:
1274 1909 3094 2110 Perhaps the patient might be prepared,
1514 2047 3726 2271 (SISTER ; unnoticed by BERNHARDI, goes into the
1514 2241 3821 2419 ward, in response to a hardly noticeable flicker
1491 2370 3327 2564 of the eyelids on the PRIEST'S part.)
688 2561 1001 2748 BERNH:
1244 2570 3894 2873 That wouldn’t mend matters. As I already kremarked, your
1254 2781 3831 3002 Reverence, the patient is absolutely unconscious of the
1234 2936 3795 3110 nearness of the end. She expect anything rather than
1238 3084 3696 3295 this visit. On the contrary, she is under the happy
1221 3245 3867 3508 lllusion that, within the next hour, someone dear to her
1221 3416 3828 3647 will appear toulch her away and take her back to life
1208 3581 3555 3788 and happiness. I think, your Revenue, it would
1214 3713 3630 3986 be no good, I might even say no God-given, deed, to
1218 3884 2732 4058 waken her from this last dream
632 4052 974 4233 PRIEST:
1208 4081 3834 4338 (After a s[l]ight bestitation, more firmly) Is there any
1172 4233 3699 4479 possursity, Professor, that my appearance might have
1178 4417 3265 4591 a bad effect on the course of the illness -
