<?xml version="1.0" encoding="UTF-8" standalone="yes"?>
<PcGts xmlns="http://schema.primaresearch.org/PAGE/gts/pagecontent/2013-07-15" xmlns:xsi="http://www.w3.org/2001/XMLSchema-instance" xsi:schemaLocation="http://schema.primaresearch.org/PAGE/gts/pagecontent/2013-07-15 http://schema.primaresearch.org/PAGE/gts/pagecontent/2013-07-15/pagecontent.xsd">
    <Metadata>
        <Creator>prov=READ-COOP:name=TrHtr:version=2.1.0:model_id=51170:date=15_08_2023_04:46</Creator>
        <Created>2023-05-10T15:12:11.537+02:00</Created>
        <LastChange>2023-08-15T04:46:24.210+02:00</LastChange>
        <TranskribusMetadata docId="1428823" pageId="55432062" pageNr="70" tsid="132838989" status="IN_PROGRESS" userId="64420" imgUrl="https://files.transkribus.eu/Get?id=XUZQQMTUMMCQKHXNODBPAZZY&amp;fileType=view" xmlUrl="https://files.transkribus.eu/Get?id=WILCHZRPCEELOFIMVDFLBNJS" imageId="44706099"/>
    </Metadata>
    <Page imageFilename="1428823_0070.jpg" imageWidth="4344" imageHeight="5160">
        <ReadingOrder>
            <OrderedGroup id="ro_1711802933131" caption="Regions reading order">
                <RegionRefIndexed index="0" regionRef="tr_1"/>
                <RegionRefIndexed index="1" regionRef="tr_2"/>
            </OrderedGroup>
        </ReadingOrder>
        <TextRegion id="tr_1" custom="readingOrder {index:0;}">
            <Coords points="764,374 4001,374 4001,3085 764,3085"/>
            <TextLine id="tr_1_tl_1" custom="readingOrder {index:0;}">
                <Coords points="1991,493 2038,503 2075,483 2101,493 2121,476 2194,476 2198,343 2131,336 2111,356 2068,363 2048,380 2021,370 1998,373"/>
                <Baseline points="2012,430 2102,430 2191,424 2203,430"/>
                <TextEquiv>
                    <Unicode>4</Unicode>
                </TextEquiv>
            </TextLine>
            <TextLine id="tr_1_tl_2" custom="readingOrder {index:1;}">
                <Coords points="1415,623 3770,636 3949,613 3949,476 1415,493"/>
                <Baseline points="1433,609 1451,609 1540,609 1630,609 1720,603 1809,603 1899,603 1988,603 2078,597 2167,603 2257,597 2347,597 2436,597 2526,591 2615,597 2705,597 2795,591 2884,591 2974,597 3063,591 3153,591 3242,591 3332,591 3422,591 3511,591 3601,591 3690,591 3780,591 3870,591 3959,591"/>
                <TextEquiv>
                    <Unicode>The professor not here yet? They're taking their time</Unicode>
                </TextEquiv>
            </TextLine>
            <TextLine id="tr_1_tl_3" custom="readingOrder {index:2;}">
                <Coords points="779,736 823,733 996,649 1079,676 1116,676 1146,649 1235,656 1239,490 1116,466 1056,500 1016,480 962,486 889,443 842,440 813,410 783,423"/>
                <Baseline points="800,615 889,615 979,621 1069,615 1158,615 1248,615"/>
                <TextEquiv>
                    <Unicode> inverschreit</Unicode>
                </TextEquiv>
            </TextLine>
            <TextLine id="tr_1_tl_4" custom="readingOrder {index:3;}">
                <Coords points="1415,783 3263,806 3746,756 3746,683 3137,633 2081,703 1792,639 1415,699"/>
                <Baseline points="1433,770 1516,764 1606,764 1696,758 1785,758 1875,758 1964,758 2054,758 2144,758 2233,758 2323,752 2412,752 2502,752 2591,752 2681,752 2771,752 2860,746 2950,752 3039,752 3129,752 3219,752 3308,746 3398,746 3487,746 3577,746 3666,746 3756,746"/>
                <TextEquiv>
                    <Unicode>down there to day. (At table, opening one of the</Unicode>
                </TextEquiv>
            </TextLine>
            <TextLine id="tr_1_tl_5" custom="readingOrder {index:4;}">
                <Coords points="1409,942 3946,936 3876,829 1409,846"/>
                <Baseline points="1427,925 1445,919 1534,919 1624,919 1714,913 1803,913 1893,913 1982,913 2072,907 2161,907 2251,907 2341,907 2430,907 2520,907 2609,907 2699,907 2789,907 2878,901 2968,901 3057,907 3147,907 3236,907 3326,907 3416,907 3505,907 3595,907 3684,907 3774,907 3864,907 3953,907"/>
                <TextEquiv>
                    <Unicode>folders) This is the third post mortem in eight days.</Unicode>
                </TextEquiv>
            </TextLine>
            <TextLine id="tr_1_tl_6" custom="readingOrder {index:5;}">
                <Coords points="1399,1122 3916,1072 3856,929 3290,1036 2764,952 1402,1006"/>
                <Baseline points="1421,1075 1505,1075 1594,1075 1684,1069 1773,1069 1863,1069 1952,1069 2042,1069 2132,1063 2221,1063 2311,1063 2400,1063 2490,1069 2580,1069 2669,1063 2759,1063 2848,1063 2938,1063 3027,1063 3117,1063 3207,1063 3296,1063 3386,1063 3475,1063 3565,1063 3655,1063 3744,1063 3834,1057 3923,1063"/>
                <TextEquiv>
                    <Unicode>About enough for a ward of twenty Ueds. And tomorrow</Unicode>
                </TextEquiv>
            </TextLine>
            <TextLine id="tr_1_tl_7" custom="readingOrder {index:6;}">
                <Coords points="1355,1259 1512,1232 1732,1299 2041,1219 2594,1285 2617,1162 1702,1142 1355,1185"/>
                <Baseline points="1373,1230 1457,1230 1546,1230 1636,1224 1725,1224 1815,1224 1905,1224 1994,1224 2084,1218 2173,1218 2263,1218 2353,1218 2442,1218 2532,1218 2621,1218"/>
                <TextEquiv>
                    <Unicode>we shall have another one.</Unicode>
                </TextEquiv>
            </TextLine>
            <TextLine id="tr_1_tl_8" custom="readingOrder {index:7;}">
                <Coords points="1409,1469 2145,1525 2534,1455 2767,1532 3360,1449 3360,1382 3200,1365 1409,1359"/>
                <Baseline points="1427,1463 1487,1457 1576,1457 1666,1451 1755,1457 1845,1457 1935,1451 2024,1451 2114,1451 2203,1451 2293,1445 2382,1445 2472,1445 2562,1445 2651,1445 2741,1445 2830,1445 2920,1445 3010,1445 3099,1445 3189,1445 3278,1445 3368,1451"/>
                <TextEquiv>
                    <Unicode>Do you think so Doctor? The Septic case?</Unicode>
                </TextEquiv>
            </TextLine>
            <TextLine id="tr_1_tl_9" custom="readingOrder {index:8;}">
                <Coords points="756,1515 829,1522 872,1492 902,1505 942,1492 1012,1532 1046,1505 1092,1515 1096,1402 1049,1399 982,1359 936,1395 899,1379 856,1392 819,1382 783,1342 763,1345"/>
                <Baseline points="776,1475 836,1463 925,1463 1015,1463 1104,1457"/>
                <TextEquiv>
                    <Unicode>SISTER:</Unicode>
                </TextEquiv>
            </TextLine>
            <TextLine id="tr_1_tl_10" custom="readingOrder {index:9;}">
                <Coords points="1409,1708 3237,1695 3183,1602 1588,1648 1409,1588"/>
                <Baseline points="1427,1690 1451,1684 1540,1684 1630,1684 1720,1684 1809,1684 1899,1684 1988,1684 2078,1678 2167,1684 2257,1678 2347,1678 2436,1678 2526,1678 2615,1678 2705,1678 2795,1678 2884,1678 2974,1678 3063,1678 3153,1678 3242,1678"/>
                <TextEquiv>
                    <Unicode>Yes. By the way has it been notified?</Unicode>
                </TextEquiv>
            </TextLine>
            <TextLine id="tr_1_tl_11" custom="readingOrder {index:10;}">
                <Coords points="763,1755 832,1765 876,1758 922,1725 952,1725 979,1742 1019,1732 1019,1622 956,1622 926,1598 882,1618 829,1622 803,1595 763,1582"/>
                <Baseline points="782,1702 848,1696 937,1696 1027,1696"/>
                <TextEquiv>
                    <Unicode>HoCH:</Unicode>
                </TextEquiv>
            </TextLine>
            <TextLine id="tr_1_tl_12" custom="readingOrder {index:11;}">
                <Coords points="1402,2028 1479,2035 1532,1998 1675,2028 2051,1925 2284,1988 2288,1822 2131,1815 2065,1865 1971,1848 1915,1885 1622,1841 1532,1871 1405,1815"/>
                <Baseline points="1421,1917 1510,1917 1600,1917 1690,1917 1779,1917 1869,1917 1958,1917 2048,1911 2138,1911 2227,1911 2293,1917"/>
                <TextEquiv>
                    <Unicode>Of course, Doctor.</Unicode>
                </TextEquiv>
            </TextLine>
            <TextLine id="tr_1_tl_13" custom="readingOrder {index:12;}">
                <Coords points="759,2015 869,1958 919,1988 939,1981 979,2015 1016,2008 1066,1968 1109,1975 1116,1818 1052,1841 999,1802 946,1812 859,1861 846,1848 806,1861 766,1848"/>
                <Baseline points="782,1935 854,1923 943,1923 1033,1917 1122,1923"/>
                <TextEquiv>
                    <Unicode>SISTER:</Unicode>
                </TextEquiv>
            </TextLine>
            <TextLine id="tr_1_tl_14" custom="readingOrder {index:13;}">
                <Coords points="1402,2181 2840,2151 3293,2231 3849,2148 3546,2015 2904,2111 2791,2041 2488,2121 1402,2088"/>
                <Baseline points="1421,2155 1439,2155 1528,2150 1618,2144 1708,2144 1797,2144 1887,2144 1976,2144 2066,2150 2155,2144 2245,2150 2335,2150 2424,2155 2514,2150 2603,2144 2693,2150 2783,2150 2872,2150 2962,2144 3051,2150 3141,2150 3230,2150 3320,2150 3410,2150 3499,2150 3589,2150 3678,2150 3768,2144 3858,2150"/>
                <TextEquiv>
                    <Unicode>It's true that nothing could be proved. But it was</Unicode>
                </TextEquiv>
            </TextLine>
            <TextLine id="tr_1_tl_15" custom="readingOrder {index:14;}">
                <Coords points="746,2208 813,2204 839,2224 876,2204 939,2241 992,2218 1016,2224 1022,2101 982,2105 959,2088 949,2095 869,2075 829,2088 806,2078 769,2108 749,2105"/>
                <Baseline points="764,2167 848,2155 937,2155 1027,2155"/>
                <TextEquiv>
                    <Unicode>HoCH:</Unicode>
                </TextEquiv>
            </TextLine>
            <TextLine id="tr_1_tl_16" custom="readingOrder {index:15;}">
                <Coords points="1425,2344 3993,2354 3993,2228 1425,2248"/>
                <Baseline points="1445,2299 1534,2305 1624,2299 1714,2299 1803,2299 1893,2305 1982,2299 2072,2305 2161,2305 2251,2305 2341,2305 2430,2299 2520,2299 2609,2305 2699,2305 2789,2305 2878,2305 2968,2305 3057,2305 3147,2305 3236,2305 3326,2305 3416,2305 3505,2305 3595,2305 3684,2305 3774,2305 3864,2305 3953,2311 4001,2311"/>
                <TextEquiv>
                    <Unicode>undmenbtedly an illégal operation. Yes, Sister, strange</Unicode>
                </TextEquiv>
            </TextLine>
            <TextLine id="tr_1_tl_17" custom="readingOrder {index:16;}">
                <Coords points="1422,2531 3949,2507 3923,2374 1422,2371"/>
                <Baseline points="1439,2466 1528,2460 1618,2454 1708,2454 1797,2454 1887,2454 1976,2454 2066,2454 2155,2454 2245,2454 2335,2454 2424,2454 2514,2454 2603,2454 2693,2460 2783,2454 2872,2454 2962,2454 3051,2454 3141,2460 3230,2460 3320,2466 3410,2460 3499,2460 3589,2460 3678,2460 3768,2460 3858,2460 3947,2472 3959,2478"/>
                <TextEquiv>
                    <Unicode>things happen in the world, out there. (He notices a</Unicode>
                </TextEquiv>
            </TextLine>
            <TextLine id="tr_1_tl_18" custom="readingOrder {index:17;}">
                <Coords points="1392,2671 3879,2631 3816,2524 1392,2537"/>
                <Baseline points="1409,2621 1469,2621 1558,2615 1648,2615 1737,2615 1827,2615 1917,2615 2006,2615 2096,2621 2185,2621 2275,2615 2365,2621 2454,2621 2544,2621 2633,2621 2723,2621 2812,2621 2902,2621 2992,2615 3081,2609 3171,2615 3260,2615 3350,2609 3440,2615 3529,2615 3619,2615 3708,2609 3798,2615 3887,2615"/>
                <TextEquiv>
                    <Unicode>half opened package lying on the table) Ah, here are</Unicode>
                </TextEquiv>
            </TextLine>
            <TextLine id="tr_1_tl_19" custom="readingOrder {index:18;}">
                <Coords points="1422,2804 3686,2787 3606,2687 3277,2661 2238,2637 1578,2721 1422,2661"/>
                <Baseline points="1439,2771 1528,2765 1618,2765 1708,2765 1797,2765 1887,2765 1976,2765 2066,2765 2155,2765 2245,2765 2335,2765 2424,2765 2514,2765 2603,2765 2693,2765 2783,2771 2872,2765 2962,2765 3051,2765 3141,2771 3230,2771 3320,2765 3410,2771 3499,2765 3589,2765 3678,2765 3696,2771"/>
                <TextEquiv>
                    <Unicode>the invitations to our Ball. (Reads) "Under the</Unicode>
                </TextEquiv>
            </TextLine>
            <TextLine id="tr_1_tl_20" custom="readingOrder {index:19;}">
                <Coords points="1409,2984 3879,2944 3773,2834 1409,2837"/>
                <Baseline points="1427,2932 1516,2920 1606,2920 1696,2920 1785,2920 1875,2920 1964,2920 2054,2920 2144,2920 2233,2920 2323,2920 2412,2920 2502,2920 2591,2920 2681,2920 2771,2920 2860,2920 2950,2920 3039,2920 3129,2920 3219,2920 3308,2926 3398,2926 3487,2926 3577,2926 3666,2926 3756,2932 3846,2932 3887,2932"/>
                <TextEquiv>
                    <Unicode>patronage of the Princess Stixenstein". Well Sister</Unicode>
                </TextEquiv>
            </TextLine>
            <TextLine id="tr_1_tl_21" custom="readingOrder {index:20;}">
                <Coords points="1402,3173 1795,3183 2028,3100 2887,3124 2887,3014 2777,2984 2421,3030 2068,2977 1861,3030 1618,2977 1402,3010"/>
                <Baseline points="1421,3075 1510,3075 1600,3075 1690,3075 1779,3075 1869,3075 1958,3075 2048,3075 2138,3075 2227,3075 2317,3075 2406,3075 2496,3075 2585,3075 2675,3075 2765,3075 2854,3075 2896,3075"/>
                <TextEquiv>
                    <Unicode>are you coming to our Ball too?</Unicode>
                </TextEquiv>
            </TextLine>
        </TextRegion>
        <TextRegion id="tr_2" custom="readingOrder {index:1;}">
            <Coords points="746,3250 4102,3250 4102,4584 746,4584"/>
            <TextLine id="tr_2_tl_1" custom="readingOrder {index:0;}">
                <Coords points="743,3377 856,3350 879,3370 919,3357 946,3367 979,3343 1106,3377 1109,3173 1026,3170 982,3210 942,3200 902,3237 852,3250 746,3227"/>
                <Baseline points="764,3326 776,3320 865,3314 959,3300 959,3300 1051,3314 1116,3320"/>
                <TextEquiv>
                    <Unicode>SISTER:</Unicode>
                </TextEquiv>
            </TextLine>
            <TextLine id="tr_2_tl_2" custom="readingOrder {index:1;}">
                <Coords points="1395,3393 1722,3317 2791,3360 2791,3260 2661,3233 2401,3283 1971,3183 1888,3227 1395,3227"/>
                <Baseline points="1415,3320 1457,3314 1546,3314 1636,3308 1725,3308 1815,3314 1905,3308 1994,3308 2084,3308 2173,3308 2263,3308 2353,3314 2442,3314 2532,3308 2621,3308 2711,3308 2800,3308"/>
                <TextEquiv>
                    <Unicode>(Smiling) Oh hardly, Doctor.</Unicode>
                </TextEquiv>
            </TextLine>
            <TextLine id="tr_2_tl_3" custom="readingOrder {index:2;}">
                <Coords points="1409,3593 2191,3556 2571,3656 3030,3560 3323,3586 3323,3487 3230,3467 1409,3447"/>
                <Baseline points="1427,3541 1516,3547 1606,3541 1696,3541 1785,3541 1875,3541 1964,3541 2054,3541 2144,3541 2233,3541 2323,3547 2412,3547 2502,3541 2591,3541 2681,3541 2771,3541 2860,3541 2950,3541 3039,3547 3129,3547 3219,3547 3308,3547 3332,3553"/>
                <TextEquiv>
                    <Unicode>Why not? Is dancing Orohibited for you?</Unicode>
                </TextEquiv>
            </TextLine>
            <TextLine id="tr_2_tl_4" custom="readingOrder {index:3;}">
                <Coords points="746,3600 829,3620 856,3596 876,3600 906,3570 962,3583 1036,3566 1032,3460 1002,3457 956,3480 926,3473 906,3453 866,3473 856,3463 846,3473 799,3473 743,3460"/>
                <Baseline points="764,3553 854,3541 943,3541 1033,3559 1045,3565"/>
                <TextEquiv>
                    <Unicode>HoCH:</Unicode>
                </TextEquiv>
            </TextLine>
            <TextLine id="tr_2_tl_5" custom="readingOrder {index:4;}">
                <Coords points="1392,3806 3963,3833 3963,3700 3843,3663 1392,3716"/>
                <Baseline points="1409,3774 1499,3780 1588,3774 1678,3774 1767,3774 1857,3774 1946,3774 2036,3774 2126,3774 2215,3774 2305,3774 2394,3774 2484,3774 2574,3774 2663,3774 2753,3774 2842,3780 2932,3780 3021,3780 3111,3780 3201,3780 3290,3780 3380,3780 3469,3780 3559,3780 3649,3786 3738,3786 3828,3786 3917,3792 3971,3798"/>
                <TextEquiv>
                    <Unicode>Oh no, Doctor. We are not a religious Order. nothing</Unicode>
                </TextEquiv>
            </TextLine>
            <TextLine id="tr_2_tl_6" custom="readingOrder {index:5;}">
                <Coords points="753,3856 796,3859 823,3836 862,3843 889,3816 922,3833 959,3813 1056,3863 1099,3863 1099,3660 1049,3676 1029,3663 1009,3683 939,3693 922,3683 866,3706 846,3690 819,3710 783,3686 753,3690"/>
                <Baseline points="770,3780 860,3774 949,3774 1039,3774 1104,3780"/>
                <TextEquiv>
                    <Unicode>SISTER:</Unicode>
                </TextEquiv>
            </TextLine>
            <TextLine id="tr_2_tl_7" custom="readingOrder {index:6;}">
                <Coords points="1402,3956 1512,4016 1568,3983 1752,4016 1832,3959 1888,3986 1988,3949 2098,3989 2095,3876 1998,3853 1945,3873 1848,3826 1658,3879 1452,3856 1402,3883"/>
                <Baseline points="1421,3935 1475,3935 1564,3935 1654,3929 1743,3929 1833,3929 1923,3929 2012,3929 2102,3929"/>
                <TextEquiv>
                    <Unicode>is Orohibited.</Unicode>
                </TextEquiv>
            </TextLine>
            <TextLine id="tr_2_tl_8" custom="readingOrder {index:7;}">
                <Coords points="1422,4192 2764,4259 3417,4182 3690,4282 4093,4189 4093,4109 3437,4109 3300,4026 3004,4109 1422,4079"/>
                <Baseline points="1439,4168 1528,4168 1618,4168 1708,4168 1797,4162 1887,4162 1976,4162 2066,4162 2155,4162 2245,4168 2335,4174 2424,4168 2514,4168 2603,4168 2693,4168 2783,4168 2872,4168 2962,4168 3051,4168 3141,4168 3230,4174 3320,4174 3410,4174 3499,4174 3589,4174 3678,4180 3768,4180 3858,4180 3947,4174 4037,4180 4102,4186"/>
                <TextEquiv>
                    <Unicode>(Geving her a cheeky glance) Is that so? nothing at all?</Unicode>
                </TextEquiv>
            </TextLine>
            <TextLine id="tr_2_tl_9" custom="readingOrder {index:8;}">
                <Coords points="739,4206 776,4209 789,4199 816,4222 866,4192 879,4206 926,4199 979,4212 996,4196 1026,4209 1026,4099 992,4103 976,4089 959,4099 932,4083 879,4096 839,4083 803,4049 786,4056 776,4046 759,4063 739,4063"/>
                <Baseline points="758,4174 848,4162 937,4162 1027,4174 1033,4174"/>
                <TextEquiv>
                    <Unicode>HoCH:</Unicode>
                </TextEquiv>
            </TextLine>
            <TextLine id="tr_2_tl_10" custom="readingOrder {index:9;}">
                <Coords points="729,4429 776,4429 902,4479 959,4436 986,4452 1066,4462 1082,4446 1142,4466 1146,4352 1082,4336 1046,4306 986,4326 919,4329 879,4306 836,4322 813,4312 773,4336 733,4322"/>
                <Baseline points="746,4413 794,4407 883,4401 973,4401 1063,4401 1152,4401"/>
                <TextEquiv>
                    <Unicode>SISTER:</Unicode>
                </TextEquiv>
            </TextLine>
            <TextLine id="tr_2_tl_11" custom="readingOrder {index:10;}">
                <Coords points="1379,4439 3926,4466 3873,4292 3700,4366 3054,4279 2641,4356 1379,4312"/>
                <Baseline points="1397,4401 1487,4401 1576,4401 1666,4407 1755,4401 1845,4401 1935,4401 2024,4401 2114,4401 2203,4401 2293,4401 2382,4407 2472,4407 2562,4407 2651,4401 2741,4407 2830,4407 2920,4407 3010,4407 3099,4407 3189,4413 3278,4413 3368,4413 3457,4413 3547,4413 3637,4413 3726,4413 3816,4413 3905,4413 3935,4413"/>
                <TextEquiv>
                    <Unicode>still, it would hardly be seemly. Besides we haven't</Unicode>
                </TextEquiv>
            </TextLine>
            <TextLine id="tr_2_tl_12" custom="readingOrder {index:11;}">
                <Coords points="1409,4572 1915,4639 3453,4609 3453,4525 3210,4496 1409,4476"/>
                <Baseline points="1427,4562 1516,4556 1606,4556 1696,4556 1785,4556 1875,4556 1964,4556 2054,4556 2144,4556 2233,4556 2323,4562 2412,4562 2502,4562 2591,4568 2681,4562 2771,4562 2860,4568 2950,4568 3039,4568 3129,4568 3219,4568 3308,4574 3398,4574 3463,4574"/>
                <TextEquiv>
                    <Unicode>the head for such things in our profession.</Unicode>
                </TextEquiv>
            </TextLine>
        </TextRegion>
    </Page>
</PcGts>
