4216 5160
2035 314 2332 563 - 16 -
1307 512 3318 720 tosovisional appointments, on principle.
1413 683 3963 949 ( Lnter right TUGENDVETTER, aged about fifty, grey hair
1410 956 4001 1103 side whiskers, rather jovial in bearing, intentionally
1410 1116 3786 1311 humourous, at the same time a little—uncertain of
1427 1277 3704 1458 himself. Looks for approbation. In appearance
1400 1458 3861 1635 more like a banker than a scientist. comes in with
1437 1584 3728 1813 his hat on his head, which he only removes after
1379 1727 2171 1901 a little while.)
720 1840 1072 2113 TUGEND:
1287 1963 4032 2123 Good morning, How do Bernhardi. How do Ebenwald. I have
1280 2103 3192 2308 been looking for you Kostairs Bernhardi.
1284 2335 2673 2547 Perhaps I am in the way.....
713 2321 1000 2523 EREN:
717 2560 1048 2714 TUBEND.
1249 2557 2994 2755 Not at all, Not at all. No secrets.
720 2775 1007 2939 BERNH:
1270 2820 3325 3038 Well, what is it. You wish to sepak to me.
707 3028 1065 3243 TUGEND:
1267 3055 3571 3212 It's like this. His Excellency, the Minister of
1246 3223 3878 3369 bringing has asked me whether I would be in a position
1270 3363 3496 3506 to take on the Clinic over the way immediately.
683 3455 997 3745 BERNH:
1243 3588 1840 3796 Immediately?
679 3772 1034 4004 TUGEND:
1239 3817 2355 3994 As quickly as possible.
673 4025 993 4185 BERNH:
1232 3977 3827 4209 I thought it was arranged that Brunnleiter would carry
1243 4216 3759 4428 on the Glinic until the beginning of the Summer Term.
662 4393 1021 4574 TUGEND:
1222 4397 3724 4639 Applied for leave. Poor devil! Six per cent augar.
1229 4544 2478 4789 Last days of Pompeii" eh?
