4216 5176
1817 359 2098 542 - 20 -
1281 492 2075 688 not think of it.
1288 759 3763 885 That would be wrong of him. His last work on serums
746 756 1017 973 BERNH:
1281 929 2719 1085 attracted universal attention.
1305 1119 3770 1346 Caused a mirsation you mean, Chief. That is not the
732 1037 1003 1349 EEEN:
1288 1292 1844 1509 same thing.
1288 1461 3817 1685 He has talent, Undoubtedly he has talent. But as to
739 1529 1078 1685 TUGEND:
1295 1698 3207 1881 theienlillity of his experiment.
1248 1902 3966 2126 (Simply) There are people who call him - shall we say --
746 1905 1003 2085 EEEN:
1281 2078 1793 2248 a faddist.
2559 2234 2736 2339 ἄ
1281 2281 3804 2410 That is going too far. Any one I cannot hinder anyone
739 2302 1071 2465 TUGEND:
1288 2465 3627 2624 from putting in his application, neither Hill nor
1302 2597 1644 2756 Wenger.
1302 2837 3810 2973 But I must remind you that you will have touecide for
739 2827 1044 2997 BERNH:
1302 2987 2115 3136 one or the other.
746 3234 1085 3383 TUGEND:
1295 3227 3715 3441 It surely doesn't depend on me. I don’t appoint my
1295 3383 1807 3560 successor.
1288 3607 3810 3773 But you will take your share in the voting. The fate
742 3600 1034 3773 BERNH:
1302 3793 3858 3929 of your recent Section and of our Institute will still
1295 3892 3353 4078 interest you sufficiently for that, I hope
1295 4065 3634 4292 I should say so. That's not bad! Why we found
729 4173 1078 4319 TUGEND:
1278 4336 3675 4448 it didn’t we, the Elizabeth Instituee, (turning to
1278 4431 3824 4631 Ebenwald), Bernhardi, Cyprian and I. "Three horsemen
1298 4651 3729 4851 through the gate cameseling" eh, h ow long ago is
