4376 5496
966 372 1191 575 " : " :
3697 413 3878 579 P.S.
1894 383 2465 624 RADEMACHER
2563 395 2803 579 „ „
883 549 3836 819 That isn’t what I mean, doctor. I man, when will it be--all
883 710 1522 951 over with me.
1939 853 2194 1018 TANN
894 1030 3119 1266 (Sits down at table, idly turning over papers.)
1928 1187 2608 1353 HALMSCHLAEGER
868 1319 3431 1537 What a way to talk! (To nurse) Has he had hisedicine?
1980 1511 2277 1657 NURSE
857 1616 2814 1886 I gave it to him at half past seven, sir.
1976 1792 2487 1946 RADEMACHER
849 1905 3641 2134 Dr. I beg of you, don’t treat me just like – – like anybody – –
845 2131 2044 2330 oh I beg your pardon sir.
1909 2243 2585 2416 HALMSCHLAEGER
853 2424 3634 2626 (Slightly impatient but still amiable) Hush, be more quiet.
1928 2574 2427 2732 RADEMACHER
838 2683 3773 2912 Just--just a word, doctor. I must know the truth. I mutst.—
845 2882 1860 3040 a certain reason.
1939 2961 2634 3186 HALMSCHLAEGER
819 3077 3724 3325 The truth? Why I hope—of course we can none of us see into
838 3329 2187 3551 the future, but I believe--
2089 3498 2611 3645 RADEMAcher
804 3600 3795 3803 Doctor, suppose there was something I had to do, something very
808 3795 3675 4009 important--something affeeling other people--something that
808 3979 2533 4178 would bring peace to my last hours--
2063 4137 2739 4265 HALMSCHLAEGER
823 4163 3836 4419 (still friendly) come, come, tell me more clearly what you want.
842 4423 3803 4603 But in as few words as possible please. I have two more rooms
797 4547 3603 4742 to go through and if every patient took so much time--well
789 4727 1345 4934 what is it?
