4056 5416
1770 444 1950 581 7 -
650 532 3503 730 Count: Possibly it has something to do with these artistic
658 654 3545 799 aspirations. I think sometimes, that all these eccentricties
665 776 2845 899 have a psychological connection between them.
2306 837 2512 933 call
654 872 3132 1052 Prince: Eccentricities? You can’t Mizzi eecentric.
654 1021 2202 1216 Count: Now it's all over. But-
669 1185 3560 1331 Prince; I always found Mizzi very olever and very quiet. You
658 1273 3728 1434 needn’t think her eccentric because she points Moses and violets.
669 1422 3411 1564 Count: Don't take me for a fool. I don’t mean because of
669 1495 3453 1675 her rose and violets, but- as a very young girl, if you’ll
669 1637 1201 1763 remember,
669 1732 1373 1916 Prince: What?
669 1900 3338 2027 Count: Oh, the story about Fedor Wangenheim, wanting to
665 2007 1174 2149 marry her.
684 2111 3285 2256 Prince: Why, are you still thinking of that? It isn't
684 2183 3430 2390 true any more. It must have been eighteen or twenty years
684 2332 883 2447 ago.
684 2428 3315 2581 Count: When she'd rather have gone into a convent than
684 2527 3304 2654 marry that nice boy. After she had been nearly engaged
696 2589 3487 2734 to him, too. And then she left her home.- Suddenly. Don't
707 2707 1835 2845 you call that eccentric?
696 2830 3392 2963 Prince: How do you happen to think of that old, old story
707 2948 1040 3059 to-day?
696 3025 3571 3174 Count: Old? It seems to me like last year. Just at the time
696 3124 3525 3258 my story with Lolo started. To remember it all. If anybody
700 3216 3480 3346 had told me- you know, it started just like an ordinary ad-
696 3292 3522 3422 venture, quite frivolous, irresponsible, crazy. Yes, crazy.
2642 3357 3548 3487 V. it was fornunate
700 3426 2581 3506 I don't want to speak simply- but rea,
707 3464 3575 3598 my poor wife had been dead then a few Lolo- she was my
719 3514 3579 3659 fate. For love and looking. Her looking was something won-
707 3598 3441 3732 derful. And the coziness around her, - and always in good
696 3690 3449 3812 humour, never an angry word.... Well, it's over now, let’s
719 3755 3491 3889 not talk about (Silence) But say, won’t you stay to lunch?
727 3870 1476 4003 I’ll call Mizzi.
1923 3973 3587 4103 Wait- I want to tell you something.
707 3996 1885 4122 Prince: (Detaining him)
730 4076 3506 4233 (Easily, rather humouristically) I want to prepare you for
719 4187 1189 4313 something.
715 4271 1889 4474 Count: What? What's up?
704 4447 3273 4600 Prince: I want to introduce a young gentleman to you.
707 4604 2531 4795 Count: (Astonished) A young gentleman?
719 4780 2264 4936 Prince: Yes, if you don't mind.
