4232 5624
1855 356 2061 491 - 30-
839 427 3834 742 Countess: Yes, I shall hardly be able to-day... I feel a little
521 633 944 809 unstrung.
854 678 3343 941 Professor: Really...You are a little pale too, Maria.
858 899 2155 1094 Countess: Do you think so?
873 974 2856 1229 Professor: How long will you remain away?
869 1087 3777 1424 Countess: Perhaps till autumn...perhaps till very late autumn.
798 1233 3676 1514 Professor: So that we shall not be able to resume our lessons
566 1484 1240 1653 till November?
888 1540 2796 1810 Countess: (smiling) I don't believe so.
888 1664 3530 1919 Professor: You don’t believe so? (Look at each other)
907 1881 2413 2084 Countess: I don't believe so...
918 1979 3099 2234 Professor: So then...I am discharged, Maria.
929 2140 3684 2372 Countess: How can you express yourself like that, Rudolph?
600 2327 1881 2488 It is really not very nice.
941 2387 3676 2612 Professor: I beg your pardon. It just came a little more
622 2578 1754 2732 duickly than I expected.
948 2631 3789 2848 Countess: Better, than when it comes too slowly. Don't you
603 2796 1057 2946 think so?
944 2867 3253 3095 Professor: I am far from reproaching you, child.
967 2987 3927 3223 Countess: And really you have no grounds for reproach. Wasn't
618 3170 2417 3320 it beautiful? (Offers him her hand.
2368 3178 3811 3395 Will you be kind enough to say
963 3287 2320 3451 Professor: (Kisses her hand)
622 3418 1694 3579 farewell to the Count?
978 3474 2878 3710 Countess: You are going immediately...?
993 3628 2991 3856 Professor: (Lightly) Isn’t that the best?
1004 3766 3789 3999 Countess: (After a cause, looking into his eyes.) I think
866 3950 1720 4133 (They press hands)
667 3987 824 4111 so.
989 4081 2286 4257 Professor: Farewell, Maria.
1001 4115 4010 4400 Countess: Farewell...Remember me to your wife and the children.
1016 4306 3234 4546 Professor: thanks, I shall, Countess. (Leaves)
1001 4478 3703 4744 Countess: (Remains standing a while, looking after him.)
1023 4602 3766 4838 Count: (On the terrace) everything is arranged. Tomorrow
701 4733 3691 4950 evening, trains leaves nine-thirty, West Station. Where is the
697 4920 1195 5063 Professor?
1049 4995 2323 5198 Countess: I sent him away.
