4296 5624
1657 556 1824 686 -8-
820 565 2266 804 Count: How!s that? For what?
812 735 3513 930 Prince: I'm bringing a young gentleman to see you today.
833 902 2985 1133 Count: (astonished) What, a young gentleman?
837 1064 2729 1271 Prince: Yes, if you have no objects.
837 1194 3403 1389 Count: Whaticbjections should I have? But who is he?
849 1373 2136 1580 Prince: My son, dear Arpad.
837 1539 2278 1750 Count: (greatly annexed) What?
837 1649 3550 1901 Prince: Yes, my son. I didn’t want, before going away....
853 1856 2457 2075 Count: Your son? You have a son?
849 2031 1430 2193 Prince: Yes.
861 2140 3647 2331 Count: Now, I've never heard the like.. You have a young man
528 2230 3777 2441 who is your son... Or rather a son who is a young man. How old is he?
865 2412 2185 2599 Prince: Seventeen years old.
861 2575 3874 2689 Count: Seventeen! And he tells me this now for the first time
528 2636 3659 2806 No, Egon. Egon... Tell me....seventeen years old! You!.. Then your
552 2790 1673 2928 wife was still alive....
873 2819 3659 3018 Prince: Yes. My wife was still alive then. One is at times
548 2957 3046 3139 drawn into xxxxto strange situation, dear Arpad.
877 3078 2957 3253 Count: Yes, upon my soul, that mus be true!
873 3237 3830 3395 Prince: And then one day one has a seventeen year old son with
556 3363 1694 3541 whom one takes journey.
885 3513 2871 3667 Count: Oh, so you're going away with him?
889 3667 2356 3818 Prince: I'm taking the liberty.
893 3761 3818 3952 Count: Honestly, I can hardly tell you...so he has a seventeen
569 3891 3615 4045 year old son! (Studdenly he takes his hand and then embraces him)
569 3976 3777 4122 And if I may ask... the mother of your son....since you have begun to
573 4094 1036 4244 tell me...
898 4179 3883 4362 Prince: The mother has been dead a long time. Died a few weeks
565 4321 2469 4455 after the birth. A very young creature.
898 4431 2112 4573 Count: Of peosant stock?
910 4561 3789 4711 Prince: Yes, naturally. But anuorming creature. Well, I'll
609 4638 3870 4796 tell you the details some day. I can hardly remember them all myself.
613 4727 3870 4890 It was like a dream, the whole affair. If the boy had not been here..
