3704 5352
3095 177 3301 397 12.
1407 314 2074 516 HALMSCHLAEGER
429 494 3261 685 (Aside to him) It's aevreer story. This poor Hervil here has
433 667 3178 823 been legging me to 18t:b an old friend of his, he wants to
437 830 3232 1003 speak to him. It is evidently something of importance. And
426 952 3203 1136 who do you suppose this friend is? Weihgast the celebrated
422 1108 772 1281 weiter.
1454 1252 1674 1439 RANN
422 1295 3232 1584 And you're going after him? See here, are you an errand boy?
422 1558 2738 1797 These people has are always abusing good nature.
1432 1717 2096 1890 HALMSCHLAEGER
415 1880 3193 2024 My dear boy, that depends on how you look at it. To me such
426 2042 3001 2266 things are the most interesting side of our profession.
1432 2190 1656 2367 TANN
397 2327 1782 2532 Him that's one point of view.
1418 2482 2071 2670 HALMSCHLAEGER
400 2608 1970 2861 Then you’ll take the other rooms?
1461 2792 1710 2976 TANN
404 2854 3185 3171 Why certainly. But there’11 be no Café for us this evening
397 3110 902 3323 I suppose.
1447 3247 2132 3456 HALMSCHLAEGER
397 3424 3294 3615 I may get there later.(Goes out C. with Tann. Nurse follows
390 3568 707 3723 them)
1486 3716 1880 3871 FLORIAN
404 3856 3276 4044 (coming in through curtain C.) Well, what did you have to talk
382 4048 2009 4257 to the doctor about all this time?
1425 4174 1981 4380 RADEMACHER
390 4361 2843 4506 (Excited, almost cheerful) I am expecting aœsitor.
1432 4481 1847 4708 FLORIAN
368 4654 2799 4888 (Interested) A Visitor? At this hour of the night?
1378 4798 1926 4993 RADEMACHER
