4088 5480
1721 479 1925 620 16.
2152 508 3213 664 Well, to cheer you up,
597 542 2048 742 Countess: Disillusionments...
616 646 3168 820 can assure you, my dear Prince, that some of them were
612 790 1521 913 extremely pleasant.
631 883 3224 1031 Prince: That I know as well. How else could I assert,
642 987 2471 1135 that I really know your life's history.
631 1068 3476 1280 Countess: And do you think I don’t know yours? Do you want
2857 1150 3524 1276 Starting with
638 1202 2782 1358 me to enumerate the list of your mistresses?
649 1243 3569 1421 the wife of the Belgarian Attache, in 1887, up to Miss Therese
631 1313 3395 1488 Gredun, if that's her real name- who up to this Spring, at
649 1391 3476 1584 least, held her place and dignity with you. Probably I know
649 1465 3487 1658 even more than you. I know of nearly all the men who charged
653 1606 1970 1759 the ladies favors with you.
646 1684 3558 1888 Prince: I'd rather you wouldn’t tell me. One must find such
672 1785 3576 1963 things out for onesself, to get the real fun out of them (Car-
1955 1866 3391 1992 It's he. Perhaps you want to
672 1929 1925 2040 riege is heard d¬
664 1951 3209 2137 disappear before he enters the Park- I’ll detain him.
664 2096 3358 2259 Countess: Don’t trouble yourself, it pleases me to stay.
660 2144 3510 2326 But if you think, I've got the elightest feeling.... A young
683 2245 3421 2426 man, coming to call on my father- There he is- Call of the
690 2330 3332 2497 blood- it must be a fable. I feel not a thing, my dear
683 2497 1035 2612 Prince.
683 2560 3254 2749 Phillip: (Enters quickly through the middle door- he is
690 2634 3432 2812 seventeen years old, slender, good looking, smart, but not
694 2705 3580 2894 like a dandy- of a faireming rather boyish impudence- a little
1443 2801 3109 2953 Good-morning. (Bows to the Countess)
701 2853 1391 3001 embarrassed.)
701 2927 3684 3116 Prince: Good-morning, Phillip. May I introduce my son to you?
697 3027 3243 3198 This is Countess Mizzi, the daughter of my old friend.
690 3176 2927 3372 Phillip: (Takes and hisses the Countess' hand)
705 3376 1146 3536 (Silence)
705 3502 2512 3677 Countess: Don't you want to sit down?
720 3625 3042 3803 Phillip: Thank you, Countess. (Remains standing)
720 3788 3532 3959 Prince: You've come with the carriage? You might send it away
709 3936 1358 4070 mine is here.
3209 3996 3584 4111 Because
735 4014 3183 4196 Phillip: Wouldn’t you rather return with me, Papa?
738 4096 3580 4274 I think Wasner drives better, than your Franz with those old
731 4244 1510 4378 hòrses of yours,
757 4322 2137 4548 Countess: Wasner drives you?
731 4511 1436 4697 Phillip: Yes.
749 4593 3547 4804 Countess: He, himself? Do you know that’s a great honour?
742 4715 3658 4890 He doesn't drive everybody. up to two years ago he went with
738 4882 1247 5012 my father.
