4328 5432
695 352 3581 577 young lady has a very good heart even if she does wear a red
718 577 3642 745 hat. (Beginning to enough) She may come again. I'll write her
718 692 3573 875 to wear a blue hat next time, since you don’t alprove of red.
734 890 2537 1066 (Goes off into a bad fit of coughing.)
1834 1032 2136 1196 NURSE
718 1146 3726 1360 Quiet, the patients are sleeping. (Listens as if she heard some-
703 1360 1028 1528 thing)
1872 1460 2270 1628 FLORIAN
707 1628 1276 1861 What is it?
1880 1800 2174 1968 NURSE
715 1914 2121 2117 I thought I heard the doctor.
1177 2056 2595 2293 (A big clock outside starkes)
1930 2262 2312 2465 FLORIAN
726 2407 1525 2614 What time is it?
1930 2545 2239 2725 NURSE
726 2728 1379 2897 line o’clock.
1846 2877 2216 3023 FLORIAAS
730 3004 2109 3214 Who makes the rounds tonight?
1842 3160 2140 3347 NURSE
780 3336 1666 3542 Dr. Halmschlaeger.
1853 3458 2251 3653 FLORIAN
741 3607 3588 3825 Oh Dr. Halmschlaeger. Nice man but just a little conceited.
757 3760 3642 3970 (Sees that Rademacher is awake)  Your servant Mr. Rademacher.
745 3924 3821 4169 (Rademacher nods, Florian continuestimitating Dr. Halmschlaeger's
726 4135 3733 4299 manner) Well, my dear Rademacher, how are we today? (Gesture as
738 4268 3603 4475 if taking off his overcoat and sending it to nurse) Ah nurse
741 4429 2239 4570 will you be so kind— thank you.
1884 4559 2155 4754 NURSE
749 4719 3504 4876 (Laughing in spite of herself) How you can imitate people.
1872 4857 2274 5056 FLORIAN
