4072 5480
2827 107 3027 211 " " " "
1691 308 1988 476 — la —
638 534 1372 691 Phillip: Ah..
648 591 2529 845 Prince: You are rather late, Phillip.
666 774 3321 942 Phillip: Yes, I'm sorry, the fact is, I overslept (To
674 871 3188 1035 the Countess) Some of my classrates got together last
674 914 3285 1111 night. You know, Countess, I was graduatea a fortnight
659 1046 2296 1229 ago, And so we made a night of it.
677 1164 3368 1390 Countess: You seem to have taken to Viennese life pretty
688 1290 1476 1451 quickly, Mr
691 1386 2812 1548 Prince: Just call him, Phillip, dear Mizzi.
684 1562 3389 1677 Countess: Don’t you want to sit down, Phillip? (riesking
677 1626 3342 1795 at the Prince) My father must come any moment. (Countess
691 1752 3006 1856 and Prince sit down. (Phillip remains standing,
684 1809 3131 2003 Phillip: Well, if I may say so, I think the Park is
691 1960 2243 2114 ripping, no end better than ours.
691 2071 2418 2275 Countess: You know Ravenstein Park?
702 2246 3579 2407 Phillip: Of course, Countess. I have lived at the house for
702 2375 1225 2511 three days.
702 2465 1566 2662 Countess: Really?
695 2597 3482 2769 Prince: Gardens can’t develop in town as they do out here.
695 2701 3500 2841 A hundred years ago our garden was certainly more beautiful
1161 2794 3042 2938 then our house was outside of the city.
713 2845 1132 2956 than now
1179 2880 3411 3070 Troo bad, the people were allowed to build their
702 2966 1114 3092 Phillip:
709 3049 1927 3188 houses around our place.
1265 3106 3371 3278 We are better off. We won’t live to see the
709 3188 1154 3307 Countess:
709 3267 1913 3400 city stretching out here.
706 3375 2522 3543 Phillip: But why not, Countess
713 3507 3246 3658 Countess: A hundred years ago all this was a hunting
720 3633 3210 3754 ground. It is quite near the deer park. Do you see
720 3701 3285 3812 the wall over there, Phillip? And our house used to be
738 3794 3239 3909 a little hunting lodge of the Empress Maria Theresia.
720 3876 2999 4009 The figure near the pond belongs to that period.
727 4009 2733 4149 Phillip: And how old is our castle, Papa?
738 4113 3299 4299 Prince: (Smiling) Our castle, my boy, was built in the
727 4199 3425 4374 seventeenth century. I showed you the room where Emperor
738 4353 1870 4485 Leopold slept one night.
738 4446 2640 4672 Phillip: Emperor Leopold, 1643 to 1705.
1580 4571 3443 4740 That stick to me from the examination.
745 4614 1551 4775 Countess laughs)
749 4697 3303 4833 When I shall be as old as...... (Interrupting himself)
749 4779 3332 4912 Beg your pardon, I only wanted to say,-next year of the
738 4851 3357 5016 have forgotten all that stuff. Of course I didn’t know
745 4937 3457 5098 when I studied the date, that he was such a good friend of
749 5066 2038 5223 ours, this Emperor Leopold.
