3592 5144
2486 224 2770 355 „ „ —: „
2925 291 3099 452 1 7
1451 322 1762 482 - 22 -
660 606 3045 774 urgingtscipitancy, or even careless procipitancy.
251 774 425 965 INH:
657 770 2218 1025 (smiling) I will take note of it.
660 995 3189 1203 (looking at the clock) I must go to my Section. Good
224 1079 389 1263 PEN :
687 1189 1367 1374 day gentlemen.
673 1424 3102 1601 And I must go to my office at last. (Makes way for
673 1615 3182 1762 Ebenwald to pass him) If you please, Professor. Your
697 1732 1708 1903 students are waiting.
673 1960 2683 2094 "And in your band I’ll make the third” eh?
697 2114 2975 2312 (EBENW ilD meets Dr. Adler in the doorway. Exit
720 2275 1159 2432 ERENNALD
683 2496 1320 2660 Good morning.
690 2734 3367 2925 What brings you into the where of the living, Dr. Adler?
690 2988 3203 3139 I wanted to see some more about your Case in the Case
673 3136 1273 3316 Book, Chief.
673 3350 2151 3538 Everything is at your duaponal.
673 3591 3320 3708 It’s a City Chief, that you weren’t down there just now.
667 3779 3343 3946 A case from the Cyprian Section. Just think, apart from
680 3893 3373 4043 the Tabes, which was keagnosed, there were the beginning
680 4067 3112 4231 of a tumour on the brain, of which no symptons seem
680 4191 1866 4378 to have appeared in life.
121 4409 422 4613 BERNH:
683 4482 3250 4660 If you began to think of all the illnesses that lie in
660 4606 3239 4861 wait for people who, so to speak, don’t live to die of
