4056 6152
1385 321 1600 464 11 -
1194 491 3368 720 Ah yes, here he is. (To Rademacher, warmly)
1222 621 3314 805 Rademacher, is it possible? Rademacher...
809 631 1150 778 WEIH.
1239 717 3112 911 So we meet again: my good old friend!
1208 867 3099 1037 My best thanks to you for having come.
829 932 1102 1068 RADE.
1252 956 3501 1177 (Has beckoned to the Nur se, who brings Weikgast
829 1075 1119 1222 HALM.
1235 1102 3617 1327 And now, allow me Mr. Weihgast... to request you
1249 1157 1583 1263 a chair
1242 1194 3597 1385 as Doctor not to prolong the conversation beyond
2532 1269 3583 1416 shall take the liberty
1246 1345 2266 1488 a quarter of an hour.
1259 1334 3607 1556 at the end of this time to come back here myself
1263 1481 2884 1641 and go down with you to the door.
1273 1577 3627 1768 Thank you, Doctor, that is very obliging of you.
880 1662 1126 1802 WEIH.
1757 1723 3423 1894 I am the only one Ipho owes thanks.
1280 1815 3464 2003 T duly, it needed no little sacrifice
1276 1788 1635 1925 Oh, no!
877 1798 1136 1972 HALM.
1280 1986 2419 2174 Not at all, not at all.
894 2027 1150 2187 WEIH.
1290 2092 3105 2293 Well, Mr. Rademacher, au revoir than.
1307 2164 3624 2375 (Warns him in a professional but friendly way
908 2198 1160 2327 HALM.
3068 2228 3846 2361 Then exchange a
1310 2310 2911 2450 against giving way to excitement.
1314 2317 3409 2512 few words with the Nur se and exit with her)
1334 2440 3767 2665 (The nur se has taken away his overcoat, he has sat
1324 2587 3464 2733 down; very cordially, almost with Sincerity,
921 2559 1174 2710 WEIH.
1331 2594 3747 2808 Now, my dear Rademacher, do explain to me how you
1327 2713 3819 2904 thought of such a thing as to come into this place,
1317 2819 2785 2969 a General Hospital! Infirmary!
1966 2907 2259 3006 public.
1334 2901 3911 3105 Oh, I'm content enough. One is very well looked after
942 2989 1201 3170 RADE.
1338 3105 1590 3242 here.
1348 3143 3440 3337 Why, no doubt, you have the best attention.
1362 3191 3863 3416 Doctor Halmschlöger is a very able young doctor and
956 3262 1215 3412 WEIH.
2952 3300 3716 3426 Indeed, one can
1348 3358 2808 3501 what is more an excellent man.
1362 3382 3860 3569 never separate the human from the professional side
1962 3460 3726 3621 But all the same,- excuse me,- but why
1355 3539 1809 3655 in a man.
1362 3590 2484 3754 did you not come to me
1935 3662 2177 3784 look.
1362 3713 2600 3897 How could I have.
973 3784 1232 3928 RADE.
1385 3795 3542 4020 Even though for a good manyhear's you have
1385 3897 3740 4095 ceased to trouble about your old friend, yet you
979 3907 1228 4071 WEIH.
1375 3969 3709 4163 can imagine that in such circumstances I should
1379 4081 3477 4235 have been altogather prepared. quite ready
1385 4208 3017 4406 never mind that, never mind that.
983 4300 1256 4460 RADE.
2416 4317 3941 4477 it really isn’t meant to offend
1409 4378 2286 4576 Oh yes, I beg you;
1785 4429 3552 4593 Anyway, it is not too late even now.
996 4446 1266 4590 WEIH.
1413 4518 3569 4696 Doctor Halmschlöger tell me that it is only
1420 4539 1611 4627 you.
1409 4576 3614 4805 question of time and of good nursing
1420 4665 3686 4842 In two or three weeks you will be leaving the
1409 4754 3597 4914 Hospital and then as to convalesence in the
1430 4897 2218 5016 country.
1437 4948 3600 5149 There is no longer any question of all these
1031 5030 1293 5211 RADE.
1437 5129 1795 5245 thing s.
1037 5167 3784 5405 WEIH. I.-Doctor Halmschlöger has told me also about this
1256 5204 1679 5358 Anges
1443 5272 3675 5474 melancholia of yours, ch-yes. (He meet s with
1437 5327 3778 5535 diffically the look which Rademacheriturns upon
1433 5463 3041 5682 him, but does not avert his eyes)
