3768 4168
2765 239 3227 440 (hiert m.)
1680 373 2423 558 périt. nous.. Frau
2028 421 2733 571 ctes die Tochter
867 548 3230 733 Mittagessen: Der Mann, (Arzt), die Frau, der Freund.
1869 651 3048 845 Die Tochte hat geheiratet, gestern.
874 708 1610 915 Abschiedsessen.
886 823 3450 1059 Der Freund auch Arzt, Junggeselle hat die Praxis
628 950 765 1110 atr
909 989 3198 1177 aufgegeben, geht fort aus Europa. — Wk weil Japen,
520 1091 826 1250 non très
2758 1106 3233 1276 à laisser des
886 1177 2599 1374 Der Gattemuss zur Ordination hinein.
2647 1228 3412 1358 des langemètres.
1055 1339 3418 1543 Der Gattenfreitni, dass das Freundes geliebte heiratet. - Ist dort wie eine
893 1342 2085 1470 Das Gespräch war harmlos.
2937 1413 3339 1562 the jeweser —
746 1511 1859 1674 wir abereinnt dem kleine 1 Rthl.
2159 1534 3501 1716 Er ist ja oft gereist: - aber diesem
899 1639 1987 1824 Die Gattin, der Freund.
2315 1642 3147 1789 konnt er nicht nieder! -
580 1757 832 1929 Verein
909 1786 3055 1936 Der Freund: sehr einsam, alternd: Meine letzte
485 1920 807 2018 in a/c
928 1945 1955 2136 Geliebte verliess mich.
488 1987 880 2175 Mitgeführen
922 2069 3093 2293 Ueber ferne Zeiten.Erhat die Frau hoffnungslos
574 2156 749 2293 27.
925 2258 1327 2436 geliebt.
922 2318 3335 2596 Sie sind längs t Freunde geworden.Er geht vielleicht
941 2510 3160 2733 auf die hanarischen Inseln oder nach Ceylon, hat
944 2618 3406 2832 dort ein Rendevous mit einem alten Freunde früheren
928 2809 3087 3042 Journalis ten (?), der vielleicht aus beruflichen
947 2972 2392 3176 Gründen dort ist ( Japan,Krieg?)
934 3084 3297 3358 Dann könnte der Freund auch beruflich abreisen aus
960 3304 3227 3517 verspäteter Abtouerlust in Verbindung mit Lebens-
953 3453 1773 3654 gleichgültigkeit.
963 3540 3230 3807 Nun gesteht ihm die Frau, dass sie doch einen Ge-
