3752 4168
1074 503 3390 752 liebten in ihrem Leben hatte und zwar jenen alten
1067 680 3333 915 Bekannten, mit dem der Freund nun zusammentroffen
2609 836 3302 977 Sie sont et alla
1607 849 2500 996 1 Grüsse he ist : -
1080 877 1339 1067 soll.
2497 911 3427 1077 do me; in me and
1764 980 3202 1177 frie, nveiln un hé du schon
1071 1036 1620 1202 Gerade der?
1061 1186 3465 1367 Die Frau: Sie wundern steh. Ich will es Ihnen erklä¬
1080 1327 3418 1533 ren.Es war vielleicht nicht Liebe, sondern Mitleid.
1071 1511 3387 1654 Ich nahm niemanden etwas weg. Mit Ihnen hätte ich
571 1554 968 1732 Undich wolle
1071 1645 3240 1788 meinen Mann wirklich betrogen. Mit jenem andern
599 1698 1008 1804 [illegible]
593 1779 993 1885 ne reculeités
1077 1798 3299 1988 habe ich's eigentlich nicht getan. Er war so un¬
599 1857 993 1973 in war am
559 1941 958 2029 is ware very
1077 1926 3152 2122 glücklich,so einsam, hatte wohl nie das Glück
552 1998 958 2132 me enie son
568 2104 996 2200 nerci éructilossa
1083 2094 3327 2244 der Liebe erfahren,hässlich,etwas verwachsen,nur
552 2172 955 2288 ous nous
549 2266 977 2378 aber der aussi
1074 2250 1966 2435 schöne blaus Augen.
552 2357 915 2460 nne sine
546 2425 927 2522 7th Kute
1061 2385 1973 2575 Der reund lächelt.
562 2497 946 2612 until heart.
524 2578 918 2666 im uren
1064 2547 2216 2734 Frau: Warum lächeln Ste?
527 2641 980 2756 wiedle &c¬
1064 2691 2160 2897 Ausweichen, Insistieren.
1064 2853 2859 3021 Frau: Hat er ihnen vielleicht erzählt?
1061 2990 2435 3177 Freund: Nein von Ihnen nicht.
1064 3156 1742 3340 Von mir nicht?
1052 3259 3365 3518 Gerade von Ihnen nicht. Aber er hatte viel Glück.
1049 3458 3552 3674 mehr als Sie almen.  Vielleicht himst in Schrift - das ich erzähle
1049 3614 2107 3783 Nun so var er diskret.
