3768 4200
2973 455 3066 566 5
1075 560 3441 719 Immerh in ist zu merken, dass der Frau eine Illuston
2509 674 3434 833 Milleid – Schmderner
1062 731 1698 916 zerstört ist.
2604 789 3463 944 nicht weil er es mit
2681 862 3091 983 ¬
1059 868 2445 1062 Sie lässt den Fernen grüssen.
1049 964 3549 1192 Der Freund geht.. Aber wie sie weit besucher - ich hij meiner
1148 1129 2172 1301 da... Es ist wie in spät! -
1043 1301 2996 1498 Die Frau eine Weile allein, dann der Mann.
1046 1441 3021 1663 Also or tst for t1/2 a Nint will much!
1049 1663 3409 1819 Nach sonderbarer Einleitung allerlei Anspielungen:
595 1670 960 1816 de même
569 1781 932 1879 nicht.. oh
1053 1784 3364 1978 Ich weiss,er war Dein Geliebter.Ich habe es immer
582 1841 1011 1978 nen!
1065 1943 3368 2099 gewuss t. Auch damals vor fünfzehn Jahren. Ich habe
1488 2048 2061 2156 etiam meinte est
1062 2105 3396 2264 Hir innerlich vorziehen.Ich wollte keinen Skandal.
2830 2207 3543 2347 might make it. It had
1040 2242 3485 2388 Die Frau leugnet mit bestem Gewissen.
2792 2379 3527 2477 que cette nouvelle en¬
1046 2410 3587 2554 Sie merkt, dass alles vergebens ist.Endlich erklärt xxx
3260 2503 3549 2649 fecken
1059 2547 3212 2741 ste ihm, dass die tiefere Lilge auf seiner Seite
3272 2604 3555 2732 Laussi.
3244 2671 3549 2789 Es donner
1049 2693 3161 2903 war, der sie weiter als Frau behalten doch nur
3228 2760 3584 2872 auch ausste.
3256 2837 3514 2948 or them.
1049 2849 3215 3031 aus Bequemlichkeit.Es endet damit,dass sie den
3282 2916 3549 3011 but since
3288 2992 3552 3091 Coperiely
1040 3015 3593 3209 Mann verlässt und entschlossen ist jenen Andern
3234 3120 3593 3272 well & on it.
1040 3142 1663 3317 zu begleiten.
3301 3228 3593 3396 Johann
1234 3285 3317 3488 Er geht wird es in die Ordnung: Arbeit, meine
1123 3384 2461 3562 Liebe. (Vie besse in die Präsis¬
1208 3517 3247 3749 Ich wenn Sie schreibt jenen andere — dass nä mit ihren
1301 3682 1510 3832 gett
1329 3759 2325 3918 <gap/>  né telephonuit i hm...
