3768 4168
3069 516 3155 716 2
796 669 2324 853 Dann der Gatte: also Sie reisen?
809 821 2143 1032 Ich weiss, Kinder ich weiss.
818 971 2283 1172 Oder besser Gäte und er allein.
799 1156 2595 1324 Der Gatte zu ihm: ich hab es gewusst.
2413 1133 3423 1369 nelleicht an der Coepfuhr
2795 1324 2932 1404 to the
809 1309 2381 1468 Er: Nun wenn Sies gewusst haben..
2420 1340 3321 1519 serwortl horses: he is
828 1484 3311 1713 der Anfang müsste sein eine Scene zwischen den dreten
780 1697 1391 1815 ganz harmlos.
812 1748 3368 1968 Der alte Einakter Einnerungen uäre zu benütsen, in dem
831 1955 3298 2111 der Gatte seiner Frau zwanzig Jahre später sagt, dass
923 2085 3349 2311 er von ihmem Betrug gewusst hätte und sie ihm darauf
821 2299 1547 2394 die Türe weist.
729 2394 2066 2630 1) Der Arst erschied: z, die hast, jet.
815 2627 2171 2878 Dr Enfang - Gatte of Gattier
1277 2827 2187 2996 I don't him.
926 3069 2900 3337 Oder ai t: Le Biblise (sagtche der Cust) hat
977 3257 2709 3499 des varendst gleich be als Trane gehabt.
837 3435 3196 3642 me der Cust le tell - du dame : Ce hat i Jhver als est
850 3566 1952 3808 hein - een dan nicht!
