2974 4312
356 291 503 520 I.
1876 245 2091 536 1209
0 624 1464 859 Der Arzt und die alternde Dame.
0 787 1251 1006 Sie: also Sie reisen fort?
13 967 2552 1140 Der Arzt. Es war mein Entschluss, wenn ich eine Rente
26 1117 2470 1323 von zehntausend Gulden habe. Metne letzte Geliebte
16 1317 2572 1474 hat mich verlassen. Ich habe ein Rendez-vous mit einem
26 1480 1758 1653 alten Freund. Sie konnten ihn auch.
23 1617 1297 1827 Vergangenhe itserinnerungen.
13 1715 2523 1905 Auch er ist einsam wie ich- Wir treffen uns auf den j
26 1915 928 2114 kanarischen Inseln.
20 2045 2601 2228 Er war xxx früher hier Geschäftsmann, vielleicht Jour-
29 2225 395 2411 nalist.
20 2379 2572 2578 Die Dame: Grüssen Sie ihn von mir. Er war mein Ge-
33 2568 425 2699 liebter.
29 2601 2490 2849 Der Arzt. Der, dieser hässliche, verwachsene und toh
42 2823 1418 3036 nicht, der Sie angebetet hab?
29 2944 2532 3153 Die Dame. Sie hab ich geliebt und das wäre ein Betrug
52 3071 2683 3333 an meinem Mann gewesen, und was wär ich für Sie gewasen
52 3228 2607 3477 eine mehr. Für ihn war ich alles. Sein einziges Aben
65 3408 1340 3682 teuer, sein einziges Glück.
