5617 3704
422 758 1620 1032 nicht aus und muss sehn. Dts
527 893 1809 1071 aller imter ἐπιδο. (oder Ihre)
555 1014 1725 1220 Lasanovakik für ich übrigens
430 1124 1693 1327 Afs ist schonntes eigens fröhlich
436 1331 1644 1508 ich in Rüend ist, und daß es
551 1467 1729 1644 bild gespielt sind, melde mich
585 1601 1718 1779 also hiemit für die Pränner)
459 1757 1727 1958 Mis sehr ich die aber cent allesen?
446 1877 1683 2085 Melche Neinte, mit Olja in A.
578 2017 1761 2223 dreit zu und zu kommen ist dann
603 2170 1926 2360 Zum u. ihr halbungs convincierens!
630 2279 1869 2437 Sie sind die Mann des Prangen Eintrilig,
626 2410 1749 2586 ich bin, wenn ich in der Stadt bei,
605 2488 1880 2697 Alls Wochen 1 ½ - 2 Zegen, dann 9br
628 2618 1857 2821 Freit Also schreiben die mir ein
621 2713 1871 2942 Meit mir die's beide wollen, ob die
626 2883 1990 3100 zu einer sehr bescheidenen Nachkurft
4016 455 4518 592 Votre très-hier. C'est-ilà-t-à-elle
3819 728 4836 977 3.3.83 Ladlusses 2.8.9
3518 957 4095 1167 unterlich. Arthée
4714 946 4904 1156 19
3524 1117 4835 1277 Sie haben uns mir mehr als einem Minet eine
3524 1213 4810 1395 so lieben schöne Brief hieher geschrieben
3565 1320 4763 1533 ich dank Theil nicht dafür. Über¬
3525 1462 4747 1668 unsere Vorlesungen denk ich so wie die:
3497 1608 4849 1738 sie sind mir auch als feste ganz besonderer
3531 1690 4836 1880 Ort a der Erinnerung, und ein Kärzschner und
3520 1846 4854 2019 Asondessen von allen die St Märchens“ in
3550 2008 4804 2142 Richeds verhängter u nach Kaysalie
3574 2117 4806 2309 rechnte Böpung in der Görtenspasse.
3545 2266 4763 2476 der auf manche leiten, beim Grund¬
3556 2456 4692 2629 war Sie mir ganz allein – ert mir und
3550 2613 4788 2793 Hmerzkopf - in die Wohnung, die Si¬
3572 2736 4819 2940 vor dieser jetzigen zu leist bewähnten — die
3616 2880 4909 3072 Geschichts des Freiherrn von Leisenbach
3604 3008 5034 3243 verlesen, die ich so besonders lieb.
