6804 3641
1633 407 2534 553 1 1/2 „ — „ „ 9 „ 4 „ 10 „ 50 „ 40 „
772 388 990 633 tie
725 525 1586 746 70  Rodanen 9III 16
965 710 1616 856 mein liebes Seitus
892 868 2719 1030 Liti, das Leibule, Hüterrechselnde, Xlores wieder¬
976 1005 2578 1193 Hierlennende Desei sogt mis, door til
988 1162 2665 1329 chon eine ganze Weile jemit sind, indem,
1023 1299 2531 1470 eil Sie noch in Deutalland glaubte.
922 1489 2736 1623 Sie soll mir uns freundlich verzeihen und mit
936 1600 2637 1743 immer etwas vertrauclich anlöcheln. Um cil
969 1729 2856 1929 dele niet elre in illeeltes Physicynomieinjed ärkke
1016 1877 2830 2065 sonden etwas vil sondenbaieres. Meine Thantane.
976 2033 2811 2202 verändert mis das Crinnerungstild, sie gestaltes.
976 2181 2562 2313 um, verstörft einen besamten tuch, und
941 2265 2534 2416 tritt dann das Origineel von meil, so
1026 2383 2708 2581 weiget sich die Thantarie, der Idestit is.
986 2548 2675 2755 auznerkeine. Er füße infolge dessen in¬
962 2708 2585 2851 einen Theetes oder auf de Zimfass nur
976 2861 2658 3009 fiende heuschen, dem Perielte ich mit
1030 3009 2849 3174 vermeintlichen Gerichten in einer plantischen
1687 3143 1903 3251 L.
4366 395 6255 649 Zusammeldung bringe. Ansondern aber habe
4122 416 4282 534 1819
2992 416 3362 638 V. E. W. A.C. N.
4413 565 6011 758 at schlutte teyen. Soviel men by
4451 685 6293 849 Liti in meinen schwierigen, denet vielselnde
4383 828 6119 976 Hiebe und veelselnden Ausdruck noch
4404 1000 6102 1169 eiselveiten Begegnungen mit ihr. Ich
4385 1134 6037 1275 der ein Dike um hieberei, eine
4402 1256 6088 1433 mde je du je viele die jede. Poh
4380 1416 5968 1593 brugt. Mes cet croye es, deux is
4392 1567 6051 1706 handels sich darum, einen ordentlichen, in
4416 1713 6126 1896 die übrigste Lage gesethenen Mensch
4385 1858 6185 2068 zu helfen. Der Verlegen und Reis 1 krlegen
4380 2035 6159 2169 on Brandes und andere, tas lantes gutes
4427 2202 6119 2404 Saiter / ist zusammengebrochen. Es wäre
4345 2355 6142 2543 ihn von größten Mitger, in allen morglich,
4416 2510 6004 2694 wenn die (ebende sie, il) die Güte
4432 2668 5926 2814 haben wollen, in paar Teilen in
4369 2825 5938 2962 Manterstiefs zu dictieren, worin:
4474 2950 6102 3145 Sie bekunden, dass die Kollegkeit russ
