7097 3705
1800 418 2362 574 V. P. v. M. Mg. F.
1524 434 1712 588 V. P.
1750 976 2370 1120 823 Ros. 207
1266 1008 1856 1164 30 Hofmeviker
1358 1172 2430 1326 wein guter Arthur, vielmal
1352 1304 2256 1444 denke ich Ihnen für zwei
1374 1460 2372 1624 Brief und zu dergesche nach
1368 1626 2454 1836 Neukurm (wo mir 2 ungeschleichlich)
1382 1780 2264 1920 schön und wirklich sehr
1392 1918 2324 2052 gleicherfeilte Probstwochen
1394 2050 2292 2228 zubrachten) für ihr hilfe
1394 2252 2276 2380 in der Besitzungssache und
1380 2414 2298 2544 vor allem für die schönen
1394 2582 2402 2736 Stunden, die mir 3/2 neue?
4788 430 5448 560 V. E. R. W.C. F. & C.
3822 406 4476 548 1 1/2    3 1/4  3  1  ƒ. 1
5504 1058 6458 1230 die zarte und sicher Gestaltung,
4232 1098 5288 1254 Stiek geschenkt hat. Ich glaub,
5474 1208 6558 1358 die leichte Hand für die Seinen Führung
4230 1244 5274 1392 dieses „seite Land“ ist wirklich
5484 1352 6422 1494 die Milancholie und der Mitz.
4224 1390 5160 1560 die allerbeste Arbeit Ihre
5480 1482 6512 1622 des jetzt nötigt von sens, normali¬
4224 1546 5190 1720 an jeter lesbitus so reifie
5492 1642 6494 1758 (der selteres) Menschenverpand,
4214 1668 5358 1840 Meilen Lehns- auf Asheligiziert
5486 1770 6428 1886 und dazu das tiefere potisch¬
4230 1854 5326 2010 des Stück gehört so ganz thun,
5496 1892 6480 2026 philosophische Zusammenschen.
4224 1988 5366 2132 3 und ist dabei so äuftest kräftig,
5540 2006 6470 2134 und Nekneinanderschei die
5508 2128 6564 2294 Güte, die Erfahrung und zugleich
4236 2148 5382 2330 so rundesshin zusammengehalten.
5516 2286 6438 2420 in entzückenden Mangel an
4238 2296 5322 2430 Alle Ihre nicht leicht in einen
5546 2416 6478 2548 Aculiers, ein Fisches, blissendes
4256 2418 5328 2572 Athen aufzuzahlenden Vorzüge
4250 2552 5422 2764 das so ganz gewöhnliche Leitungsfühl
5534 2570 6492 2688 Gespanntes überall – das
4238 2692 5410 2846 die höchst bjøndre Scale de Wertungen
5510 2694 6538 2830 alles kommt zusammen, um ein
