7112 3705
1851 425 3326 626 1 1 1 1/2 1/4 a. p.p. v. 5, 7, 4, 4. 4, 5, 4
1738 791 2465 960 Frity 23 I 20
1339 928 1787 1108 mais tiefes les trois
1278 1069 2214 1243 nalich, in einer ängstliche Stünde.
1328 1280 2284 1373 Was mir so sehr wollum, zu
1326 1417 2265 1551 Nur zu hören und Ihre Rat
1326 1551 2179 1725 zu empfangen. Die vieljährige
1309 1727 2333 1890 Zustimmgehörigkeit ist doch in so großes
1340 1910 2229 2038 Mirkliches. – Mir nahe zwei
1351 2016 2289 2179 mir in diesem Auszublick der Tag vor
1351 2210 2307 2393 20 Jahre, als Unglück, noch
1351 2359 2412 2503 die erste Aufführung meiner Stücke.
5583 463 6970 639 1 1/4 „ „ 4 1/2 „ — „ 9 „ 5 „ 10 „ 1 50
4089 445 5113 630 1 1/2 1/4 „ „ 9 „ 4 „ —: —: 5, 4, 4
5375 841 6367 993 Escheinig als eine seiderwärtigen
4053 908 4979 1031 mir für immer beschattet wurde -
5452 972 6490 1112 sich so fixiert sei. Ich überlas¬
4100 1035 5014 1181 auch das Wesen, da ich nie gesehen
5410 1119 6490 1238 die Stelle, die mir mittheulis, fand
4135 1170 5219 1311 u. von der ich doch ein unendöschliches
5426 1253 6419 1392 /in valehrs familos, e grobes
4118 1317 4952 1445 Schankfielich in uns tragt.
5408 1397 6538 1520 gibſ: gewiteren Züge: in Meul
5540 1527 6373 1654 ein ein Gelt - des heißes
4064 1513 4990 1688 Licht bisten, ich kann demnächst
5426 1668 6419 1824 aber doch nicht: ein schleites Lippes
4107 1701 5027 1842 Vormittags zu Thüm, meldt mich
4124 1815 4305 1947 macht.
5442 1881 6441 2025 2) wird 8 gem. stoufieren.
4089 1956 5080 2121 Bik blitten die die Stelle im Mirche.
5690 2055 6093 2199 Von Herzen
4118 2088 5111 2219 auf und schreibe Nr. nur einlich
6082 2117 6283 2267 Führ.
4126 2212 5159 2382 Eindruck von Barels geschilfe.
