4921 3607
155 706 1046 940 esqe 389
1479 798 1658 896 31 (4
1485 869 1673 998 1821
215 908 714 1103 peinliche Urthür
418 1040 860 1149 une sérieuse
184 1082 1516 1255 ich bis Sie, sagen sie mit den Namen wird Ge¬
219 1174 1612 1380 (rechtert guter Nommagtes (Pryekiatus)
203 1347 1667 1495 mit der ich instrundvoll ihnen rechtlich
209 1445 1621 1623 Absärke meine sprechen könnte. — Zugleich
209 1556 1644 1715 nicht ist aber jemand sein, der auf für reilitär¬
581 1650 1550 1802 he is in the brief day with and
215 1742 1694 1882 eine Autorität mein, vermöglich selbst in Dienste,
858 1827 1309 1915 P.S. Ia.
201 1848 1639 2013 so daß sie gutachten untersteil Anlaßung
226 1953 1641 2124 und längeren Krankheit verlärter bei mir
184 2043 1731 2283 (sehr verstattende) Militärfeelle diene länk¬
267 2241 1698 2450 Man ist endlich jemand sein mit den k. xxx
282 2350 1763 2567 Berlin in gendenlicher Beziehung sind nicht
180 2515 1506 2690 könnte lassen, doch ist dies minder rechts¬
288 2659 1593 2822 hätte sprechen die allenfalls mit allein und
263 2759 1460 2963 schreibe mir den Nam möglichst bald
3285 1073 3834 1251 nay Rodain.
3268 1186 4471 1399 Sagt hat sich mit zum Besichtssche
3331 1349 4578 1529 gefeur. Vielleicht einteholen Sie ihn noch
3333 1485 4254 1667 einmal! (1 eine sehr lieb.
3321 1639 3475 1733 G.C.F.P.
3304 1694 4538 1882 (mäßen k in den Brief dich bitte auch
3291 1819 4446 1992 ob zu über Ihnen sie sind.
2502 1830 2707 1982 recembre
3930 1992 4359 2208 zu seyn.
