7071 3705
962 416 1454 546 V. N. 1 1/2.
1960 404 2206 544 1/1: „ „
198 432 374 554 II
1716 914 2838 1080 Dämmerteil ihre Gesellschaft ließen
346 934 1352 1114 eigen Frauen sind doch etwas
1716 1050 2830 1244 mord, die bich hoffentlich bald zu
334 1106 1390 1260 sehr unkes und vielleicht noch
1722 1190 2934 1370 eine griechische Hängerin entreickelt.
340 1226 1458 1396 nitter als die Raum der Anderen,
366 1416 1562 1576 was einen to, dis quibter roué,
1696 1466 2758 1624 Ich hab die sehr lieb, mein lieber
1698 1598 2734 1764 Arthung und auch ihre Arbeiten.
372 1602 1304 1736 emertiester Quatol etc, die
1686 1726 2690 1910 habe ich sehr lieb, die gehört
390 1744 1556 1904 Julia fichteur, Waldemar von Sala –
1684 1856 2878 2086 ja dazu. — Ihre diesen Allen
360 1946 1288 2130 mein der Sala bin ja ich!
1720 2064 2886 2244 hat mir aber die letzte: Trüderlin
354 2160 1286 2316 Kurz ich freue mich sehr, dass
1732 2212 2566 2362 Medardus Fiergriß die
372 2310 1314 2452 frès Heini et cinfaves vlg
1728 2344 2906 2516 Alleschwächste (indruck gemacht,
370 2426 1464 2678 mir zu Ende ist und eine kleine
1720 2462 2926 2660 sowohl die Gestalte als die Fühl,
3890 412 4214 536 Monsieur M. G. A. et C.
5320 426 6682 562 1 1 1 „ —„ — „ „ 4 1/2 a. 4 1 1/4 „ 9 „
5374 682 5734 924 Mittwel
4576 690 5008 952 Hofyrenstler
5550 884 5922 1044 Sept Et 5
4536 1022 5896 1292 Liebe Olga, wir freuen
4584 1198 5926 1454 ja rienig!  Wie schon, dan
4596 1334 5962 1582 es auch in Mäderl ist. It's
4626 1468 5968 1732 ein schwarzes oder Abendes 2
4570 1640 5994 1874 Ich darf gar mit anfange
4602 1776 5900 2038 zu lage sonst verd zu
4600 1886 5890 2200 gar nicht fertig. In lebe
4632 2032 5996 2302 in Gedanken alle Stunden
4630 2206 5824 2472 und Tag mit und
4606 2342 5894 2578 Mann mir vorstellen wie
