5025 3225
920 258 1116 394 392.
568 251 1473 543 nodaun. 2/XII 77
557 580 1213 743 mein lieber teilen,
451 711 1972 870 nicht leicht tätte mit etwas so beregen
495 824 1935 983 Können, wie dieses Beul mit einer
476 927 2110 1144 Answalt zum Betrachtungen und Aplorissen.
465 1088 2044 1254 Wenn ich eines mir könte oder eine Meer
536 1201 2124 1424 unverglücklicher Erzählungen aufschlage.
506 1385 2025 1556 (beides eines metanels in Jahr)
513 1510 2149 1701 bin ich freilich vermöge der Gegnerart
564 1664 2129 1813 dessen, des eintes der lesselben stets.
559 1758 2067 1922 und in Mies fehllselofs. Hier aber
545 1880 2117 2085 widerfährt mir dies u einer Ziel viel
571 2050 2138 2223 directeres Weise. Es sind mit die
518 2195 2186 2359 Resultate des Denkens, die bei mir
559 2310 2285 2442 wilfiel andere wäre, auf mit einmal
591 2439 2099 2589 die Gegenstände des Denkens (auch
608 2554 2276 2773 in denen Tät die individuelle Verstieder¬
660 2699 2117 2881 de Tage, die gulden uns von so¬
1187 2826 2363 2994 die vedrelseitige Sympathen
874 2874 1061 2987 Das
608 2893 838 3001 Kop
2877 313 4536 529 es ist etwas viel Intimeres. der Flustrages
2817 479 4451 704 Mes Denkens richt mit unmiteltas
2847 557 4602 762 an, und damit das wahre unerflöstich
2835 681 4639 884 Scheinnis Mrs Heron – und bewegt mit
2863 789 4720 1024 tif. — Sel erinnere nicht, das wenige
2927 918 4591 1167 Tage weil dem Tod meiner Mutter mit
2900 1042 4688 1277 der Anblick Ihres Kastens tief einleiteste.
2943 1192 4683 1422 da lagen in Päilern, nett in Seidenpapica
4214 1279 4582 1477 hindert
2955 1344 4225 1581 Gerichtl. Seleimal, Notizbuches.
4216 1436 4529 1569 de lisant en
2964 1514 4469 1696 kleine unauschilite Jegensiände, alle
2918 1629 4600 1876 verlügft mit den Elmen Bemühungen und
3005 1760 4570 1972 Leben eines weiblichen Lebens, und aus
2936 1892 4508 2094 den allen breit das Gefühl dieses
2934 2004 4435 2253 abzuissene Leblus mit einer das Heiz
2911 2140 4619 2359 zusäumdreichender Gerrit hervor, ganz
2996 2292 4731 2518 sonders als the aus linterlesenen Briefen.
2971 2416 4644 2642 Ich reip, Sie haben jetzt der Besuch ihnen
2978 2524 4628 2768 Tretter. Wenn die mich spätes einwel
2978 2635 4688 2929 sehen wollen. Schreiben Sie mir in 4025.
4287 2734 4736 2953 Mr. Sup.
3634 2828 4184 2973 2 Freundschaft
