7118 3705
1161 443 2435 624 1 1/2 „ — „ „ 9 „ 4 „ 5 „ 7 „ 3 „ 10 „
1393 895 2263 1026 fast i be meine Kiefte
1127 913 1335 1085 Le Comte de
1353 1009 2241 1165 Arbeit auf weit nehme
1261 1076 2274 1272 schriftstellerweile, nicht
1376 1223 2212 1358 Dutterische, die muss
1364 1366 2295 1499 ich fass zurückdrängen)
1279 1492 2406 1617 bij cil andererseits univertsand
1357 1601 2351 1744 mit dem ras mehr in Supassade
1346 1689 2339 1827 a deu vera dudi tresdard
1263 1780 2348 1979 Verlager de beaucoup muste:
1281 1943 2223 2095 I to dies: velde Forderung
1255 2046 2261 2165 Lille mais (La odes cil, ils
1250 2174 2254 2321 hr. Eines beide in Frage) für
1364 2275 2189 2393 Überlassen eines Weibes
1351 2388 2292 2511 tus um Luxurausgabe
1358 2480 2369 2653 a de Ritolevialig vernünftge
1340 2576 2337 2713 reise einmalig je verlangen?
4978 465 6146 631 1 1/2 1/4 „ „ —„ -„' „ -, 4, „ 4, 4 „
3221 481 3395 593 1
6323 488 6795 633 1 1/7 1/2 1/4 1/11 4/4.
4636 432 4815 611 1/2in.
4591 680 6048 939 4 Hup " 372 Rodans 16 I 23 A
4733 848 5291 966 mein lieber Arthur
4762 921 6012 1036 es freut mich so, das ich wieder einmal
4762 1002 5987 1161 von Ihnen einen Brief bekomme. - Erleft habe
4775 1123 5851 1263 il sie in September gescheen – eben Sie
4781 1190 5989 1337 mit nicht – bei der Primière der Dame
4777 1302 5942 1422 Kobold. Sie standen neben Ihres Elleiner
4837 1409 5840 1527 Froper Toutes, mis juge écrit. Ich
4744 1467 5991 1603 was auf der fällerie und sich sie mit dem
4764 1588 5797 1706 Gemplos an. Wie behaltsvoll und
4811 1669 5935 1792 freundlich war mir Ihr Gericht! Wie
4746 1764 5904 1879 wenn ich in Bal von Jansend Seiten,
4770 1847 5958 1984 deren Intalt ich aber gut Eenne - in
4777 1957 5906 2102 einen Augenblick überblötet hätte.
4721 2067 6018 2207 Wie gerne würde ich sie manchmel sehen,
4759 2180 5967 2277 lieber Arthen. In die Stadt komme ich
4788 2252 5922 2373 fass nie. Ich betalte das Eleine Abt.
4788 2360 5893 2494 so lange man mirs lässe, aber ich
4775 2426 5965 2581 beleige die Wohnung nicht mehr, betreibe
4824 2543 5846 2650 die nicht mehr, hatte dort Eene
4788 2617 5972 2764 Bedienerin. Zl Eam des alles nicht
4770 2722 5875 2854 mehr. Ich bin durch den Markstern
4782 2805 6003 2928 in eine fast unhaltbare inderielle
4822 2892 6025 3051 situation gerichten. Aber davon will
