7065 3705
2318 436 2504 550 1 1/4
1442 424 1776 590 1.45/1.,.
768 368 928 574 14
1444 904 1598 1042 360
1710 888 1946 1114 Mice
954 894 1252 1166 Hoo
1782 1078 2312 1200 Stelltugasse 2
1062 1114 2216 1332 unterstützung bef. Dn. 918
1028 1312 2098 1496 heit mehr als 10 Tagen sind
1058 1448 2098 1620 mir ganz seinem, Gertz
1070 1614 2254 1762 ist für Erans gemach, Orfieckt.
1062 1790 2146 1972 sich aber schon mieder werst und
1062 1996 2128 2146 Dientag werden mir für nicht
1056 2160 2110 2344 seit rück sie ausziehen, doch
1002 2388 2092 2554 läßt sich dreufen in einem
1056 2522 2194 2792 Süßern und kann ihr
5454 438 6222 574 1 1/2 t. p. a. 1 1/4 t.m. 1 f. 1. v. 4.
4908 426 5060 544 1
3880 800 4912 1080 11° seztere Staubt mehr
5390 980 6592 1168 Proben zum Professor von Indi¬
3922 1056 5016 1236 regitieren als leben. — Aber
5378 1170 6490 1320 haben – so nehmen ich an Ab¬
3874 1212 5002 1398 nicht dann wollte ich welche.
5374 1330 6480 1492 Der Strenkop beseht sind und
3848 1382 5030 1532 sondern sagen daß ich die und Ilje
5354 1486 6586 1632 dann ein ich hofft in einer Miss
3868 1532 5056 1654 unendlich zum schon möchte und in
5332 1620 6528 1770 das die ihn es selb Gräpliche Fall
3860 1644 5004 1834 diesen Tagen durch reintsholtes
5348 1780 6344 2008 Leipische er uns ungibt
3904 1802 5130 1996 Anrufen ergeblich bis zu tstiligen
5306 1996 6522 2166 in geringste Hinaussehr wofür
3886 1994 5074 2178 versucht habe. Ich wolle anfragen.
3860 2146 5092 2328 ob ich und Stremkys zu zu
5374 2174 6312 2352 ich die gewissermaßen bereit.
3914 2290 5014 2484 In aus Eerige bereits! Indessen
5344 2358 6424 2542 trits meines des Werki ist,
3968 2430 4968 2698 heb ich aber gehört, dass Sie
