7063 3705
999 380 1221 573 1/2
2027 921 2766 1109 Sein sehr ehebener
687 949 1800 1135 eingelieht, hoffentlich mit
616 1143 1817 1323 in m Erfolg begleitet sein
2621 1128 3030 1335 attoyen.
605 1292 1815 1472 leiche mit unsere Feinde
592 1469 1724 1686 auch sehr heiptig viel
605 1662 1798 1850 müssen einen Remishinge in
605 1833 1863 2088 Geschichter Wien auszugleichen.
609 2012 1947 2219 So werden die Espreier meiner
610 2150 1727 2410 nicht ohne ihre Haltin
614 2401 1433 2583 ändern zu meinem
789 2535 1815 2749 Mit besten Grünner hin ich
5522 398 6204 571 Rodein. 27 t 5 Abends
4633 378 4938 557 37
5117 411 5420 517 V. P.
4726 514 6135 704 eine liebe Arthur, wir müsste damals olg. abgegn.
4752 642 6049 782 so leid sind tat, weil ich annehmen
4728 711 6088 905 müsste, daß ich den betreffolgenden Tag mit
4752 834 6244 1014 nach Polen abzigehen haben. Indessen hat sich
4739 970 6075 1141 dies im Mühe zu Mühe hinaufgeschoben
4752 1111 6060 1262 mit mir nicht gehe ich fort, übermorgen,
4744 1186 6185 1405 Zunächst nach Inschre, mit er sie in die besetzten
4834 1314 6021 1474 Gebiets. 2/ rechtes in 2-3 Wochen.
5947 1454 6228 1569 Aone
4871 1478 5038 1645 xx
5790 1549 6258 1696 Frity. 25/5
4830 1636 5351 1809 uni guter les Fils
4858 1718 6142 1912 ich will die nicht bedrängen u. kläßiger
4882 1846 6068 2001 ob ich fühl ein woltätig mir
4847 1930 6285 2103 so ent so – die Möglicheit zum diesen
4854 2073 6159 2269 problemetischen Regiments vorgelesen
4860 2232 6027 2366 sie wird. Ich nennt dieß vielleicht
4917 2314 6224 2500 allyn gemagt Arbeit wasser entweder
5688 2483 6310 2654 24.rt 1916 Alhärm
4876 2643 5353 2820 meilich Cergier
4899 2729 6131 2928 ich freie mich zu seiten Recht die Olge
4895 2827 6120 3030 Ande sie in der Näß sind und, die ich
4884 2972 6120 3138 Anke zufrieden.  Ich hoff, daß ich eine
4841 3064 6166 3287 Zeitlang sie bleiben u. willigt etwas für
4923 3213 6148 3374 auf arbeiten kann — s ist treilich immer
4927 3296 6325 3521 angeniß. Wie Diese sagen mir, die gütter
