7139 3704
322 1096 916 1217 Sie krück zu drägen.
290 1175 1677 1420 Es schrieb geht daß ich nicht Ende die Strafe obreise
390 1354 1633 1496 kann, so konnten die Mitweg abend
360 1471 1726 1671 Sie Euch Eine: Vereinsetzung ein endlich
328 1624 1539 1805 der Situation genißes Nachtmaß, trost
377 1818 851 1946 bringen wir mit.
335 1950 1567 2168 Papst u sich nicht, bitten mir im Absage
350 2140 1503 2355 morgen Dienstag vermittags an 229.
863 2377 1204 2594 Je pÿ
5128 426 5983 590 1   ƒ —: —: ̃   =  =
4659 446 4952 601 4.    -   1
5548 625 6024 867 R. 30 IV
4596 650 5124 899 meinliche Erhör
4651 797 6054 995 ich nicht nicht, ob er nicht vielleicht ohne dies
5305 927 5587 987 Concordie.
4636 949 5938 1126 die Absicht haben, zu die Veranstaltung für
4660 1062 6122 1234 St. Schweige zugesagen u. zukommen — Herterfalles
4666 1189 6051 1353 timmt ich P – Appesche, noch meiner gewonlichen
4659 1302 6066 1437 freut, die dann dort zu sehen, und in einem
4617 1385 5917 1562 Greifte sein, wie alles zu sein – so
4670 1484 5947 1680 überaus nützlich und richtig einen di¬
5638 1910 6143 2070 23.II 1917
4630 1936 5325 2112 Gor Hoprouvelle
4679 2042 5979 2232 Lieber Arthur ist immerte Ihren
4672 2187 5923 2345 Brief anïngo offnen will es
4672 2262 6164 2464 inzwischen abgereist ist. Ich glaube
4685 2383 6056 2532 dass Hengo ébensoveing sie in
4679 2456 6145 2605 reiss ob Herr B Pläne mit seine
4670 2536 6188 2741 Stinke hat; ich glaube das Wichtigste
4672 2714 6152 2848 was ihm ein Urtheil“ und sie ist
