7100 3624
1230 412 1900 552 1: „ „ —: —:
2424 424 2592 552 „ „
1104 732 2200 904 Hochmaisthal, 30/2  Rodanis
1142 944 1680 1066 meintüe, Arthies
1176 1050 2084 1220 ich denke zum ich für Ihr
1164 1202 2074 1342 führe mich über Elekke. Wir
1138 1388 2068 1514 ist die reichts Freude, wie meine
1180 1492 2106 1702 Münpper, der neke so gern hat.
1152 1706 2030 1876 2) Joh. Ihr Erschike innen
1182 1878 2092 2008 gern gehabt, aber erst in der
1164 2056 2012 2210 legte 4 - 5 Jahre ist mir
1202 2200 2012 2372 ciputteuf et knogf frs
1206 2344 2250 2520 ihm ganzen Wort aufgegangen
5220 434 5404 528 III
5488 408 6586 586 1 1/2 1/4 „ „ 4, „ — „ 9 „
4054 792 5136 930 und seitdem hat ich mir angewöhnt
5260 830 6234 966 wenn die Ende Mai nach Tirol
4076 930 4878 1052 sie mit so großer Freude.
5278 1000 6162 1120 fahren, um Wohnung zu suchen,
4042 1072 4664 1210 wiederholt zu ihm.
5218 1140 6162 1276 mitzufahren, auch ohne diese
4040 1270 4974 1400 (1) ist ein sehr fort, die so gar
5288 1290 6194 1404 Druck. - (s ist nun bald
4054 1400 4944 1520 selten zu sehen. Nie hab ich
5248 1420 6216 1556 zwanzig Jahr, daß mir aus
4060 1562 5064 1662 eine Stund mit Ihren verbraucht,
5280 1554 5606 1692 können.
4030 1692 4890 1822 Sie nicht von einem ganz
5248 1794 6288 1934 Die Gedichte von Minterspruis Jahre
4054 1856 5046 1990 Geschrieben gesitene Wohlgefühl
5224 1952 6102 2074 mir zum Zil sehr gut
4008 2008 4976 2136 nicht noch des Gemütes alt
5272 2084 6262 2224 gefallen. Oper allen Zweifel.
4028 2172 5012 2334 des Größes begliebt gewesen
5230 2222 6288 2354 habe ich sie damals (wor Monaten)
4042 2348 4926 2498 mois.  Ich deute daran,
5202 2366 6120 2486 an die zurückgeschickt den
5254 2470 6194 2586 ich sie in diesem Punkt sehr
