7065 3705
1028 420 2440 574 4 1 1 r, 1 1 1/2, 4, 1, 5, 6, 0, 0/0, r,, nouveau, 3, 6/4, r, rue 4, r. 4, à 1, 4 de 1, à 4, 4 0, 4 r,
2556 450 3162 602 Von tädtigen und wäre, nachricht zu erhalten, als eben aucht
1118 970 2152 1112 so schreiben sie mir im Teil
1136 1122 2188 1262 u vielleicht Ernt zu dem
1098 1236 2188 1410 endlich einmal in die Stellkugasse,
1118 1394 2018 1532 Nun mit einen Concurs
1112 1576 2194 1732 verleitend – ich eine Zinsen
1080 1696 1966 1912 das liebe ihr so kommt ist
1142 1878 2094 2068 jemand. Zum und Olg.
1134 2012 1544 2174 alles hie¬
1512 2092 2110 2384 Mr Hray diep.
5532 438 5716 646 1/1
6372 440 6814 590 1.1.4.17. „
4506 1090 4668 1328 enfant.
5188 1074 5586 1332 postkarte
4654 1210 5156 1394 Rodeau 71 20
4566 1328 4960 1504 ausüber zu
4566 1448 5004 1586 bei Anfang wissen.
4572 1544 5176 1684 Mehr in Nien. Würst
5210 1556 5930 1762 Herrn P Archien Schriftler
4582 1624 5154 1782 Herrn Oeffen, Mittwoch
5410 1724 5588 1868 Will
4554 1722 5118 1904 monitz in die Stellung
4554 1830 5084 1976 zu können! Meist
5260 1848 5926 2012 XVIII Sternwärtszern 7
4536 1934 5076 2126 mich so kann! Gr.
