7118 7168
1077 708 1539 1020 V. P. I.
3421 694 4330 1023 V. P. 1/2. c. 1. M.
4940 778 5104 983 1)
2052 1009 4749 1362 il sie demlans mitt unterhalten. — Wenn
2126 1358 4729 1643 Es in März fremdlich ist, dann möchte
2173 1523 4575 1841 al einmal vormittag zu Ihren Erinnern.
2150 1707 4611 2012 mit den spazierenschen u. bei Thun
2106 1979 4611 2220 essen. Ich weis je das es sie besiliret.
2146 2069 3686 2358 Hier herüber zu fahren!
2052 2334 4682 2623 Aus Kreuz sinde ich sehr ungerne.
2217 2592 4296 2777 über die Opernseite reden — eben
2096 2720 4752 3042 mit Schalt gerne wen sie wollen (obwohl
2167 2911 4326 3142 es eben so aussieltlos in de cil
2136 3072 4263 3394 der Standpunkt Eenne und die
2113 3317 4467 3589 énorme argumente die man
2106 3515 4528 3807 für ihn jetzend mache Eam) – mir
2146 3709 4467 3934 möchte ich atwarten, bis Schalt die
2183 3931 4642 4209 schreie Sorge um seine Tien los ist,
2183 4172 4732 4454 die sie Wochen höilst elend darnieden
2156 4303 4571 4632 liegt mit einer Gelenleentzündung.
2348 4575 3706 4917 Adieu, liebes Archers.
3082 4732 4578 5057 Unhegen, sie immer
3686 4984 3907 5182 Mr
3783 5135 4256 5400 Hugo
