7069 3705
1750 426 2076 559 1.  ̃
2201 414 2477 530 1 1/2 1/4
2037 1201 2382 1355 Moulas
1197 1222 1351 1384 they
2170 1320 2591 1444 26/6 811
1207 1320 1712 1515 mein lieber Arthür
1151 1448 2483 1636 ich will unbedingt auf den Demierung sein auf,
1172 1550 2527 1733 dort 2 Tage mit zum verbringen. Es
1191 1671 2442 1816 ist ein Feindlicher Gebrauch, daß man
1203 1739 2606 1943 gleichzeitig auf de Wilt ist und unbe¬
1201 1881 2201 2049 soll daran möglichst deshalten.
1201 1976 2629 2147 Aber Schönherr ist ein ausgesucht fatal mit
1195 2078 2745 2286 ihre nähe bekannt worden, bei Maflyuten
3865 411 4335 538 1 1/2 1/4 4/4 1
5474 414 6563 571 1 1 1 1 4 1 1 7 1 7 „ „ 9 „ 4 „
4715 1247 6099 1413 zusammensitzte u. l. J. ein wirkliche Caun
4686 1378 6048 1538 esträgliche Gedanke. Überhauptverste nur
4707 1471 5946 1608 Litteratur immer bedenklicher. Ahs
4703 1554 6160 1708 kommt wohl auch nur für 1-2 Tage hinauf,
4703 1644 6093 1806 konnt vielleicht gar nicht. Bitte degeschien
4697 1750 6118 1897 die ein darüber sylitekend Mittwoch vormittag
4688 1841 6104 1997 näher. Erenruck können sehr wohl die ent¬
4707 1893 6166 2074 Brahm bei ihm telegrafisch nach seinen Absichten
4703 1991 6104 2145 an fragen. „Schiefs Einteilung anderer Frehufe“
4821 2089 6234 2251 Also aufbald, hoffentlich. In alter Tage,
