7112 3705
2472 428 2956 574 Votre très-ciès de l'aresse et de nouveau.
3010 428 3208 580 V. P.
964 448 1124 620 1
1528 738 1810 830 365 "
1884 740 2290 894 Mrs. W. Bro
1238 816 1850 974 unter lesgier
1290 942 2074 1074 ich fühle nach die Juristen¬
1274 1038 2172 1130 u. allem was man so fört
1290 1142 2190 1262 dass der Lüßspiel abend sehr
1304 1248 2098 1362 gut gegangen ist, tertz
1274 1328 2296 1444 mitelmässiger Sparspichrei, ins
1268 1416 2318 1540 Sehs auch andere, Regeisen-abende
1272 1520 2178 1634 sehr gut gegangen sind.
1280 1622 2338 1728 und daß überhaupt, inneigstes
1262 1712 2176 1832 dießen Erstwehr, eines gute
1272 1806 2242 1922 Zeit für si ist, und ich trun
1290 1896 2220 2028 mich darüber so herzlich als
1266 1986 2128 2124 ich vor kann. Sie sind
1286 2094 2316 2206 fast der einzige höhere Greiffsteller,
1274 2184 2334 2320 das sich wirklich in Publicum
1292 2292 2272 2400 was ja ganz etwas anderen
4860 420 6032 600 1 1/2 1/4 „ „ 9 „ 5 „ 4 „ 10 „ — „
6616 432 6894 584 15/1 „ „ — „
3696 440 3942 594 "    "  "
5284 898 6224 1040 in Jahr sich überwinden kann.
4076 926 5128 1060 ist, als eine Gemeit, zusammen
5314 990 6242 1118 in eines dieser Theater seine
4152 1032 5092 1132 gebracht hat, und dies sowohl
5296 1090 6348 1206 zu Jahre – das bleibt unerfindlich.
4154 1106 4984 1238 seis als in Rütschland –
5308 1204 6108 1332 Mit i in Wunsch seie ich
4136 1214 5146 1326 und sie insbesondere scheine.
4148 1292 5056 1422 mir manchmal Zu Ostichte,
5248 1274 6276 1426 meine ich einen Neutchen, der gern
5272 1402 6228 1520 ins Thätter geht, den ein guter
4148 1396 4992 1512 man ich darüber nachdenke,
4112 1498 5040 1606 wirklich die einzigen zu sein,
5326 1500 6204 1626 Gewaltertzieler interessiert,
4112 1584 5092 1718 Durch dem Aufführung überhaupt
5314 1588 6266 1722 ein wirklicher Stolkskamile.
5320 1676 6268 1802 entzicht, in leidlicher Zusammen¬
4136 1698 5086 1794 für höhrend Beaterleben mit
5332 1776 6102 1900 fesselt, alles aus nicht
4124 1772 5148 1896 den Gerekte des sequeriöstigkeit
5314 1880 6252 2014 ganz glat u. genug u. übel
4124 1876 4494 2000 noch besteht.
4124 1970 5106 2086 Marien, nebst allein übriger
5326 1980 6300 2100 gewinciell ist, noch anziehe!
4142 2064 5140 2196 Unheil, auch die Schauspiel.
5284 2068 6084 2196 Und wohin ist überhaupt
4148 2144 5026 2282 kunst in Min so prob.
5278 2166 6330 2306 das Nieuweische an dieser Mann
5284 2248 6242 2378 Lisum gekommen? Und er
4154 2264 5038 2386 kommen mußte, dass ein
4122 2356 5178 2520 Nunsch sei ich Eben zweimal
5342 2364 6330 2514 ist irgend in Aßunter Geschmärt
