6875 3706
2507 394 2684 570 A.
815 419 1514 600 stad Aupr, den 19. 11. 9.
1082 580 1284 734 P.
668 648 1261 835 meinlich Ärger
2114 653 2535 807 A une de
661 782 2538 951 sehr oft in diesen Sommer sind meiner Gedanken zu Zum
689 903 2545 1072 gegangen. In Forleiten in Juli, wenn ich herumging in den
706 1014 2482 1186 kollen engen Theil, das wir die Jahre meiner früher Jäger so nass
1135 1135 2601 1221 in ein als eine von denen, die Ihren damals meiner Freund
711 1160 1143 1269 brags, fiele die u
1135 1213 1403 1304 G. A.
734 1201 2616 1405 moren und an die ich auf einen Folgtisch in den Elien Tannenwald
716 1309 2628 1483 hinderen Fakthaus – und der Folßlich steht noch einen da - Briefe schrieb.
711 1448 2530 1597 Das ist siebmundgesangig Jahre her, die schwer faßlich! - dann
737 1559 2550 1761 nur ich dreinel in dieser Sommer in Salzburg u. mich bin ich
711 1713 2744 1915 den Viestell-seite gegangen, wie nach Hollbrunn al Kespoldskron,
729 1892 1917 2046 Op es ja herzlich an Sie zu denken.
711 2000 2581 2169 des lefte Nul, daß ich die gesehen habe, das eine hiede hurelyrok
699 2111 2618 2313 des Opes Palestine – Ia encore de si séfans bediede ou
691 2240 2475 2401 sten uns in der Welt verging ich bich angekündigen schien, so
684 2338 2588 2530 bemüht u. bekümmert sah Ihr mitrauter anhalts volles Schicht
709 2500 2560 2671 uns - ich wurde dem bald krank, da Ich ich sehe ehe 7
726 2611 2565 2790 Gesichtso vor mir. Meiner Brankheit von Fiefergehend
726 2737 2427 2924 als sie von ersten Appentlich schien, wie erster April bis
701 2896 2482 3072 in der seilen sowie uns ich in kranken veränderte Wunsch¬
726 3009 2452 3199 erst in Farlaten, ganz ganz ersten hab ich mich zu mir selber
4104 318 5946 578 zurückgefunden, und nach jeden solchen Schreibfinde
4170 560 5862 701 ist man ja vielleicht in stärkere Neunthalt je
4175 689 5903 837 wäre, wenn ist halt um eine Mindung der Schreiben
4137 784 5996 964 höher gekommen. So muß ich mich glücklich meiner
4147 898 5829 1092 sich Ende Juli, daß eine Prodictisität über mich
4127 1092 5938 1246 gekoren sie ich sie sich Jahre – ist esigerem Falt zu sehen.
4185 1150 5754 1362 Jahre – nicht gekannt habe; es sind Arbeiten fertig
4167 1339 5890 1481 Geworden, andere in mir aufgewacht, noch andere stark
4162 1483 5829 1647 novembrt schönen – ich glaub es ist einiges darunter,
4144 1614 5867 1778 Aus die ihren Beitall geben werde, et mir immer so
4137 1725 5824 1897 waren u. mitreist und ein Kind aus wolkend ist.
4064 1869 5946 2124 da kart ist dieses Zufrömen von Einfällen und so tiefen endlich
4094 2018 5908 2237 einmal – die kamen meine beztere Schwierig Natur – die Hytmüth,
4089 2144 5877 2321 Minde sehr produciret Stunde, dass ich Kreue u. Schelt
4054 2250 5779 2432 hebeten habe, mich bei den Vorben die „Folii ohne Schiette“ zu
4028 2409 5966 2538 entschuldigen - ich bin ja dort opendis nur des fünfte Rad am
4028 2492 5993 2676 Wegen – Er kann ich erst Enagg vor R kommen, dann
5433 2633 5635 2760 d'une
4036 2636 5895 2825 Erffe ich die recht bald zu sehen. – Mir schön meine man nun
4056 2780 5116 2946 lich wieder ein Eiferl öfte sähe!
5380 2780 5882 2913 ver mon  déjà
4916 2903 5628 3252 Staßgeri J. Bgr.
