6804 3641
786 362 2750 595 N:o II. 1/2
1002 563 2733 744 in Unternehner von cultursellem West evas.
1011 779 2569 943 Bitte ten sie es auf misgeleit, il
1131 913 2760 1099 Einne den kennten seit vielen Jahren,
1107 1080 2028 1232 und durchaus ein Güter
1075 1300 2640 1499 Cie paar überaus liebe zieles, die he
1077 1472 2667 1633 mis vor viele Wuchen schreiben klingen.
1131 1650 2752 1800 immer in mir nach, soll ich, reus
1139 1795 2796 1947 es freundliches wird, zu einem Vormittags¬
1131 1964 2796 2155 Speziergang hinüber Erben? Oder gibts
1180 2130 2650 2294 eine Andere Form der Begegung, die
1109 2280 2326 2432 Nun nicht beschwerend aus?
1440 2463 2179 2659 In Freundschaft Str.
2135 2510 2429 2686 xx
1114 2691 2662 2904 P Die Seithe mit E. Reis-in, soviel
1237 2872 2517 3061 est veuvelle, dringend litig!
4315 404 5928 705 (1)  Bodtünse 14 XI 25.
4263 700 4425 872 369
4511 666 5013 837 nibes Seiten
4508 793 5980 960 aber Ernst ein Elines Beul: eine
4604 913 6127 1141 Eychlug von Mus Hand, und ich treue
4594 1060 6063 1224 mit Äußer darauf, sie ebends je
4648 1195 6242 1330 lesse: ein Vorgefühl (jenährt devel Hin ein¬
4660 1339 6203 1484 Houen) soit mis, tin ne ai même
4606 1450 6198 1624 besondere Lieblinge: Leisenbodg ud Cernæs,
4653 1570 4983 1712 au geäugt.
4662 1697 6134 1849 Seiten, aber Leben Sie in Berlin der
4719 1841 6164 2025 Turm bekomen. Faad Comt anis.
4689 1964 6051 2118 der Gedente, dass weib und diese
4731 2103 6164 2243 Cremplare eine vorläitigen, mehr
4714 2241 6063 2383 mir Leionsausgabe sind wenige,
4743 2348 6252 2490 es täte mis leid, wie eines verloren
4785 2466 6102 2581 wøre. Wieder Sie creutuell
4653 2579 5995 2740 Aus Esplanade ein reclamirendes
4731 2674 6227 2855 Wort schreiben? His liegt viel darbe
4724 2799 6156 3000 diese Arbeitfeld ci den Hinden
4736 2921 6323 3107 ja reise. - Ich bin, in großer Stille.
4809 3036 6217 3235 sehr anhaltend fleissig. Ihre Heyr
