7069 3705
1214 414 2516 602 1 1/2 1/4 t.m.t. p.p. v. t. w. a. 4, p. n.t 1/3 tän Uhr, 4 1/7 p. 1. 4. 4 fl. 3.
1620 882 1852 1074 330
1252 914 1492 1132 you.
2074 900 2392 1116 2 II. R.
2142 1088 2388 1322 VII
1296 1120 1812 1294 Mein lieber Arthür
1242 1282 2430 1474 ich von minder lang in Paris als
1250 1438 2308 1604 ich zu bleiben mir vorgesetzt hatte.
1274 1628 2386 1738 Hier Zürichkommen zu mein
1200 1762 2284 1978 Dorfrundt groß. Sie mir bald
1250 1934 2404 2106 zu sehen, ausgiebig zu sehen und
1242 2072 2374 2230 mehr als einmal, die vielen
1262 2238 2320 2424 faite fortzeichzinnen, da und
1238 2448 2566 2584 verbinden und von dem je niemals
1244 2570 2446 2716 mir abgeriffen ist, sind auch
6410 444 6954 594 V. P. v. M. Mg. Mässelin.
4734 422 5804 598 1 1/2, rue 7, 4, 1, 5, 0, rondisse 3, à 1, r, à 0, à 2, à 10, à 6, à 4, r.
5932 440 6156 550 1,11.19
4620 692 5796 1010 darauf, Euch für zu sehen, ehe
4696 910 5880 1118 Das für uns die Rinde sich Euch
4710 1076 5854 1248 ganz entfernte — kam und
4656 1212 5824 1376 Krk. nun nässt wieder zu im
4686 1360 5884 1534 fortgehen, da er ich wirklich
4728 1514 5828 1662 Ganz traurig. Dich kommt
4704 1604 5866 1794 zu reint und so wird diese
4716 1766 5796 1952 Kräf & bald frieden und
4680 1958 5750 2086 man mir dem nicht nicht
4672 2062 5746 2250 lang bin, offen tif zu hef.
4786 2230 5812 2394 Philas Grükke, an Olge.
5262 2368 5642 2620 of kege
