7078 3704
1710 464 2008 616 P.C. 1 4 1 1
2122 446 2372 566 1 1 1 1
598 886 1680 1036 mußt, wo ich unversältnismässig
1812 904 2846 1060 sondern im Gegentheil willniss.
604 1054 1542 1214 traurig. Freilich das einzelne
1800 1082 2864 1224 man gehört dem selben Beruf.
616 1190 1508 1328 ist ja immer ins Zufall als
1788 1286 2718 1374 zu, neben erricht in einer
610 1346 1500 1480 in unbeträchtliches Detail
1818 1428 2844 1556 Stadt – und man verhängt
610 1490 1506 1628 ab, das ganze macht mich
1818 1604 2674 1724 kein 20 Stunden im
608 1656 1530 1802 messend traurig, ich kann
1794 1788 2770 1922 Jahr unteinander. Mir
574 1808 1534 1954 mir nicht selfen. Man ist
1812 1956 2784 2108 geht 5 fünfte, ab – (1).
550 1994 1680 2126 seit 20 Jahren gut mit einander
1806 2110 2834 2256 Thun und Richard offenbar,
598 2166 1568 2316 man ist sich weite fremde,
610 2328 1602 2460 noch uninteressanten, nach
1794 2342 2708 2470 viel einige, das ist ja
616 2446 1514 2644 weniger Ciel geworden,
1780 2488 2874 2674 Tungsromentskoep. Gres Lido
4600 440 5268 612 1 1/2 1/10 „ 4 „ „ —„ — „
6400 418 6558 582 18
5266 422 5682 600 1 1 1 10: 1 ; 1
4170 892 5088 1044 hat ich ihr daran gedacht,
5376 966 6352 1118 de finden ? avec fort, cela
4158 1030 5180 1194 hatte so sicher gehofft, in diesen
5408 1134 6388 1266 München an den Landeses
4158 1164 5150 1322 drei Wochen Juli würdt man
5390 1270 6406 1442 (im Landhaft ist ich nicht
4148 1308 5156 1450 sich mehr als einmal schon
4182 1446 5052 1582 - u. bier Jahr sei, dass
5414 1462 6252 1630 kann und mir lange
4164 1622 5054 1766 Sie nicht in meinem Haus
5376 1626 6190 1772 wünsche, dann über
4198 1758 5028 1856 man! - und nur
5330 1802 6292 1972 at tilbey uaf Tirol
4148 1908 5186 2078 kommt § so. In dieser Miss¬
5336 1994 6340 2154 sieren und sind empfähr¬
4124 2094 5010 2238 wo mir noch sie sind,
5306 2206 6148 2330 die ersten 10 Tage der
4112 2240 5102 2382 übersiedelt Ihr, zu
5354 2354 6402 2528 bezeiß in Caragec. Dann
4062 2382 4962 2544 fang it naffen
4142 2492 5096 2666 Mehr fahren sein mit
5328 2522 6390 2694 sind wir für viel Wochen
