7065 3705
696 312 1074 436 DANZERS ORPHEUM IN
783 413 1055 466 Gesellschaft m.b. H.
1545 423 2857 595 WiEN, 5. Jänner 191.
606 442 1410 571 NEUE WIENER BÜHNE,
907 542 1092 637 WIENERBÖH
923 587 1090 677 (V. Nr. Ees)
696 590 897 669 Postsparkamenten
682 643 899 751 ﻿MonsR Nr. 14,7
918 659 1219 754 Nr. 22.838 Nr. 16.B02.
704 907 2648 989 Abschrift der an das Publikum zu versendenden Einladung.
1148 1050 2820 1198 Ende Jänner findet an der Neuen Wiener Bühne ein:
701 1166 2730 1315 einmälige Aufführung von Fcul zornfelds “Verfürhung“ statt.
1137 1280 2716 1383 Die neuen und selten kühnen dichterischen Qua¬
690 1317 2814 1471 litäten des Verkes lassen es als künstlerische Pflicht erschei¬
696 1447 2711 1539 nen, es durch eine Aufführung vor geladenen und nach seinem
688 1516 2706 1629 Urteilsvermössen und seiner äthetischen Auffassungskraft ge¬
690 1611 2756 1754 wählten Publikum vor dem Schicksel der üblichen Presieren zu
693 1703 2730 1817 bemehren und i m eine Aufnahme zu sichern, die nicht an die
685 1785 2640 1904 Gewöhnlichen Voraussetzungen des alltäplichen Theaters ge¬
690 1846 1074 1949 knüpft ist.
1121 1899 2576 2087 Die Unterzeichneten, die zur Veranstaltung
680 2013 2706 2135 dieser im besten Sinne festlichen und einmaligen Wiedersobe
680 2135 2703 2254 eines für die schaffende Jugend so bezeichnenden Werkes zu¬
680 2230 2677 2312 sammen getreten sind, laden hiemit zur Zeichnung für diese
680 2283 1201 2407 aufführung sin.
1121 2386 2677 2515 Es werden Zeichnungen zu 80 und 10 „ronen pro
672 2457 1748 2589 Person entgegengenommen werden.
1095 2568 2642 2679 Die für Zeichnungen zu 30 Kronen wird je ein
685 2637 2761 2767 Pitsplats in den Logen oder im Cerole und Parkett, für die zu
672 2730 2735 2857 10 Kronen einer von den übrigen Plätzen des Theaters ausge¬
672 2812 1121 2936 folgt werden.
4203 312 4578 442 DANZERS ORPHEUM IN
4370 413 4573 473 Vollschaft m. b. H.
4137 442 4774 566 NEUE WIENER BÜHNE
5562 426 5740 590 Rösse 33.
6425 410 6692 637 11 „ „
4449 534 4642 674 ON: Vr. 56.40
4206 590 4433 667 Postsparkassa-TELES
4139 651 4436 754 Tageskassa Nr. 14.16. TION
4555 664 4753 772 sa Nr. 16.802.
4351 902 5708 1079 I. Heinrich Stutz zu Ruß
4459 984 6192 1185 Gröhne Maria Wydenbruck = Esterházy.
4454 1143 5785 1299 Erz. Kiel Graf Lanckverrüski
4465 1230 5634 1391 Prof. Dr. Walter Brecht
4467 1320 5803 1481 Dr. Heyd von Hofmannsthel
4518 1428 5293 1587 Gustav Klinit
4428 1486 5618 1730 Prof. Alfred Rollio
4512 1624 5547 1817 Franz Werfel
