<?xml version="1.0" encoding="UTF-8" standalone="yes"?>
<PcGts xmlns="http://schema.primaresearch.org/PAGE/gts/pagecontent/2013-07-15" xmlns:xsi="http://www.w3.org/2001/XMLSchema-instance" xsi:schemaLocation="http://schema.primaresearch.org/PAGE/gts/pagecontent/2013-07-15 http://schema.primaresearch.org/PAGE/gts/pagecontent/2013-07-15/pagecontent.xsd">
    <Metadata>
        <Creator>prov=READ-COOP:name=TrHtr:version=2.1.0:model_id=51170:date=25_07_2023_06:57</Creator>
        <Created>2023-05-01T21:56:42.505+02:00</Created>
        <LastChange>2023-07-25T06:57:42.101+02:00</LastChange>
        <TranskribusMetadata docId="1416437" pageId="54946347" pageNr="48" tsid="130586848" status="IN_PROGRESS" userId="64420" imgUrl="https://files.transkribus.eu/Get?id=YLEYPIKEKXVDOSYALFBXJKJV&amp;fileType=view" xmlUrl="https://files.transkribus.eu/Get?id=JZUVLOOSMMUVYRKLKUHLVZGT" imageId="44450432"/>
    </Metadata>
    <Page imageFilename="1416437_0048.jpg" imageWidth="7069" imageHeight="3705">
        <ReadingOrder>
            <OrderedGroup id="ro_1711831502861" caption="Regions reading order">
                <RegionRefIndexed index="0" regionRef="tr_2"/>
                <RegionRefIndexed index="1" regionRef="tr_1"/>
            </OrderedGroup>
        </ReadingOrder>
        <TextRegion id="tr_2" custom="readingOrder {index:0;}">
            <Coords points="1326,451 3519,451 3519,2633 1326,2633"/>
            <TextLine id="tr_2_tl_1" custom="readingOrder {index:0;}">
                <Coords points="1722,526 1844,550 1968,526 2066,564 2166,536 2396,590 2398,446 2362,432 2154,448 2120,424 2000,410 1892,446 1844,422 1724,434"/>
                <Baseline points="1732,519 1774,519 1864,519 1954,507 2043,501 2133,501 2223,501 2312,507 2402,513"/>
                <TextEquiv>
                    <Unicode>1 1/4 „ „ —„ 4 „ 9 „ 4„ —: —: 4: 4. —: 5.</Unicode>
                </TextEquiv>
            </TextLine>
            <TextLine id="tr_2_tl_2" custom="readingOrder {index:1;}">
                <Coords points="2864,548 2944,524 3118,566 3204,552 3246,574 3354,540 3514,538 3512,448 3484,440 3400,472 3276,446 3204,466 3132,442 3036,462 2950,426 2862,440"/>
                <Baseline points="2874,507 2964,513 3053,513 3143,519 3232,525 3322,525 3412,519 3501,525 3519,525"/>
                <TextEquiv>
                    <Unicode>Vuorilänissä, 7 1/2 4 1/4, 4 1, 4, 4; 4, 1, 6/2, rue 1, 5, 6, 4/4; 4;</Unicode>
                </TextEquiv>
            </TextLine>
            <TextLine id="tr_2_tl_3" custom="readingOrder {index:2;}">
                <Coords points="2504,530 2556,522 2600,550 2622,542 2636,548 2662,524 2688,542 2714,530 2726,542 2762,538 2760,450 2688,452 2622,424 2566,440 2538,430 2502,440"/>
                <Baseline points="2515,513 2605,513 2695,519 2766,513"/>
                <TextEquiv>
                    <Unicode>V. E. W. u.C.</Unicode>
                </TextEquiv>
            </TextLine>
            <TextLine id="tr_2_tl_4" custom="readingOrder {index:3;}">
                <Coords points="1316,996 1474,1046 1694,996 1902,1038 2122,1002 2338,1014 2338,790 1946,810 1808,768 1724,806 1630,786 1316,818"/>
                <Baseline points="1326,950 1416,950 1505,956 1595,962 1685,962 1774,956 1864,956 1954,956 2043,956 2133,956 2223,956 2312,956 2342,956"/>
                <TextEquiv>
                    <Unicode>Thys 3Aume, 11.10.</Unicode>
                </TextEquiv>
            </TextLine>
            <TextLine id="tr_2_tl_5" custom="readingOrder {index:4;}">
                <Coords points="1400,1142 1696,1132 1846,1172 2178,1102 2414,1146 2418,1040 2292,1000 2100,1086 1680,1026 1402,1088"/>
                <Baseline points="1410,1117 1434,1117 1523,1117 1613,1117 1703,1117 1792,1111 1882,1111 1972,1111 2061,1111 2151,1105 2240,1099 2330,1087 2420,1087"/>
                <TextEquiv>
                    <Unicode>mein Eider Archiv    911</Unicode>
                </TextEquiv>
            </TextLine>
            <TextLine id="tr_2_tl_6" custom="readingOrder {index:5;}">
                <Coords points="1394,1284 1668,1324 1788,1284 1908,1328 2012,1270 2332,1270 2336,1194 2238,1162 1966,1200 1882,1162 1778,1200 1568,1172 1398,1210"/>
                <Baseline points="1404,1284 1440,1284 1529,1284 1619,1284 1709,1278 1798,1272 1888,1272 1977,1266 2067,1260 2157,1248 2246,1242 2336,1242"/>
                <TextEquiv>
                    <Unicode>Die trauriges Nachricht fand</Unicode>
                </TextEquiv>
            </TextLine>
            <TextLine id="tr_2_tl_7" custom="readingOrder {index:6;}">
                <Coords points="1358,1454 1484,1410 1538,1448 1674,1428 1748,1462 1826,1412 2140,1436 2292,1404 2400,1432 2440,1426 2442,1332 2282,1296 1908,1328 1808,1306 1694,1346 1628,1304 1564,1334 1360,1324"/>
                <Baseline points="1368,1398 1458,1398 1547,1398 1637,1398 1727,1398 1816,1392 1906,1392 1995,1386 2085,1386 2175,1380 2264,1380 2354,1386 2444,1392"/>
                <TextEquiv>
                    <Unicode>ich nach einigen Früher Andeitungen</Unicode>
                </TextEquiv>
            </TextLine>
            <TextLine id="tr_2_tl_8" custom="readingOrder {index:7;}">
                <Coords points="1380,1602 1728,1558 1852,1570 1954,1534 2336,1538 2338,1474 2106,1438 2048,1466 1892,1446 1838,1484 1708,1490 1580,1446 1480,1480 1384,1468"/>
                <Baseline points="1392,1529 1446,1523 1535,1529 1625,1523 1715,1523 1804,1523 1894,1517 1983,1511 2073,1511 2163,1505 2252,1505 2342,1505"/>
                <TextEquiv>
                    <Unicode>durch freunde, früh morgens</Unicode>
                </TextEquiv>
            </TextLine>
            <TextLine id="tr_2_tl_9" custom="readingOrder {index:8;}">
                <Coords points="1380,1704 1552,1720 1658,1694 1760,1730 1948,1672 2054,1696 2168,1654 2290,1662 2290,1608 2234,1596 2046,1612 1974,1588 1910,1610 1660,1574 1508,1622 1382,1618"/>
                <Baseline points="1392,1673 1398,1667 1487,1667 1577,1661 1667,1661 1756,1667 1846,1661 1936,1655 2025,1655 2115,1655 2205,1649 2294,1649"/>
                <TextEquiv>
                    <Unicode>in der Zeitung — so vor 5</Unicode>
                </TextEquiv>
            </TextLine>
            <TextLine id="tr_2_tl_10" custom="readingOrder {index:9;}">
                <Coords points="1376,1816 1508,1868 1744,1820 1810,1848 1894,1824 2172,1858 2288,1810 2378,1822 2400,1758 2286,1716 2150,1758 1898,1702 1752,1760 1648,1760 1546,1716 1444,1768 1378,1760"/>
                <Baseline points="1386,1798 1416,1798 1505,1804 1595,1810 1685,1810 1774,1810 1864,1810 1954,1798 2043,1798 2133,1792 2223,1792 2312,1792 2402,1792"/>
                <TextEquiv>
                    <Unicode>unmöglich, zurecht zu kommen, um</Unicode>
                </TextEquiv>
            </TextLine>
            <TextLine id="tr_2_tl_11" custom="readingOrder {index:10;}">
                <Coords points="1376,1970 1578,1992 1632,1958 1784,1980 1926,1966 1976,1990 2056,1962 2160,1980 2216,1950 2218,1890 2026,1850 1872,1884 1814,1864 1730,1886 1654,1850 1580,1886 1518,1858 1378,1888"/>
                <Baseline points="1386,1954 1416,1954 1505,1954 1595,1954 1685,1954 1774,1954 1864,1948 1954,1948 2043,1942 2133,1936 2223,1930"/>
                <TextEquiv>
                    <Unicode>dem Begräbnis zu guten</Unicode>
                </TextEquiv>
            </TextLine>
            <TextLine id="tr_2_tl_12" custom="readingOrder {index:11;}">
                <Coords points="1364,2096 1466,2124 1882,2106 2014,2138 2326,2116 2326,2024 2236,2010 2002,2072 1780,1996 1676,2028 1518,1994 1470,2034 1364,2034"/>
                <Baseline points="1374,2079 1434,2079 1523,2079 1613,2085 1703,2085 1792,2085 1882,2085 1972,2085 2061,2091 2151,2079 2240,2073 2330,2073"/>
                <TextEquiv>
                    <Unicode>Mutter beizuwohlen. Dass</Unicode>
                </TextEquiv>
            </TextLine>
            <TextLine id="tr_2_tl_13" custom="readingOrder {index:12;}">
                <Coords points="1346,2294 1420,2304 1542,2248 1688,2294 1862,2226 2276,2228 2278,2124 2066,2166 1882,2106 1810,2144 1732,2118 1682,2142 1578,2126 1484,2168 1348,2140"/>
                <Baseline points="1356,2240 1386,2228 1476,2223 1565,2223 1655,2217 1744,2217 1834,2217 1924,2217 2013,2217 2103,2217 2193,2211 2282,2211"/>
                <TextEquiv>
                    <Unicode>jemand nicht mehr ist, ist</Unicode>
                </TextEquiv>
            </TextLine>
            <TextLine id="tr_2_tl_14" custom="readingOrder {index:13;}">
                <Coords points="1370,2376 1500,2406 1638,2386 1746,2406 1872,2384 1926,2406 2012,2396 2072,2342 2152,2344 2154,2264 1864,2296 1770,2268 1702,2300 1538,2260 1422,2306 1370,2294"/>
                <Baseline points="1380,2354 1440,2348 1529,2348 1619,2348 1709,2348 1798,2348 1888,2348 1977,2342 2067,2336 2157,2336"/>
                <TextEquiv>
                    <Unicode>Auch für die Fernerkehende</Unicode>
                </TextEquiv>
            </TextLine>
            <TextLine id="tr_2_tl_15" custom="readingOrder {index:14;}">
                <Coords points="1352,2524 1480,2502 1692,2532 1764,2510 1866,2540 2026,2510 2110,2528 2170,2506 2170,2414 2026,2432 1872,2384 1784,2428 1678,2432 1600,2400 1512,2432 1352,2434"/>
                <Baseline points="1362,2485 1368,2485 1458,2485 1547,2485 1637,2491 1727,2491 1816,2485 1906,2491 1995,2479 2085,2479 2175,2468"/>
                <TextEquiv>
                    <Unicode>unfaßber, ja es ist, alt</Unicode>
                </TextEquiv>
            </TextLine>
            <TextLine id="tr_2_tl_16" custom="readingOrder {index:15;}">
                <Coords points="1398,2706 2404,2696 2406,2540 2342,2518 2132,2544 1992,2520 1846,2556 1718,2520 1402,2542"/>
                <Baseline points="1410,2617 1422,2617 1511,2617 1601,2623 1691,2623 1780,2623 1870,2623 1960,2623 2049,2617 2139,2611 2228,2605 2318,2599 2408,2611"/>
                <TextEquiv>
                    <Unicode>antwortete der mussliche Feuer.</Unicode>
                </TextEquiv>
            </TextLine>
        </TextRegion>
        <TextRegion id="tr_1" custom="readingOrder {index:1;}">
            <Coords points="3716,445 6531,445 6531,2717 3716,2717"/>
            <TextLine id="tr_1_tl_1" custom="readingOrder {index:0;}">
                <Coords points="4828,560 4858,562 4868,554 4886,562 4934,530 4946,538 4960,528 4972,538 5006,528 5038,530 5032,412 5018,410 4992,436 4982,436 4954,414 4926,406 4902,422 4868,406 4850,412 4820,406"/>
                <Baseline points="4834,495 4924,513 5013,507 5043,507"/>
                <TextEquiv>
                    <Unicode>: 1/4</Unicode>
                </TextEquiv>
            </TextLine>
            <TextLine id="tr_1_tl_2" custom="readingOrder {index:1;}">
                <Coords points="4054,616 4080,614 4104,600 4120,612 4126,606 4164,616 4168,610 4210,612 4194,440 4180,446 4124,428 4090,428 4072,436 4064,432 4050,448 4040,448"/>
                <Baseline points="4057,513 4147,525 4206,525"/>
                <TextEquiv>
                    <Unicode>"</Unicode>
                </TextEquiv>
            </TextLine>
            <TextLine id="tr_1_tl_3" custom="readingOrder {index:2;}">
                <Coords points="3708,550 3796,582 3846,576 3888,604 3950,602 3946,480 3896,486 3850,462 3836,464 3796,434 3754,458 3704,458"/>
                <Baseline points="3716,519 3806,525 3896,525 3950,531"/>
                <TextEquiv>
                    <Unicode>III.</Unicode>
                </TextEquiv>
            </TextLine>
            <TextLine id="tr_1_tl_4" custom="readingOrder {index:3;}">
                <Coords points="4286,1072 4672,1098 4820,1054 5266,1106 5266,906 5068,978 4532,952 4466,986 4396,946 4286,974"/>
                <Baseline points="4296,1039 4386,1039 4475,1039 4565,1039 4655,1039 4744,1039 4834,1033 4924,1033 5013,1033 5103,1039 5192,1045 5270,1069"/>
                <TextEquiv>
                    <Unicode>Auf die Zuweitung, diß hinzunehmen,</Unicode>
                </TextEquiv>
            </TextLine>
            <TextLine id="tr_1_tl_5" custom="readingOrder {index:4;}">
                <Coords points="5478,1110 5658,1056 5782,1066 5862,1120 5898,1092 6086,1108 6290,1066 6400,1098 6402,986 6162,952 6068,992 6010,960 5926,982 5808,952 5676,1000 5544,962 5480,982"/>
                <Baseline points="5491,1069 5509,1063 5599,1057 5688,1057 5778,1057 5868,1057 5957,1057 6047,1057 6137,1057 6226,1051 6316,1051 6406,1057"/>
                <TextEquiv>
                    <Unicode>gehen, ein dichterisches Getilde, in</Unicode>
                </TextEquiv>
            </TextLine>
            <TextLine id="tr_1_tl_6" custom="readingOrder {index:5;}">
                <Coords points="4262,1178 4438,1198 4596,1176 4850,1236 5044,1188 5254,1226 5252,1134 5044,1128 4974,1092 4734,1142 4680,1116 4618,1154 4400,1082 4262,1114"/>
                <Baseline points="4272,1171 4362,1171 4451,1171 4541,1171 4631,1177 4720,1177 4810,1177 4900,1171 4989,1171 5079,1177 5169,1183 5258,1201"/>
                <TextEquiv>
                    <Unicode>mit einer verdoppelten Lebhaftigkeit</Unicode>
                </TextEquiv>
            </TextLine>
            <TextLine id="tr_1_tl_7" custom="readingOrder {index:6;}">
                <Coords points="5450,1202 5662,1192 5760,1214 5788,1194 5952,1232 6054,1192 6218,1190 6218,1114 6038,1108 5858,1142 5774,1120 5724,1146 5632,1110 5450,1146"/>
                <Baseline points="5461,1183 5551,1183 5641,1183 5730,1189 5820,1183 5910,1189 5999,1189 6089,1189 6178,1189 6220,1189"/>
                <TextEquiv>
                    <Unicode>den so viel Ihres stöckten</Unicode>
                </TextEquiv>
            </TextLine>
            <TextLine id="tr_1_tl_8" custom="readingOrder {index:7;}">
                <Coords points="4244,1310 4332,1308 4470,1366 4530,1346 4704,1366 4740,1398 5004,1302 5188,1324 5188,1262 5044,1236 4958,1276 4794,1226 4668,1280 4474,1214 4244,1250"/>
                <Baseline points="4254,1302 4344,1296 4434,1302 4523,1302 4613,1308 4702,1308 4792,1302 4882,1302 4971,1302 5061,1296 5151,1308 5192,1314"/>
                <TextEquiv>
                    <Unicode>der Bestellung. So lebt zu Mutter</Unicode>
                </TextEquiv>
            </TextLine>
            <TextLine id="tr_1_tl_9" custom="readingOrder {index:8;}">
                <Coords points="5438,1340 6302,1324 6408,1344 6526,1422 6512,1242 6154,1222 6006,1258 5856,1212 5436,1262"/>
                <Baseline points="5449,1308 5539,1314 5629,1314 5718,1308 5808,1314 5898,1314 5987,1314 6077,1314 6167,1314 6256,1314 6346,1320 6435,1320 6525,1326 6531,1326"/>
                <TextEquiv>
                    <Unicode>nachschla in eine Lebens zusammengebrängt</Unicode>
                </TextEquiv>
            </TextLine>
            <TextLine id="tr_1_tl_10" custom="readingOrder {index:9;}">
                <Coords points="4286,1496 4394,1470 4474,1514 4562,1488 5086,1528 5240,1502 5242,1386 5164,1414 5014,1384 4914,1408 4826,1364 4736,1408 4548,1384 4436,1406 4366,1370 4288,1392"/>
                <Baseline points="4296,1446 4350,1434 4440,1434 4529,1440 4619,1440 4708,1440 4798,1434 4888,1434 4977,1428 5067,1428 5157,1428 5246,1440"/>
                <TextEquiv>
                    <Unicode>für mich in diesen Stunden und</Unicode>
                </TextEquiv>
            </TextLine>
            <TextLine id="tr_1_tl_11" custom="readingOrder {index:10;}">
                <Coords points="5432,1490 5618,1476 5662,1498 5832,1458 5906,1478 6082,1454 6140,1484 6290,1458 6266,1408 5990,1346 5926,1378 5788,1354 5566,1414 5432,1394"/>
                <Baseline points="5443,1452 5533,1446 5623,1446 5712,1446 5802,1446 5892,1446 5981,1440 6071,1440 6161,1446 6250,1446 6292,1452"/>
                <TextEquiv>
                    <Unicode>ist, auf is trisses bringen.</Unicode>
                </TextEquiv>
            </TextLine>
            <TextLine id="tr_1_tl_12" custom="readingOrder {index:11;}">
                <Coords points="5442,1616 5810,1644 6026,1576 6160,1604 6248,1572 6392,1612 6408,1504 6182,1492 6002,1544 5864,1526 5676,1568 5444,1524"/>
                <Baseline points="5455,1583 5515,1583 5605,1583 5694,1583 5784,1583 5874,1583 5963,1577 6053,1571 6143,1577 6232,1571 6322,1577 6412,1571"/>
                <TextEquiv>
                    <Unicode>daß man auf diese Weise, ebenso</Unicode>
                </TextEquiv>
            </TextLine>
            <TextLine id="tr_1_tl_13" custom="readingOrder {index:12;}">
                <Coords points="4250,1626 4604,1616 4720,1646 4874,1614 4958,1654 5078,1612 5152,1632 5150,1514 4914,1556 4764,1508 4612,1546 4322,1512 4248,1534"/>
                <Baseline points="4260,1583 4350,1583 4440,1583 4529,1583 4619,1589 4708,1589 4798,1583 4888,1583 4977,1589 5067,1589 5157,1595"/>
                <TextEquiv>
                    <Unicode>immer wieder, nach 10 nach 15,</Unicode>
                </TextEquiv>
            </TextLine>
            <TextLine id="tr_1_tl_14" custom="readingOrder {index:13;}">
                <Coords points="4246,1780 4462,1770 4660,1828 4802,1778 5072,1792 5086,1678 4960,1652 4826,1694 4518,1668 4456,1690 4416,1668 4244,1698"/>
                <Baseline points="4254,1715 4344,1721 4434,1727 4523,1727 4613,1732 4702,1732 4792,1727 4882,1727 4971,1727 5061,1721 5091,1727"/>
                <TextEquiv>
                    <Unicode>nach 20 Jahren kommt bei</Unicode>
                </TextEquiv>
            </TextLine>
            <TextLine id="tr_1_tl_15" custom="readingOrder {index:14;}">
                <Coords points="5456,1776 5720,1796 5772,1774 5864,1810 5926,1790 6086,1828 6130,1792 6378,1738 6378,1674 6258,1662 6206,1690 6098,1674 6010,1702 5984,1680 5956,1704 5868,1668 5596,1698 5456,1674"/>
                <Baseline points="5467,1721 5557,1727 5647,1727 5736,1727 5826,1727 5916,1727 6005,1732 6095,1727 6184,1727 6274,1727 6364,1721 6382,1721"/>
                <TextEquiv>
                    <Unicode>wie in der Rinderi, irgend etwas</Unicode>
                </TextEquiv>
            </TextLine>
            <TextLine id="tr_1_tl_16" custom="readingOrder {index:15;}">
                <Coords points="4258,1912 4456,1878 4586,1924 4692,1892 4764,1938 4834,1912 5012,1930 5136,1906 5134,1820 5056,1786 4860,1822 4812,1794 4666,1828 4514,1798 4470,1824 4408,1798 4256,1830"/>
                <Baseline points="4266,1852 4356,1858 4446,1852 4535,1858 4625,1864 4714,1864 4804,1864 4894,1864 4983,1864 5073,1870 5139,1876"/>
                <TextEquiv>
                    <Unicode>mich in einsamer Spaziergang,</Unicode>
                </TextEquiv>
            </TextLine>
            <TextLine id="tr_1_tl_17" custom="readingOrder {index:16;}">
                <Coords points="5456,1880 5572,1926 5688,1894 5914,1940 5950,1916 6034,1934 6086,1902 6346,1940 6344,1826 6204,1840 6160,1804 6048,1838 5794,1838 5756,1810 5676,1842 5576,1808 5514,1842 5454,1830"/>
                <Baseline points="5467,1876 5557,1876 5647,1876 5736,1876 5826,1882 5916,1882 6005,1888 6095,1888 6184,1894 6274,1894 6346,1888"/>
                <TextEquiv>
                    <Unicode>an bich untergibt, gleichsam</Unicode>
                </TextEquiv>
            </TextLine>
            <TextLine id="tr_1_tl_18" custom="readingOrder {index:17;}">
                <Coords points="4232,1996 4528,2014 4654,2082 4800,2048 4892,2076 5078,2022 5178,2034 5176,1986 4978,1930 4894,1956 4546,1912 4496,1938 4442,1922 4344,1978 4300,1958 4232,1978"/>
                <Baseline points="4242,1995 4332,1995 4422,1995 4511,1989 4601,1995 4691,1995 4780,1995 4870,1995 4959,1995 5049,2001 5139,2007 5181,2013"/>
                <TextEquiv>
                    <Unicode>eine verbinde Architsschende, in</Unicode>
                </TextEquiv>
            </TextLine>
            <TextLine id="tr_1_tl_19" custom="readingOrder {index:18;}">
                <Coords points="5476,2068 5594,2040 5618,2056 5662,2028 5818,2082 5926,2030 6096,2080 6138,2056 6218,2078 6294,2050 6292,1980 6158,1982 6104,2010 6000,1954 5908,1944 5866,1970 5654,1920 5614,1946 5472,1954"/>
                <Baseline points="5485,2025 5575,2025 5665,2025 5754,2025 5844,2031 5933,2031 6023,2031 6113,2037 6202,2037 6292,2049 6298,2049"/>
                <TextEquiv>
                    <Unicode>aus Unendliche Untergibt</Unicode>
                </TextEquiv>
            </TextLine>
            <TextLine id="tr_1_tl_20" custom="readingOrder {index:19;}">
                <Coords points="4244,2132 4464,2174 4560,2130 4838,2126 4898,2176 4972,2182 5236,2158 5234,2082 4904,2080 4852,2054 4626,2090 4554,2054 4344,2060 4242,2100"/>
                <Baseline points="4254,2121 4344,2121 4434,2121 4523,2127 4613,2127 4702,2127 4792,2127 4882,2127 4971,2127 5061,2133 5151,2139 5240,2145"/>
                <TextEquiv>
                    <Unicode>d ein Todtes so völlig auflebt</Unicode>
                </TextEquiv>
            </TextLine>
            <TextLine id="tr_1_tl_21" custom="readingOrder {index:20;}">
                <Coords points="5426,2208 5540,2192 5708,2256 5826,2196 5882,2220 6134,2194 6246,2258 6384,2248 6458,2314 6522,2310 6516,2168 6310,2152 6204,2092 6050,2148 5424,2136"/>
                <Baseline points="5437,2187 5527,2181 5617,2181 5706,2187 5796,2181 5886,2187 5975,2181 6065,2181 6155,2187 6244,2193 6334,2211 6423,2228 6513,2258 6525,2258"/>
                <TextEquiv>
                    <Unicode>ist für mich aus an de Congrétationen.</Unicode>
                </TextEquiv>
            </TextLine>
            <TextLine id="tr_1_tl_22" custom="readingOrder {index:21;}">
                <Coords points="4262,2268 4488,2316 4776,2304 4928,2348 5014,2298 5122,2300 5120,2242 5044,2196 4928,2228 4790,2192 4724,2196 4674,2234 4494,2232 4394,2200 4262,2216"/>
                <Baseline points="4272,2258 4362,2258 4451,2258 4541,2264 4631,2264 4720,2270 4810,2270 4900,2270 4989,2270 5079,2282 5127,2294"/>
                <TextEquiv>
                    <Unicode>dies ist und das Geheimnisse</Unicode>
                </TextEquiv>
            </TextLine>
            <TextLine id="tr_1_tl_23" custom="readingOrder {index:22;}">
                <Coords points="5474,2368 5692,2402 5782,2364 5916,2368 5992,2412 6176,2364 6296,2406 6520,2402 6514,2316 6208,2288 6162,2256 5986,2280 5838,2250 5692,2298 5466,2244"/>
                <Baseline points="5481,2322 5575,2324 5665,2324 5754,2324 5844,2336 5933,2330 6023,2330 6113,2330 6202,2336 6292,2354 6382,2378 6471,2390 6525,2408"/>
                <TextEquiv>
                    <Unicode>Es gibt noch Gesinnisvoller,</Unicode>
                </TextEquiv>
            </TextLine>
            <TextLine id="tr_1_tl_24" custom="readingOrder {index:23;}">
                <Coords points="4258,2442 4446,2424 4486,2452 4590,2424 4638,2450 4760,2466 4756,2350 4712,2366 4658,2334 4584,2330 4560,2306 4508,2308 4458,2342 4412,2326 4392,2342 4372,2332 4254,2354"/>
                <Baseline points="4266,2384 4356,2384 4446,2384 4535,2390 4625,2390 4714,2396 4762,2402"/>
                <TextEquiv>
                    <Unicode>unsere Innern.</Unicode>
                </TextEquiv>
            </TextLine>
            <TextLine id="tr_1_tl_25" custom="readingOrder {index:24;}">
                <Coords points="5480,2496 5792,2512 5882,2476 6120,2462 6344,2514 6472,2500 6468,2412 6384,2398 5954,2396 5746,2432 5526,2388 5478,2408"/>
                <Baseline points="5491,2456 5581,2450 5671,2462 5760,2456 5850,2462 5939,2456 6029,2456 6119,2462 6208,2468 6298,2473 6388,2485 6477,2491 6483,2485"/>
                <TextEquiv>
                    <Unicode>man man in das Mysterieur</Unicode>
                </TextEquiv>
            </TextLine>
            <TextLine id="tr_1_tl_26" custom="readingOrder {index:25;}">
                <Coords points="4220,2580 4394,2546 4628,2558 4694,2592 4844,2562 5208,2578 5208,2512 5042,2494 4960,2452 4648,2458 4518,2512 4222,2458"/>
                <Baseline points="4230,2563 4314,2545 4404,2539 4493,2539 4583,2539 4673,2539 4762,2539 4852,2539 4941,2539 5031,2539 5121,2545 5210,2551"/>
                <TextEquiv>
                    <Unicode>Es ist mir in lieben Gedanke, daß</Unicode>
                </TextEquiv>
            </TextLine>
            <TextLine id="tr_1_tl_27" custom="readingOrder {index:26;}">
                <Coords points="5452,2586 5828,2602 5870,2578 5992,2618 6140,2582 6396,2584 6394,2520 6362,2506 6296,2530 6258,2506 5958,2526 5880,2500 5450,2494"/>
                <Baseline points="5461,2569 5551,2569 5641,2575 5730,2575 5820,2575 5910,2575 5999,2575 6089,2581 6178,2581 6268,2581 6358,2575 6400,2575"/>
                <TextEquiv>
                    <Unicode>des Lebens: eindringt, wie ist</Unicode>
                </TextEquiv>
            </TextLine>
            <TextLine id="tr_1_tl_28" custom="readingOrder {index:27;}">
                <Coords points="4220,2774 5218,2774 5216,2630 5104,2594 5026,2622 4696,2590 4434,2622 4304,2584 4218,2620"/>
                <Baseline points="4230,2659 4320,2659 4410,2665 4499,2665 4589,2665 4679,2665 4768,2665 4858,2665 4947,2665 5037,2665 5127,2671 5216,2677 5222,2677"/>
                <TextEquiv>
                    <Unicode>Sie noch es Qual dieses Tage daran</Unicode>
                </TextEquiv>
            </TextLine>
            <TextLine id="tr_1_tl_29" custom="readingOrder {index:28;}">
                <Coords points="5458,2792 5586,2766 5664,2798 5768,2764 6212,2772 6208,2618 5952,2606 5852,2640 5810,2610 5764,2622 5640,2592 5454,2640"/>
                <Baseline points="5467,2683 5557,2683 5647,2695 5736,2695 5826,2695 5916,2695 6005,2695 6095,2701 6184,2701 6214,2707"/>
                <TextEquiv>
                    <Unicode>nachmal gepottet, aber</Unicode>
                </TextEquiv>
            </TextLine>
        </TextRegion>
    </Page>
</PcGts>
