7063 3705
1291 288 2499 452 Müsste zurückzuseien. Ob ich dann, die
1299 418 2703 561 beabsichtigt war, nach Helgien zu gehen.
1238 547 2642 686 haben zurück, ich vielleicht in irgendeschaffen
1222 629 2606 832 beiftrags zur italienische Grund, sind sich
1215 754 2626 977 geben. Ich grüsse die und Olge herzlich
2195 988 2460 1175 Sigr.
1347 1284 2674 1581 ungelegen ich mit größere Zuerlicht
1370 1540 1920 1688 keint augustus
1413 1620 2812 1790 Möss es zu denken daß dieß 1 ½ Könste
1418 1761 2644 1926 in den allerwäffen Tage nie schreiben
1449 1872 2776 2051 könnten – in der Früh – am Heilern Vormittag.
1400 2020 2397 2161 en Abend ist istens nicht.
2045 2099 2592 2322 heigt es z. bez.
1400 2440 2722 2592 gefogt. Zu Arketszeit nach nachmittag
1415 2536 2729 2722 bis gegen 6?   Es wirst ich gerne
1411 2654 2572 2845 mögen etwas nach 6' zu thun.
1416 2767 2854 2981 Einen. Gertig auch sich aufs obgelegt anderes
1395 2913 2694 3076 sagen) Man konnte dann vielleicht
1397 3017 2813 3196 insinier herumgehen u gefahren beim Seecrit.
1363 3085 2790 3267 nicht wohlen. Wenn es geht bedarf seinen
1488 3213 2787 3390 Antwort. Der Dr. herzlich begr.
6109 452 6291 616 1/1
5503 918 6113 1074 Minty 5/2 5/1
4805 952 5028 1088 they
4776 1170 5250 1343 mein lieber Arthür
4794 1284 6050 1472 seits aber ihn al leide nicht gegangen, weil
4805 1427 6004 1645 Gertz mit der Kinder zur Michael
4810 1563 6163 1763 geht und ich etwas mit Andriese sprechen muss.
4800 1740 5923 1897 als immer dass ein 9t Stundl an frei ist.
4798 1931 6095 2110 Ein Jochim Reitmach ist in lieben Gedankt,
4823 2083 6177 2238 Aber so weit sind mir noch nicht. Es ist ja noch
4825 2156 6180 2408 längst keine Wohnung, da sondenke liefern.
4841 2354 6184 2544 nichts, und ich habe auch, unter immer neue
4857 2508 6191 2753 Sorgen u. Verdüsserungen, gar mehr die Rogf,
