7069 3705
2233 782 2583 978 Roolaus.
1050 806 1434 1024 Züge
2426 931 2637 1052 2 XII.10.
1184 950 1812 1138 eine liebe letztes
1145 1065 2590 1283 möglichen die ich eluest dflavegsrei¬
1192 1205 2603 1430 Zum h. 2 Begegnungen daß ausgelegt.
1201 1346 2657 1547 Geld bei der 2 Hátze nicht rückenstatt,
1177 1557 2497 1730 zu sehen. Jahr die gute Tage in
1216 1683 2631 1886 Unserehn. Vielleicht verbringen und
2266 1970 2575 2162 4/3. 1911.
1171 2112 2411 2244 liebe, Mittwoch leich absolut
1171 2274 2570 2456 unmöglich, Donnerstag nicht
1194 2441 2465 2596 und gut gessen, auch Freitag.
1233 2583 2421 2769 Bitten im Antwort herzlich
2240 2778 2482 2948 Sigr.
1348 2825 1830 3037 Hetty früh
5633 415 5892 549 1:14:1:4
4599 745 6126 985 Auch noch im Missiaften in zwar
4655 937 6121 1119 Jays auf bei Sommersig, der zwei
4584 1035 6173 1244 sehr schön.    Dass d in der Goldmann
4575 1190 6165 1436 noch ein Unannehmlichkeit die Hauptsächlich
4584 1410 5996 1534 mich trifft, so part beisten, ist mir
4564 1510 6113 1635 5 unendlich wolluend, und für mich das
4668 1572 6150 1760 einzig Raale an der läßigen, aber eigentlich
4599 1845 4804 1992 Herr
5668 1858 6253 2026 Donnerstag Ahndt
4542 1931 6281 2158 3/8 eines liebes Orthes, ich für eher mit 54
6054 1989 6234 2087 21.50
4694 2156 6059 2296 Richard, daß Ihr schon hier seid. Man
4702 2274 6024 2415 at sich, nicht hat, lange genug nicht
4694 2406 6078 2529 gesehen. Mirst Euch gassen wenn mir
4689 2510 6251 2631 Sonntag zu mittag ja Eich länner? Und muss es gut
4666 2616 6258 2784 Gasse. Bitt uns sofortigst abgesetzt nach Rodaum. F. Kigo
4631 2717 5847 2858 Morsch melden worin nicht über Riefordt Medardus erferierte.
