7063 3705
1834 1214 2048 1416 OBSIENNÉ
2044 1208 2236 1474 C. S. C. R. P.
1614 1398 2052 1476 OBAHNHOTEL SOMMERING, TELEDU
1776 1446 2446 1634 Semmering, am 2 7 III.
2318 1606 2582 1812 G 14
1272 1650 1934 1816 mein lieb. Arthies
1238 1822 2368 1988 Si jubus fis des Medardus rien
1172 1968 2254 2168 kreis gebrigt, das wird Sie
1178 2120 2280 2354 siele Augenblick ich eine Tag
1176 2302 2442 2522 lang sein, darin tränkt mich
1154 2504 2266 2714 auch und ich gesteilenen Ver¬
1184 2668 2464 2898 wir vielleicht auch ohne diesen Anlass
3862 674 5060 930 hätte ich zum xx. für geschrieben
5438 796 6432 1010 geschehen, aber auf einmal
3940 976 5088 1188 wo mir öfter hesammen waren
5450 988 6570 1146 in einer Weiss als einer sich selbst
5468 1152 6532 1300 nicht erklären kann, kann es sie
3892 1150 5190 1350 und mitwenden, viel Stunden Gazinn¬
5444 1322 6510 1482 straßt ein Ermüdig kommen.
3940 1324 4444 1448 gegangen sind.
5456 1500 6442 1682 auf einmal kam man sich
3862 1550 4932 1724 werden mir nicht ganz allerählich
5472 1660 6466 1834 fühlen als das, et allein
3886 1680 5110 1844 einander zu Schatten, lieber Certhe’s?
5414 1870 6580 1998 an den Raht zieht – man will
3874 1914 5022 2022 tnd in kommt ist ihm? Woran
3856 2040 4424 2194 liegt und dem?
5408 2038 6480 2206 auf noch mittel'en, man
4662 2076 5008 2192 Jahre und
3872 2208 4978 2382 Jahre lang ist die Aufforderung,
5502 2232 6490 2392 will nichts ändern, und
3866 2374 5160 2526 ein auch zu schien einiger m wir,
5398 2390 6634 2586 doch hat sich mit geändert, wenn
3912 2496 5058 2662 von uns kommen, immer diesen
5404 2588 6436 2750 tihlts und meistes kann,
3898 2650 5184 2864 mir die Besseisenden, die Beschlopendes
5384 2726 6660 2986 nicht es und sprichts nicht als —
3866 2798 4922 3016 ich ganz unwillkürlich
