6875 3706
905 411 1671 586 1 1/2 t 9 1 1 1 4 1 10 1 1 Uhr
851 499 1460 684 Rodann, 3. Juni 9
837 713 1494 868 mein liebes Sistens,
771 871 2603 1044 So waren sie also in der Ewischenzeit nicht verreist.
810 1007 2537 1112 Sie haben den Besuch Mes schwiegersotnes lies
827 1136 2491 1241 empfangen, sich mit ihm zu reisen.
822 1241 2608 1369 Sie waren eine Hode lang recte unvoll, sind
822 1326 2554 1472 aber gottob wieder völlig davon hergestellt -
815 1425 2457 1530 Dies alles, wenn ich den Bezield des gestern
812 1523 1839 1630 Freundin B. Z. reets versiche¬
798 1671 2537 1800 Th was 14 Tage, genau 13 Tage, in Italien,
837 1764 2457 1910 bis gegen Rom hin, ohne dos eigre Theil.
803 1897 2569 2009 römische Gebiet zu berühren. Es waren sehr
808 1961 1258 2087 sehrne Tage.
766 2090 2435 2250 Vor dem Wegfahren las ist sehr vil in Ima
771 2214 2549 2335 Sachen erzählendes u dramatisdes Ducher
808 2289 2484 2474 alles mit den gröpter kynigen. Ja, so
786 2445 2705 2569 get Leutnant just wjelle in Terelus Clsé
774 2525 2566 2668 Mögs ihn freilich noch; das ins inelalt
798 2639 2664 2756 der deutschen Litteratur wirklich ein gerne für
783 2729 2437 2895 seit, das sie geschaffen haben. Sehr großen
761 2802 2574 3009 Eindruck marke mis auf der "Einsame Bej",
761 2895 2415 3077 so wenige Figuren eigentlich, und ein so
766 3004 2700 3208 gußes Rückum erreicht. Den Roman lebe ich
4196 387 6135 550 auch wieder gelesen, so sie die es vorschleyen,
4211 501 6057 637 von Capitel V bis zum Ende. Als eil habe
4196 623 6045 744 die Scheitnem einmal voriger gem.
4196 730 6149 905 und til Erste es auch begründen. Die Einwunde
4189 851 6023 966 beginnen bei den Hauptfigen, die mir mehr
4218 939 5972 1092 sans consistent cescheint (ils auprès ici)
4211 1063 5979 1214 Simères will ganz übereinstimmet) -nles
4164 1182 6062 1275 der Hauptinerend gelt tiefes. Aber darüber
4162 1258 6110 1372 muoste man til ihm überlaupt, mündlich
4121 1333 6033 1515 hindelassen. - Vor ein paar Tagen, gegen Stund,
4198 1447 5930 1581 kam til geceent wolke isged in Buel-
4198 1559 5926 1664 senten; und griff wieder ergebenen
4174 1674 5977 1817 von Ihnen: weil den Dauerseelen, in
4189 1732 5984 1866 las dam alle 5 oder 6 gesilieten soit
4177 1897 6008 2034 der größten Bewendering. Dieses abgebende
4196 1973 6028 2148 Ton und Liebe bejaubende Leintigkeit
4196 2060 6132 2194 ohne Unheimbulleid dabei) gehört
4198 2187 6035 2338 wirklich ein Stonen. Vielleicht ist dies, alles
4211 2284 6030 2413 in allen, the meitestaflede But, aber mehr
4191 2364 6008 2505 soll keine Censuren auszeilen - Zil møchte
4189 2481 6040 2610 Sie so gerne bald wiederschen. B.R. sogt mis
4220 2535 5979 2688 Sie fahren Eine Anto. Kam til die nicht
4211 2668 6040 2810 Ablolen, für einen halben Tag; - vor oder neil
4247 2746 6057 2870 oder nie es Ihnen passs? Ich bronnte nich,
4230 2844 6003 2958 zu sagen, dass es mir die größte Feinde
4223 2953 6110 3063 maalen wurde. Reifen sie villeritd einmal
4211 3007 6164 3167 gevonden 9e und 106 Radoum N3en? Un Heigen Sr.
5726 3080 6069 3165 Febr.
