7063 3705
1160 702 2440 901 Es will nicht einmal aussprechen!
1171 937 2247 1131 Ich habe ein schleggende, nicht gute
1131 1098 2260 1253 Zir pieter mis, fier obus ils oit
1149 1253 2249 1443 und rauh, aber doch ist mir wohler.
1129 1474 2207 1603 7/7 blick vielleicht noch 6-8 Uhr
1092 1632 2236 1789 daß der Zufall u fügte, die käme
1134 1807 1548 1968 Hierauf.
1744 1809 2302 1964 (ten de 5 - 10)
1143 1966 2229 2150 April M ich siehe, wieder unter,
1083 2179 2223 2305 der 10-15 fort, eines Mutter nicht
1058 2314 2382 2449 zu mich freundlich ist, um 16 u an dieser
1118 2406 2345 2566 wieder in Radem. Killicht sich
1071 2537 2466 2696 ich mich dann auch besser mit meinem Archite¬
1078 2663 2338 2820 daß ich ihm dann erzählen kann.
1178 2763 2174 2953 2/ La t'écrire up Ciel.
1951 2860 2393 2996 Dr. Klp.
5734 458 5918 587 „ „
5707 1185 6088 1377 Rodeurs 16 IV
4683 1264 4846 1404 not,
5927 1317 6086 1463 914
4645 1311 5159 1488 eine liebes Urthies
4612 1426 5949 1665 auch nur ist M notmendige, des Compants in
4669 1561 5967 1705 alleen Menschlichen mit reifende Jahre immer
4656 1629 6126 1835 stöcken zu Augen uns in der Ach – und es ist
4645 1744 6011 1961 nicht anderer als und die bezeichnen: leist
4682 1844 5953 2039 Wehreit – was mich hatte diese Zeilen vom
4656 1968 6044 2163 demnennig schreiben lassen. Inzwischen
4665 2068 6027 2300 mich xxx ein Kinde und Obroesserreich,
