7121 3672
833 388 1887 609 1. „ „ 4 „ 9 „ —„ —: 4. —: —: -: 4,
2023 426 2437 574 1o 1 l' 1' 1" 1"
2338 586 2717 668 ʼœuvre.
797 558 2108 689 ̃  ̃
1997 682 2755 842 Mittrich. 6/11 8 12
939 941 1501 1124 einen libe. Urthies
903 1172 2799 1346 ich bin zurück, nicht nächstens wieder fort, und einsche
901 1343 2654 1482 mir recht sehr, die zu schon und daß es ermöglich reint.
941 1491 2487 1701 einmal gbeiz opès ander Muippe ein.
859 1680 2628 1894 Es ist nun wieder fast in selbes Jahr, dass man sich nicht
913 1889 2458 2023 geschen hat. Die nahen, mit des eigenen Jugend
899 2040 2621 2167 verlängften Menschen und die Natur – diese heute
901 2225 2437 2343 sind mir immer mit der Gegenstand und
875 2350 2616 2470 ein ganz gestellten Durstes, immer bleibt etwas
936 2512 2444 2701 zu minschen übrig – nach diesen Steuer doggeld.
929 2663 2712 2858 heft zum u. Olge daß wir freitag abend zu Eich
948 2809 2642 2992 kann. Es wäre mir ruht lieb. Seite um et gesche.
1814 2985 2155 3197 H. Pyr.
4738 332 5350 501 Aufgenommen von ihm ami-
4627 435 5154 621 381 13 8r.
4792 621 5300 718 Raturmien gleich.
4780 696 5437 828 Post in sommer entlichen.
4818 776 5338 908 Leiche. Vambagen
4790 870 6081 1007 Bau d III. hat Warnmann: Herrn 8 Acker Schnitzler
4792 932 5451 1077 tig und Miderstecher:
4797 1030 5284 1153 au lief guerre,
4778 1124 5394 1259 auf eigen Veranterstung
5463 1146 6107 1296 XVIII Kermarteström 71
4710 1244 6149 1412 A.T.K.C.A.S.
4284 1496 5112 1720 bilder, erachtete vier in Wort
4291 1670 5112 1828 for in you. Un fritag.
4258 1769 5119 1969 Gerade haben wir Plätze.
5439 1722 6053 1889 Aufgenommen von Aufgenomia
4354 1861 5190 2040 Sie Carolo seit ist im Musik
4352 1976 5197 2096 di mir so viel Kinde nebst,
5472 2016 5989 2157 Wie bitten nun einen
4324 2089 5077 2223 daß ich die Plätze wirklich
5467 2134 5702 2258 Aus
4331 2188 5168 2338 nicht aufgeben möchte. Also
6095 2242 6825 2411 Herrn 8 Arthers Schuitgln
5728 2247 5940 2414 Hege
4326 2284 5190 2480 dem auf Miedsfahre nach
4270 2407 5187 2555 Am 12te Decembr 1 mr
6366 2416 6526 2555 Wile
4352 2529 5131 2696 wohl die längste Preuss in
6081 2534 6770 2677 XVIII. Sterngartestrawe 7
5957 2654 6778 2783 Aufgenommen wähden wäli-
4380 2621 5145 2755 unseren bisherigen Verkehr.
4357 2717 5152 2894 Gewesen sein! Nielleicht
4352 2832 5251 2964 bei ich zur Brunnis in Berlin!
4338 2931 5105 3094 Alles führ Olge. Ihr Hyr
