7088 3704
1669 283 1901 457 Nur
1960 244 2453 507 Redam. F. II. 912
925 396 1285 568 ich Olge
968 544 2344 675 Gerech gestern Ahnd fand ich einen sehr netten
1022 640 2461 770 Brief von Minrick aus Titzung, also liegt
1028 744 2364 893 Ein Grund war, ihn zu erziehen. Ich schicke
974 832 2429 996 Zum demnächst Ariastes und der Himmeltand
939 952 2414 1093 meiner piquerlichen Arbeiten und neuest mich
885 1053 2477 1301 Ihr freien meine die leicht in den Sommer mitnehmen.
1905 1342 2285 1477 5vIII    Sume
962 1424 1519 1584 Meiner Sich Ärzte
992 1533 2261 1677 ich bin froh, aus Im Rastee zu sehen.
980 1624 2253 1786 daß es Euch gut geht. Uns gehts auch
992 1744 2158 1907 gut. Mir ist diese Landschaft die
1010 1869 2229 1998 schichte und Liebste, und dass sie mit
956 1976 2277 2115 de huis sind, die nebe kennt, tut
962 2097 2224 2206 uns auch nichts, man ist dennoch so
948 2158 2265 2279 viel allein und so nicht meilnimmt von
972 2253 2374 2396 ihnen als man will. Mit ist schon
948 2382 1578 2544 Gaudegg 21.11.1912
1008 2511 1584 2616 Dieschlosskehr leer,
1002 2592 1566 2691 mir haben gewichet.
1045 2665 1511 2760 und Geniessen im
1034 2722 1513 2829 letztes erstes
1691 2715 2410 2869 Terrie 9 Arthus Schuitjles
1034 2808 1574 2913 Stück dann. Ich ersucht:
1045 2871 1578 2986 uns die keine letzte Meil¬
1034 2942 1602 3065 als Münsch ausgesprochen
1032 3010 1596 3126 haben, eine licke Arthür¬
1038 3089 1602 3218 zu erzählen. der Steht
1988 3055 2184 3249 Wien
1028 3146 1550 3247 ist schon ich will mit
1034 3216 1548 3311 milkniß geben. Wir
1851 3158 2426 3334 XVIII Sternvaßertum
1026 3281 1552 3443 2.8.57 v. xxx Zn Weyr.
4516 226 5966 485 Man bist sich gar so hatten! Das Leben
4534 440 5982 624 ich h. Teig, auf einmal niederum todt.
3639 354 4332 620 Von tädtigen und kosten wäre, als ich
4532 562 6029 727 sein und es dann sehr bedauern. Rumt
4602 679 5887 838 In hin als Ernst Ästher doch auf
4534 782 6037 974 er, nässe Muhr für 1-1½ Tage nach Kisläs¬
4607 873 6045 1030 so würt ich Ich gern mich hinterlicht
4605 980 6015 1142 Zweiterfahren für eine Stunde zusammen sein.
4576 1065 6126 1259 Ertik also ermetnete Angesche Ville Louis Friedensum.
4588 1243 5861 1481 Jahre lag nicht so viel und uibertig
4702 1426 6126 1544 eingefallen, macht man auch nicht alles
4584 1493 6140 1677 Sie ist das Einfallen doch in großer Vergnüge
4578 1626 6102 1766 3. Unter andere leichtern las ich de Sternhagen.
4582 1727 6043 1879 mit ihr äusserst interessend. Kommt
4600 1828 6126 1972 doch in Septemb für vorbei, ich sag und
4605 1915 6138 2077 keinen Reichert: man wird auf einmal Todt
4613 2012 6067 2140 ein und dann wird einen sehr leid sein.
4594 2085 6148 2271 daß man sich nicht öftes gesehen hat. Schreibe
