7065 3705
985 423 2157 631 1 1 1/2 1/10 „ „ 9 „ 4 „ —„ 9, 4, 4 1 1 1, 5,
1744 1327 2276 1482 Auße 17. VIII
880 1366 1232 1505 Züp
1033 1425 1549 1599 mein lieber Arthur!
996 1528 2375 1691 In Buch E am an, u. dann auch nicht durch die sonsten
968 1620 2345 1786 Auch fischer, so ist ich ja doch in heiß am 9ten. Ich
981 1687 2287 1855 los es in einem Zig tisch, es ist ja ihr Hand
1002 1813 2299 1958 eines Meißers, die man rasch u. leicht vorwärts
1008 1916 2282 2044 führt, alles ist um einen sicheren Knecht, was die
991 2006 2278 2148 steht und was nicht da steht, die Verknüpfungen, die
1010 2108 2297 2251 Antilfefen u. die Ausging. Mir einen hieinnen
1000 2199 2316 2383 freundt über die Künstlerische hinaus noch nach
5147 470 6680 581 1 1 1 1/2 1/4 t. p.t. p..t. a. 4, p. t. aj. g., g. g. v. 4 0/0.
2894 426 3224 595 1e à 1e
4579 1241 5902 1423 einen Mehr sucht, so war mir hier altsam ein
4584 1366 5923 1515 alte Zug ein aus einem Jugendgaströt zum Theuer¬
4590 1476 5946 1599 nun aufs mir bemühstlos sich accentuissend:
4561 1559 5913 1700 du Spielernatur des Muschen, da die dorstellen. Es
4590 1656 5919 1781 Bielt eines Partis mit den Schicksal, Absordiers
4582 1702 5986 1899 frech, und verliert. — Ich mußte von dem selben
4565 1825 5996 1976 in diesen Monaten; tisch die Erfahrung der Beständungen
4573 1932 6007 2060 ist man ja mehr aus ein andergehalten, als lebts von in¬
4573 2029 6001 2171 verschieden Städte. Gegenseitige Achtung u. Zuneigung, und
4554 2073 6024 2241 nicht viele Erinnerungen halten uns aber zusammen. Dr. Sehr
