7100 3624
871 313 1452 552 1.8. „ „ 9. 8. 7. 9
1546 428 3328 568 1 1 1/2 0/0 1/0 4 ̃10 1 1 1 7 1 4 1 4 4 4 1 1 4 0
501 750 1468 876 Gmau und an den einzige Matz,
1707 820 2588 996 P.S.    N. 14 Tage hielt
526 860 1388 989 wo sie liegen Krünter, liegen sie
506 967 1528 1093 nicht mehr. — Es schien mir ein
1716 991 2632 1124 Sie Despies für die Elektre.
548 1075 1535 1202 feine, aber schwache Persönlichkeit
1725 1140 2586 1271 Referent ihr solche Dinge
506 1202 1075 1348 sich zu äußern.
1741 1284 2623 1413 ist lauter seiner. Nun ist
510 1324 1506 1517 betreffes Elitre, so hat ich fische
1690 1437 2614 1583 das ist anständige und nicht
506 1490 1510 1590 nicht ohne Mühe veranlaßt seien
481 1583 1526 1721 Verlagsrechte an Füssen abzutreten.
1716 1641 2570 1785 u kleevollende Mensch und
452 1701 1415 1860 hiefür bezahle ich an Fischer etc.
1741 1823 2541 1978 ich nun mahrsafte,
483 1836 1313 1962 Fälfte des von Füssen nur
466 1949 1390 2089 zu fließenden 25% V.J. von
1701 1998 2424 2158 froh nicht durch ein
457 2060 1492 2202 10000 (jünglerin hkomme ich
479 2151 1506 2328 12500a mark, fippe des gleich
1663 2195 2781 2368 unangenehme Satterey servistät
1652 2333 2586 2473 Wiederum auch gegen diese
625 2317 991 2532 Zu seyn.
1639 2470 2632 2608 figées in et gernsse defension
4843 388 5107 570 1/1
5502 435 5859 581 1:10:1
4710 743 5553 900 haltung gerathen zu müssen.
4721 905 5677 1042 Ich glaub, dass ein Gespräch
4710 1038 5564 1173 in 10 Minister mit Ihnen.
4674 1171 5686 1339 hinreichen nicht, ihn versteht.
4648 1364 5677 1492 zu machen worin die Qualität
4666 1517 5686 1688 des Rüks liegt, — glaub.
4661 1692 5604 1836 ich auch daß es ohne dieses
4643 1836 5666 2022 Gespräch nicht auf den neveau
4606 2018 5754 2171 ist, sich zu den Rück in ein Cozahst
4604 2169 5648 2315 Verstellend zu sehen, schmieder
4590 2288 5714 2470 in sein Ahnotzhöre. Sillichs
4590 2408 5528 2535 Fürst die des Gelegenheit.
