7071 3705
1308 407 2752 552 1 1 1/2 1/4 1 1 1, 1, 4, 4 1, 0, 1
1299 786 2131 965 3o6 Tät 907 Maitas
1030 800 1227 1015 Herr
1107 960 1584 1105 eine tübe letzte
1082 1089 2106 1243 so nicht und gemütlich ist endlich
1089 1225 1986 1367 ahnds. bei Euch war, so sehr
1096 1421 1898 1548 Minsch ich mir nach der
1100 1593 2057 1731 ungewohnten Zufälligkeit, daß
1213 1758 1383 1874 2 mai
1112 1767 2016 1918 Mit Funde bei ich trafen,
1112 1932 2041 2074 wieder die Freude, Sie allein
1105 2108 2039 2266 zu schon. Es gieb zielen,
1137 2289 2007 2456 in solchen neue besonders
1137 2459 2145 2603 Rüttee fühlt, welche Menschen
4431 386 5792 630 Männerin N.Y. 1/3. 4, 5, 4, 4 1/4, 4. 4. 3, 4 Uhr, 3. 5. 6. 6/4.3.
6418 454 6773 567 1e à 1e
6023 416 6278 576 III
5182 843 6194 994 nicht sein, dass man dafür schäte?
3909 850 4881 1015 auf die Melt man Ihr gern
3932 1030 4906 1187 hat, nur für mich ist dies
5182 1100 6156 1248 Ich sage mir manchmal, das
3903 1241 4646 1383 itzige Zeit eine solche
5159 1288 6138 1421 Womität der Anfangs diese
3952 1435 4962 1552 tilligt, da es viel verhalt,
5141 1444 5941 1593 strankung mein dieses
3970 1598 4951 1722 Ulyrafest ihr einmal, 1-2
5177 1636 6074 1735 nach zweit liegen und
3955 1765 4872 1889 Tage mœur, nicht
5157 1830 6031 1946 dess meine Verstörtheit über
3962 1921 4800 2036 der zur kommen dürfen?
5146 1993 6176 2152 Gesicht sliege es Herrn Raube.
3944 2129 4836 2266 Die Gedichte von Winterstens
5188 2199 6009 2332 menschleiche viel mehr als
4023 2244 4850 2387 gefallen mir sehr sind:
5177 2344 6020 2474 Künstlerische, aber nicht in
3993 2405 4992 2518 Was wurde ihre Wünschens¬
5218 2463 6178 2630 Berich des Judes gesblenes
