7121 3672
1026 334 1649 622 Hoproullel
1006 553 1471 705 Schloss Neubeuern a/Dnn
1353 602 1608 758 Oberbayern
2253 589 2477 740 3T13.
1173 769 1746 907 meines liebes Arthies
1030 883 2633 1076 Das Gesucht am 28. t. die sechs durch in Amselst.
1030 1037 2585 1201 Gespräch mit Thünig nicht gut eingeleitet to dass
1061 1157 2537 1366 ich nun ganz auskussens nicht die bitte an.
1004 1296 2752 1474 des stellen nichts, eine Begegnung mit den gleichen Mann
1004 1395 2471 1568 mir ja leich und mit directen gemein auf.
973 1504 2497 1680 meine Person und einem in die gerichtete Bitte in die
1015 1612 2737 1825 allernissen Zeit zu führen, nicht mehr ihre Verteifnung
991 1797 2603 1928 der Zufall zu überlaffen. Nun es liegt mir doch
980 1906 2715 2078 nicht viel an der Wehr und sie hat ungemessen sich
980 2084 2598 2253 mit der einzig möglich Termin vor Ostern ist.
980 2234 2585 2343 und gute 8-10 Tage vor Ostern unentstand, und
964 2317 2337 2532 Ostern fällt Uhr auf der 22 ten März.
955 2484 2570 2686 Geringt angehe Bedeuten war, die Kritik könne.
1012 2631 2776 2816 die Kircherische Auffießung gegen ihn ausspielen,
1006 2765 2668 2921 worauf sehr (zu ermalste: 1.) Schreibe gewandt
1019 2899 2655 3075 in den großen Bläteren ein anderer Referens als
4518 556 6009 731 An ehe A. geschrieben habe 2te sei, mit
4522 683 5998 872 gingen Ausnahmen, immer noch ein respectuell.
4494 793 6165 1023 Prädeposition für das Geigtheater vorhanden und 3°
4531 997 6027 1151 Könne die Verstellung gerüst dieses Stiks ihn
4540 1155 6073 1302 ganz ertrefflich worden (nun mehr von den
4498 1243 6024 1489 Engiger Meini abseß und unverd der Vergleich
4472 1471 5188 1623 nicht zu schimmen sollen.
4586 1605 5994 1821 Ich bin in diesem falls auch sicher, den Regisseur
4518 1786 5996 1950 sehr erfolgreich für das sich sein zu können. Die
4483 1924 5947 2064 mich liefert und noch dreißen, jede
4483 2047 6024 2198 Detail des demischen und Schauspielerischen mit
4522 2137 6224 2337 ungreiflicher Präcition innerlich aus Verfügung
4489 2319 6156 2502 p.   Ich rüst als Regisiner Thünig selbst
4507 2436 5537 2614 Als seine für Ertragung machen.
4531 2552 6152 2748 Ich wäre zum jährlich dankbar, Lehr Arthier. ich
4555 2710 6176 2897 bis etwa die 8te wieder in Rodaum, vielleicht
4465 2840 5627 3022 gleich ich da sie dort im Zinsen
5576 2945 5915 3103 zu seyn.
