6821 3705
1966 432 2120 552 14/1
258 838 1488 1002 ich der Schillschaftslößspiel fertig
1806 836 3066 1040 ein übrigetlichem Nebelervöllich.
274 992 1484 1156 seh, oder ich immer es immer, eerst in
1900 1014 2316 1140 au Morgen.
238 1090 1516 1274 Einzelne Freunde, so kann ich mich
1816 1184 2996 1374 nigwischen ist das Märche von d
274 1254 1578 1436 recht sehr, es Thun, sei P. Thein allein
1846 1370 3146 1510 Mei ihn Thatte zu Thun gewandert, und,
288 1414 1586 1582 oder nicht noch in paar Menschen, sie lese
1860 1516 3072 1654 hoffentlich, sie länger in ihren Sänder.
258 1574 1448 1736 vielleicht soll ich die Gesellschaft, die 8
1854 1726 3060 1888 Ich habe, in fest sieben Jahren, uns söglich
292 1714 1628 1912 dorstellt, die xxnäsische xxx Ortwortung
1900 1810 3236 2054 niel diese an diese Eleines besteit gemeindt.
264 1876 1394 2042 Schllschaft, die mit so viel
1852 1988 3066 2154 Koffentlich unter man ihr als nicht an.
276 2028 1376 2202 Kieh in ihren charme und ihrer
1816 2132 3048 2330 Wenn sis Thun u. Olga ein bücher
270 2158 1482 2350 Quilität dasstellen Einem als in An¬
1880 2284 3182 2466 Vergnüge genacht hat, so schreiben:
214 2312 1388 2516 Siporische Augenblick an sis, die
1888 2432 2964 2596 nur ein par zeile darüber.
238 2504 1448 2674 bis vor Endzen eines Gegebenheit, je
1858 2560 3150 2784 nicht treifell solche man ihm müsse
274 2644 1334 2836 ein Macht vor, sich ließ u.
1888 2716 3162 2958 et fachte. M ihr geas Münkchen mit
294 2756 1512 2964 sicherhaft ins Nichts auflöst, wie
4412 808 5614 1004 Aum und diese et man der Leben.
4456 984 4812 1140 Gelebt Mr.
4512 1128 5710 1322 Adieu, Arthur.  In Kreitengehen muht
4452 1292 5620 1470 ich si auf ein sehr Eiluges, zu neben
4494 1440 5704 1620 stecken erregendes Buch aufmerksam
4518 1580 5600 1726 machen, daß mir diese letzten etwas
4494 1662 5708 1848 unproductiener föhrstige sehr knich¬
4440 1816 5696 2028 für: Keyserlichs Risetsgebruch eines
4512 1964 4884 2140 philosophie.
4982 2072 5284 2276 K. sey.
4464 2236 5714 2422 P. W. S. Am richtig sehr in Abständes
4470 2368 5770 2500 Gesetz einen Händler der Straßenssorgen.
4506 2490 5798 2682 Briefenhsel schleife sei, jetzt das Raht sibt,
4554 2614 5752 2766 unsere to ganz mitehrlichen Briefe an
4524 2730 5816 2898 den Todten, ob wir wollen oder nicht,
4522 2846 5142 3060 zu geblicierte?
