7063 3705
1517 440 1670 599 II. II.
893 1231 2425 1521 Ierleite, ganz in flug. Competten-Schl-daftung
987 1374 2396 1584 dann zurück nach Meld-Eines, bei Wallke
987 1509 2257 1652 über die Donau, aus mödlichen Ufer mit, im
883 1595 2406 1772 Nacht in Dünsten: das alles, nächste Landschaft, wird
895 1681 2382 1856 mir immer ergreifenden, immer abgrundlicher mich
900 1777 2478 1942 ein eignes Verhältnis dazu, durch Blut und Nicht-blut,
897 1846 2414 2014 Verbundenheit und Schlechlichs, Nah. sein und fern sein.
944 1948 2279 2093 Mann das so fortgeht, so muß ja die Alter eine
961 2030 2388 2200 wesschafte gikende, leicht fiebernde Jugend sein. - Wir
957 2102 2406 2273 ernierten in diesen Tagen Schavedes kommt, nicht, sind auch
996 2190 2400 2327 leicht möglich, so sind mir in allernächsten Zeit
5497 836 6019 1049 Rodain, Samstag
5105 861 5272 1030 350
4594 873 4849 1102 Herr
5575 990 6017 1178 Juni 574
4696 1016 5252 1231 mais l'est l'exposé
4655 1178 5957 1392 ich hin, zu sind den Eure großen Reise
4671 1331 5916 1539 wohlbehalten zurück, und wie haben
4751 1474 6051 1644 de jusglicher Niesch Euch zu seßen.
4663 1689 5876 1856 Ich war indessen in Paris, hatte der
5025 1813 5209 1928 .P.
4682 1864 5896 2004 sehr trüh niederschlagen Tage (von
4669 1977 5894 2153 einen Preus, und in solchen Zeiten ist,
4704 1983 5039 2120 Mofenship
4675 2132 5853 2359 mit eine große Freude Stadt nicht
4675 2318 5900 2558 tief dann einem Stadt in Frankfurt.
4676 2461 6043 2719 tracht ihn nach Lausinn, in die mir ihn,
4680 2652 5994 2893 das schreibt auf wohl tät. — Wie
