6875 3706
1847 361 2314 563 Monsieur le précédation du 1er
1220 430 1469 629 "    "  "
807 394 1128 684 N.N.
2386 442 2566 631 1017
703 620 2205 802 es auf lange lebendig erhalten werden.
771 845 2564 1068 Über Christianes Vermélung freuer, wie uns sehr.
798 990 2511 1163 Sie hat ein besonders liebenswertes Wesen, einen
819 1106 2547 1320 sch schönen loyalen Charactes, viel Verwand, aber
821 1249 2388 1417 einen menschicken keinen trauenlassen, und
855 1412 2659 1552 Gerade die sübselen Waffen für den Lebenstampf,
833 1517 2578 1681 die aus der Frau, je mele Fère ne côt, unor
857 1676 2459 1828 milsames gegeben sind, sind ihr vermagt. Es
781 1771 2587 1970 war vielleicht je feinten das gerade der han¬
798 1973 2595 2058 des ihren Wert zu erkennen, bestimmt was, seil
831 2082 2618 2179 unter den Bissen diens seineration den Gefallenen.
833 2212 2445 2319 befunden hätte. Aber dieser gerade den ne¬
809 2331 2716 2488 men gefunden ist, ins aus vierjährigem Schützengeben.
845 2447 2547 2576 das ein munter und unverschr hervorgewiegen.
798 2573 2559 2754 Ich lernte ihn diesen Wieder in Heidelberg Eenver¬
819 2704 2507 2863 und ich muss sagen, es gefiel mir sehr.
828 2830 2573 2984 Alles was es sagte, und wie er es sogte,
862 2943 2618 3072 was mir gleich sympathisch. Dabei streifte
840 3086 2668 3205 mit mit einmal der Gedanke das die
4577 413 5184 555 1 1.1.„ 1 „ „ —„
5341 415 5735 586 1:11 1/1:
6248 423 6499 572 1,1,4,1
4185 579 5704 786 Zwischen ihm und Christiane bewehende.
4175 762 5920 874 muntere gespräitige Freundselbst je p
4175 871 5896 1044 etwas anderem Führen könnte, als eben ge¬
4213 980 4688 1139 Freundschaft.
4194 1130 5896 1253 Dass Sie, wie ich von Freunden öftes selvit lebe.
4199 1265 5956 1424 an Ihrem Schwiegersohn wisslich einer Freund¬
4228 1396 5866 1550 genommen haben, und eine Bereitung Mies¬
4204 1484 5702 1676 Lebens, nelme cil als in actes Omes.
4247 1683 5913 1833 Zt dücke Ihnen, herzleit die Hand, liebes
4254 1802 4816 1963 Gieter Aeltus
4902 1937 5384 2153 Mr Heyd.
