7071 3705
1028 412 1758 582 1 1 1/2 1/4 4 1/10 4: 1 4. 1 1 f.
1858 432 2630 580 1 1/2 1/4 a.t. 1 1/1 nr 1 J. 2/4 4 1.
1648 958 2778 1106 Dämmerteil ihre Gesellschaft ließen
278 1002 1268 1196 eigen Frauen sind doch Terod
1636 1092 2758 1286 wird die bich hoffentlich bald zu
274 1170 1326 1326 sehr unkes und vielleicht noch
1654 1240 2864 1414 eine griechische Hängerin entreikelt.
264 1288 1398 1470 unter als die Pairen etc Andere,
292 1488 1492 1656 mal meinen etc, die grübter roué,
1618 1502 2678 1692 Ich hab Sie sehr lieb, mein lieber
1642 1618 2670 1820 Arthie, und auch ihre Arbeiten
318 1660 1282 1814 emertiertes Anatol etc, die
1650 1784 2652 1998 habe ich sehr lieb, die gehört
322 1824 1498 1992 Julia fichteur, Waldemar von Sala –
1630 1904 2614 2118 ja dazu. – Nun diesen allen
312 2002 1242 2168 Mein der Sala bin ja ich!
1666 2078 2828 2270 hat mir aber die letzte: „Trüderlin
288 2222 1240 2400 Kurz ich freue mich sehr, dass
1674 2244 2578 2408 Medardus Fiergriff“ den
316 2380 1258 2522 für Heini des einfanes Weg
1674 2386 2872 2550 Alleschwächste (indruck gene acht,
310 2490 1426 2728 wie zu Ende ihr und mir kleine
1670 2492 2880 2680 sowohl die Gestalten als die Fahl,
4890 434 5884 584 1 1/4 1/10 „ „ 9 „ 5 „ 4 „ —„ 4„ —: —: -: 4
6070 448 6416 588 1,11 " 1 1
4490 1002 5596 1196 Kommt das willniss dieser, viel
4538 1150 5302 1316 ich hickt nicht kann.
4486 1306 5694 1468 3) Seh uns Spilogen gemacht, die glaub¬
4532 1442 5574 1598 ich sübsch ist. (Nicht so hirsch mit
4498 1554 5578 1716 des töpfers laſsion) Und ferner
4506 1656 5646 1854 bildt ich this in der letzten Tage xxx
4516 1822 5512 1992 sie daß ich mein (ausserst sehr
4516 1958 5500 2104 mänderte) Fleindecemärte in der
4510 2036 5580 2256 nächsten Mehr fertig kriegen worden.
4492 2172 5480 2384 2) meint mich zu diesem Zweck
4476 2312 5646 2494 etwas isolieren, vielleicht in Keinchen
4512 2434 5750 2600 als so. Auf ein gutes Miederschen cind
4492 2542 5728 2734 als sehr herzliche an Olge. Ihr Arthär
