7139 3704
1252 420 1512 600 1.¼.
1097 657 2405 893 Kämen, den 8 handelt sich zu nicht so:
1110 824 2493 972 ich nur die mehr ein der tririalen Abend, den
1090 943 2432 1069 Sei da mebrige werde, sondern uns
1099 1002 2416 1182 der Rechnung nach das Schmerz sei, und
1106 1112 2534 1293 es ist doch nur natürlich, wenn da das Speeisert
1078 1221 2464 1397 sehe ins Gericht fällt, mehr als gut andere, da
1085 1322 2407 1489 di je eigentlich um allen Aufschreibenden
1099 1403 2134 1577 Bührendichtern des einziges nicht nur bis be¬
2200 1403 2541 1505 Er tönden.
1913 1494 2419 1685 herzlich zu seyn.
1099 1532 1742 1688 mirklich gegülärt sind.
1045 1852 2459 2107 Aus Ihrem Brief entnehme kam
1038 1997 2491 2189 es wohl nicht sehr günstig sein
1036 2101 2547 2297 Vielleicht wäre es eher gesund dieser
1056 2213 2543 2403 sonst so begabten und interessanten
1031 2324 2507 2500 Mennchen die Wahrheit in sagen
1038 2405 2398 2565 So viel ist von meinem Schwager
1049 2500 2518 2667 rein mit dem er sehr befreundet.
1072 2581 2518 2757 ist, hat es sich noch nie literarmt.
1072 2669 2509 2861 betätigt.ille Grünse an Olga, Srie perty
4181 284 4341 415 49
5844 300 6189 503 Higo
4406 426 5638 616 Stadt Schintzler
4142 438 4314 591 1 1/11
6516 447 6870 566 1 1 1/1 1/2
5280 584 6417 751 Jos Runtunapuis
4670 808 6123 936 Ich muss durchaus bitten, mich zu entschuldigen, da
4425 939 6153 1022 ich keine Arbeit des Herrn Paul Kornfeld kenne und auch prin¬
4431 1042 6112 1128 cipiell solche Durcheinandermischungen des Sozialen mit dem
4438 1126 6207 1214 literarischen äusserst wenig liebe - würden sie mich betreffen
4438 1230 6248 1306 oder einen anderen Dichter. Was hat das Urteil des Prinzen Reuss
4438 1304 6051 1417 und der Gräfin Wydenbruck mit literarischem Wert zu tun?
4425 1403 6081 1496 Welche Autorität auf irgend jemand in der Welt soll in der
4420 1480 6189 1588 Übereinstimmung dieses Urteiles etwa mit dem meinigen oder dem
4431 1575 5174 1692 von Gustav Klimt liegen??
4425 1663 6189 1758 Will man sich durch Namen von Leuten decken lassen, dann wähle
4420 1755 6189 1841 man rechtzeitig einen solchen Comité, lege denen, die die Wahl
4420 1857 6132 1925 angenommen haben, die berreffenden Stückcke vor und lasse sie
4420 1938 6112 2026 die Verentwortung mittragen. Alles andere ist Confusion der
4413 2031 5257 2143 Begriffe und beinahe unsolid.
5214 2132 5553 2256 Ergebenst
4892 2358 5945 2543 Gartner L. Ullmann
4860 2522 5932 2723 begelyen seit ich hilding
5119 2674 6311 2825 sind nommellen bereits
5210 2793 6320 2992 für eine Kornfelde hoffe istung.
