7071 3705
850 428 3097 648 1 1/4 0/0 r.p.s.t.tme 5 1/2 0/2.,m.t 4 1/0.,7., rue 4/2, r. v. 4, 4, 0/4, rt 4, 5, 4/0, 4. 4/4 rt. 4.4, 5/4.4.. 4,4,4..
1048 934 2032 1084 vielleicht sei nichts normales
1023 1076 1403 1224 nach, vor
1152 1188 2133 1358 auf Riedssehen, mein lieberierte.
1420 1381 1694 1540 Zr Alter
1697 1495 1898 1752 zijv.
1034 1711 1887 1954 den Professor Seiten ist ich gedankt:
3740 414 4383 671 '̃' ̃: «:.
5143 405 6308 598 1 1/4 „ - „ „ 9 „ 4 „ —: 4: „
4452 917 5791 1149 307  15.12    Lofränstel   Aussée   Obristræms
4475 1110 4777 1249 19IX 909.
4556 1093 5344 1319 Mein guter Eich. Aussi
5025 1244 5297 1375 G.C.P.Huyé
4578 1311 5679 1534 ich freier mich im ganzen Regen
4564 1484 5682 1730 daß zu ein gericht Kind sehr.
4575 1694 5484 1920 ich kann mir deuten, daß
4592 1861 5724 2102 die P sich im Ritter gemünscht
4601 2032 5660 2331 sehr, und so ist zu nicht
4623 2222 5640 2510 an Hja, daß die St. Geen
4598 2493 5727 2806 sofort geschriebt hat. Ja so die
