6875 3706
1882 363 2257 605 1:1:4:1 1:
2382 442 2783 675 10/1 21
920 659 2073 817 Hans Mahler Breitensicin am Semmering.
1788 731 2089 827 10t Juli.
1020 852 2638 985 mein liebes dritten, selon seit id dos Beul gelesen
880 976 2478 1111 habe, wollte ich ihnen in paar Worte über den
948 1092 2578 1227 Roman Theux sagen. Aber das lefte Monat war
883 1218 2627 1395 bei mir sehr unruhig, durch die beiden Operspren¬
929 1348 2475 1472 und verschiedenes Andere. Amt was ich
887 1430 2634 1593 dazwischen eine Woche in Selyburg, um Reinhardt
906 1563 2471 1709 bei einem Film zu helfen, dies mir aus dem
894 1656 2590 1805 Grund, weil es im Toll des Gebrigens – ein Stück
929 1805 2608 1919 Geld einträgt ud til alles daran selgen möchte
922 1900 2517 2045 für Christiane ein kleines Haus in Heidelberg.
906 2014 2704 2166 zu Eaufen (nötigkeit in der bescheidenster Dimensionen)
922 2156 2611 2301 dem der Wohnverhältnisse dort sind unerträglich.
922 2291 2655 2487 Sie haben nicht auf mit genastet, um zu lösen das
929 2450 2604 2622 Sie es eines Epoele in der es sehr wenige heisser
945 2559 2564 2760 gebt; in heisser der Eychlung sind. In allen
945 2680 2569 2878 ihren kurzen und mittelgrassen bezählungen ist
936 2834 2666 2999 ein minderbar sicheres Meßjefüll virksam.
957 2932 2594 3125 und dadurch, deren ihre selben hefte, bleiben
950 3074 2620 3281 Sie auch so selve und lebendig in den Commenny.
4527 380 5878 568 4 1 1/4 rt. p. 1 7 1/2 a. 4 1/7. 4m. 4.t 4.7. n.t.t 1.m.
4231 629 5910 734 Dabie ist in ihnen alles mit sparsamen aber sehr
4266 717 5920 878 reinen Parben gemält, die Absterfungen des
4271 866 5985 994 Farbe mit dem sicheröm Insinut eingesetzt, xxx
4290 959 5896 1122 Gange in nie giellbunt, nie aber niempf
4278 1062 5976 1206 von den ungeheuren xx Vorzeigte aber
4257 1143 6132 1316 will ich gar mit sprechen. Die große Lebenserzählen
4278 1309 6118 1428 Theuse aber hat mit besonders gefenelt und beschäftigt.
4248 1395 5945 1565 Schon der Hoff gehört ganz uns Ihnen. Indem
4271 1476 6004 1670 Sie diesen Hoff willten: das Leben eines Wiener
4301 1616 6134 1742 Souvemante - war selvn eine ganze Wels hinspuellt.
4283 1728 5997 1870 und ein grosser Reichen von Aspecten, Freundungen,
4301 1833 5955 1965 Gefüllen ud gedankenhaßen Halsgefülle in
4259 1963 6015 2105 versichenden Lever gesicherd. Ganz besondus perp
4236 2061 6034 2233 aber tritt Mr. Erzug, einem Prof. den Rhykonus
4252 2196 6036 2357 zu geben, wodurch es Deitung wird hilz hervor.
4224 2336 5941 2499 Eben was dem stumpfen Leves von öton scheinen
4259 2448 6078 2631 könnte, dass mit sogusgen die Tigens des Erlebnisses
4269 2559 6125 2741 bis zur beabstiligten Ungählbackus wiederholt
4269 2664 5924 2827 des het Ihnen ermöglichst Ime rtykmüsile
4271 2783 5889 2953 kroft bis zum Tareberhaften zu entfalten.
4248 2897 5950 3095 Es sind diese Torjeige, die er künstwerk
4280 3048 5903 3221 über viele andere Scheisbes Ähnliche, bis
4278 3137 5980 3256 sein Unvergleichbesteit erleben, und die
