7078 3704
1918 414 2128 554 V.J.C.
1856 678 2360 910 Sonntag 2/1 09.
962 720 1124 888 König
1100 880 1642 1076 mein über Orthes
1454 1042 1692 1170 précédera
1038 1128 2122 1294 wie waren endlich N. eißig mit
1028 1282 2362 1426 mehr und minder energischen dramaturgischen
1056 1408 2290 1594 Stetschlägen, daß vielleicht nicht ganz
1068 1562 2214 1766 Rücklich x geworden ist, wie sehr
1070 1748 2100 1898 nebr unter den charme etc
1068 1920 2326 2126 eigentliche Zeugshandlung des Rückes
1112 2100 2148 2248 was. Es ist mir außerordnen Ruß
1112 2198 2214 2424 Moltat, einmal durch eingereicht
1286 2382 1588 2486 G.C.F.P
1130 2380 2358 2542 Risionen verwärts getracht zu werden.
6326 422 6848 572 1 1 1/2 1/4 „ 1 „ „ 4 „
5292 882 6530 1078 Peterahnd herauskommt. Die Handlung,
3834 982 4882 1150 und nicht, die man ist gewöhnt
5316 1030 6576 1224 den Trägern solens (mit Medardus)
3808 1162 4862 1328 ist, bloß durch Entwicklung etc
5322 1200 6374 1374 ist, ist Werk genug um die
3806 1356 4202 1484 Goschtes
5328 1382 6464 1564 Dachsteinung mit Verjängen am 1809
5312 1554 6462 1730 fast entbehren zu können. Es wäre
3818 1540 4944 1718 Als ich glaück, wenn diese Ritter
3882 1688 5088 1896 von bildhaften Momenten, das zugleich
5316 1700 6660 1908 zu moyen ob man nicht viel gemäen,
3872 1878 4902 2046 Hollungen des Seliksen sind,
5340 1894 6408 2100 mein man mit roher Hand.
3858 2036 5054 2230 richtig an einem Publicum soll.
5346 2054 6680 2244 die Eschenbacher-Trapide ganz vergstheilt.
3858 2208 5006 2388 genossen werden, so müssen Sie
5360 2228 6412 2436 Gewiss, sie gibt einiges schon
3854 2396 5098 2570 mit alles hörte sineinscheiden,
5354 2422 6538 2620 enttehrlich (conträssmässig) ; Ah
3912 2524 5090 2700 bis Jungfähr, ein Normeler
5340 2556 6604 2772 sie kopet unendlich mit Zeit, Morgen,
