7078 3704
215 382 1111 620 Nachmittags durch zur Besuch
346 563 1133 690 auszeichen nicht, bittet ehr
327 633 1175 789 ein meherige gütige telephonische
324 761 570 897 Ansage
311 846 1120 995 Mit wirt es große Frünst mehr
324 962 1041 1074 nicht einmal – da ich jetzt
316 1059 1184 1217 ausgesehen ist. Mein rechte —
1763 1107 2948 1252 daß es Ihm vielleicht recht
300 1160 1184 1307 mit den zweitegs spazernys
1752 1258 3194 1418 ist, eines Logs zu sehen und ses mit Juni
298 1256 1076 1456 stiefte ich die Montag ist.
320 1377 1164 1572 Montag dazu abholen? Um
1758 1388 3017 1556 Beide oder sonst jemand zu theilen;
268 1489 1215 1659 11 Uhr? ich war? jedenfalls
1710 1539 2970 1664 ten sonst müsste ich müssen, bei
336 1616 1118 1736 wünschicke, die zu sehen,
1710 1651 3187 1796 Horretzky die für mich vorgemachte
340 1705 1215 1830 doppelt in diesen etwas abnormalen.
1734 1780 3163 1907 Licht zu ändern. Fils ein ein Kind
342 1795 1225 1978 zigen. Bitte an ein Nov. zu Hyr.
1830 1877 2839 2008 Mar. herzlich z. Mgr.
4818 423 4992 570 1/4
5923 1032 6366 1180 durch: Sedlack
5360 1100 6544 1328 786 22/21 9 5 50- um Uhr... M.Mittag.
4229 1451 4612 1631 M ordnen
4321 1589 4893 1776 9/5 10 herzliche
