7063 3705
2724 438 3210 590 1.   ̃ 1.„ 1 „ „ —: —
2508 698 2756 960 2.° hier
1968 914 3118 1098 dieser eine Neust einteurand im
316 904 1600 1096 könnten wir uns sehre, letztee 2 Mis¬
1990 1052 3212 1238 Schickime Werk les eingereichtet.
294 1078 1620 1284 sind sicher noch die ganze Maß da
1944 1204 2942 1398 sässe - das wäre sehr schön.
1214 1248 1620 1416 Mes Fêtres
322 1282 1106 1448 bis zum 22t Febr.
1958 1334 3114 1592 Schreiben si eine Zeit, jede Tag
2300 1482 3008 1606 a son propre avec
306 1458 1660 1634 aber kein Möglichkeit des Überwärftens
1942 1566 2720 1750 wird uns recht leies.
294 1698 1476 1846 mehr in der Stadt. Mein J.
1344 1786 1530 1904 G.F.P
1914 1804 3200 1982 Noch eins, da k. je nun eigentlicher
366 1878 1480 2056 nis neulich die Kräme, zu meiner
1938 1954 3102 2106 heutbrgt sind. In d. (erigen)
298 2052 1654 2246 gemeifenen Nachmahl nach Fietzing
1948 2088 2998 2298 daher an ihrer Gieht ließ
340 2230 1654 2434 Cœur - cùd et ma lettre ici 7 oct
1942 2210 3288 2466 ich im Analyss machen; sie ergeb
390 2416 1582 2590 Le soir n'ont, rendepous
1954 2436 3048 2608 nichts Mathologische, nur:
382 2570 1550 2822 vor den Parthôtel, daß seilen
1954 2562 3096 2772 Traibenzucker, mir in Görnern,
4672 630 5826 958 geantitatis nicht neresamilbar.
4632 882 6046 1050 Mein hiesiger Landargt, der recht gescheidt
4654 992 5948 1198 mir etwas summarisch ist, sagt.
4632 1142 5866 1322 Nur kenne bei eilen härter vor, fals
4638 1274 5946 1482 gar nichts auf sich, bedeute Reichens,
4688 1344 6042 1596 nicht eine Anfang und eine Andrütung
4652 1496 5976 1752 dieser Brautheit.  M das rüstig?
4800 1776 5304 1966 Mrs. Seyer Sr
5274 1896 5494 2074 seyr.
4692 2060 6020 2242 Pf. Mein oben gemeldete Nidergeschlagen sind
4690 2178 5958 2342 hat nichts mit Sypponhandrien zu tun, die
4708 2260 5896 2458 mich durchaus nicht beschäftigen; obige Annlyse
4734 2398 5650 2536 Vous vué cest plus m Auju.
