7058 3704
1119 438 1907 645 1. 4. 5. 9. 9, 9. 4, 4.
1788 910 2892 1096 Die früßen etwa unmittag überis
593 975 1359 1137 und müßte erzeichnet
1868 1079 2844 1240 Geistel früher bis meiner
465 1129 1398 1283 getragen werden, und dass der
1841 1223 2947 1384 1 Enno 11/4 M.M. j. gienge
507 1254 1473 1384 Hünde mitgetragen werden
1876 1363 2934 1524 übere Meinen Sorg zu ver¬
484 1407 1578 1565 Bischen freilich - ganz im¬
1853 1500 2815 1642 und betreiben auf so viel
467 1526 1584 1709 Futruck zu auch in Süßenverhänger
488 1661 1569 1828 des eigens Lebens auf, mit
1836 1668 2751 1788 Ihm das Haus wieder
526 1761 1356 1922 einiger die andern.
1853 1782 2955 1955 Nun ich nun 20 Jahre wohin:
430 1899 1557 2060 Könnten die nicht sich entpflichten.
1862 1914 2776 2124 und um ihr ich – um St.
455 2064 1448 2185 in die Opromess doch einmal
1882 2116 2688 2283 niter erhalten zu lernen.
488 2204 1398 2323 für das Mitagessin und
1847 2258 2828 2400 jetzt einen garten Rangf
455 2294 1417 2461 &c. Messenhuysfried
1847 2415 2953 2559 kängte, weil je ihn ein
572 2444 1452 2650 noch Radau zu keinen
3921 409 5462 612 1 1 1 „ „ 4 „ 9 „ 5 „ 7 „ — „
2982 434 3293 561 V. P. M.
5533 428 5923 586 II
6000 472 6699 576 1 1 1/2 1/4 4 1 1 4 1 4 4 4 1 7 4 1
4838 1035 5856 1192 allgemein: Christät in
4863 1179 5904 1329 mimie auf halb einzelne
4840 1292 5868 1442 Indisstuen in irgend neue
4846 1398 5837 1565 Könnte erzeichts, wenn
4821 1530 5750 1724 am sich treffniss fauw.
4817 1707 5750 1885 Rauen Sie doch Nachricht
4840 1884 5378 2001 Trucke, etc.
4835 2010 5885 2160 Brun dit nicht geſs. so kennen
4844 2125 5921 2312 die duf fruty monnity,
4835 2266 5795 2388 1/2  zu uns in
4767 2365 5881 2500 die Stalberggasse. - Aber N 2/3
4792 2467 5879 2600 mungen – BH schicke Sie im
4835 2552 5725 2719 Blypen, ob T. Ermin
5432 2644 5796 2771 Z Lärz
