7088 3704
2163 414 2602 632 ̃ ̃̃ 1    =
2647 433 3385 573 1 1/2 1/4 „ „ 9 „ 4 „ —„ —: —: 4,
1057 838 2035 1135 nicht mittelbar ist. In der
1029 1093 2004 1238 Tiefen des Arbeit lignes sis und
1029 1168 2188 1375 auch in der Tiefen des Einfachmenden
1029 1311 2172 1498 Lehns, und sind zum bekannt
2135 1473 2239 1638 e ae
1040 1409 1984 1613 meinig – Es scheint mir
1043 1529 1979 1738 ich in manchen Momenten als das
2091 1702 2239 1912 M r F.
1121 1652 2046 1825 einzig Natürlich, jetzt zu Thun.
1048 1764 2099 1945 zu fahren und Tage bei Thun
1057 1915 2127 2079 zu sein. 2) thäte es augenblicklich;
1087 2032 2038 2186 rivier & auf den Lande, er ich
1079 2133 2169 2328 seitlich andauernd bei Thun über
1084 2247 2068 2420 Auch hält mich noch etwas zurück.
1096 2376 2169 2507 Nein Vater vor diesen ganzen schweren
1087 2465 2130 2616 könne in Wien, ist jetzt hin und und
1098 2563 2161 2706 feut sich auf instlimm aufheiternde
1124 2633 2161 2823 Reise nach Samburg u. Regensagen,
6238 433 6649 579 Monsieur Même, à l'aolle
4877 419 5338 618 1 1/2 1/10 1/4.
3759 408 4369 640 „ —„ „ —: —: if:a
5632 439 5816 601 1/4 1/4:
4528 707 4807 897 Hose
5733 827 5900 970 84
4673 827 5361 1043 mein lieber Arthier
4659 973 5752 1177 man die ja sind, so geben Sie
4651 1126 5713 1333 mir doch gleich in Zinsen
4670 1277 5744 1445 ich muss unbeträgt wieder nach
4707 1395 5847 1588 Kolie, einige Jedermann, mit
6118 1733 6398 1834 11....... auj Lng.
5909 1789 6445 1889 191....um....Uhr.M.Mitt.
5864 1828 6434 2018 TEIMETZER.
4598 1878 6448 2169 berbin fd 954 17 30/11 7, 38 8/10 191... um... Uhr.... Nr....
4226 2096 6468 2331 De herzlichst fuer so gute Liebe worte in etwas baenglichem
5576 2239 6124 2462 30/12 91
4835 2342 5487 2591 moment = hugo. +
