7063 3705
1923 432 2370 663 V. P. I. M.
1649 772 1820 903 351
1188 824 1406 1010 Herr
2067 838 2532 1045 Äffre 11 X
1146 1016 1604 1273 Erb. Arthur
1137 1243 2495 1459 ich bin für 2 - 3 Tage sein, dann wirk¬
1150 1404 2503 1602 Eliscliffproße.   Y nicht daß Sie schon
1198 1554 2461 1796 großen Eiträge für rots Kreis
1226 1788 2622 1976 gegeben haben, aber bitte geben so nun
1216 1946 2491 2166 noch etwas und da sogleich für die
1176 2134 2584 2334 Rettungsgesellschaft, die vorzüglichste
1238 2330 2616 2528 leitet und Dingen hilf braucht.
1218 2554 2503 2713 und lite geben Sie is durch sie
1166 2722 2758 2863 Neue freie Presse, das zieht nicht anders
4954 855 6199 1028 Lück mit, deshalb gab ich auf
4966 1026 6336 1218 dort, gab mir einen Elinsern beitrag.
4835 1210 6146 1317 (209) im mehrmals sind gebe zu
4966 1368 6245 1538 kann, das mir noch allseits mit
4984 1556 6199 1723 zu innig gegeben, es ist in Meer
4994 1677 5894 1839 vor Art und Schnzierpläten.
4948 1857 6316 2057 bitte si und Olga. dies unter Ein¬
4978 2073 6233 2233 Bekannte Unterzusagen. S ist im
4972 2222 6090 2372 der dringendsten Notwendigkeiten.
5544 2400 5916 2530 the payer
5952 2499 6189 2665 Tyr.
