3640 4136
1133 623 1654 762 GUSTI. Aber du!
1134 721 2510 841 JOSEFA. Dazu muß man nicht neunzig werden.
1138 783 2589 884 GUSTI. Wirklich, Josefa, wenn man dir so zuhört!
1070 862 2583 993 Da hat sie einen feschen Mann und einen Buben von
1069 948 1356 1048 achtzehn
1142 999 1894 1117 JOSEFA einfach. Siebzehn
1138 1027 2590 1166 KAPLAN kommt am Zaun vorüber von links. Guten Abend,
1080 1140 1524 1253 Frau Professor.
1155 1164 2589 1306 GUSTI. Oh, Seine Hochwürden. Und ich schau aus
1082 1279 2041 1366 Ziebt den Schal fester um ihre Schultern.
1149 1294 2602 1449 EDUARD erscheint auf dem Balkon der Mansarde. Küß die
1082 1422 2250 1513 Hand, Hochwürden, ich bin gleich fertig.
1155 1449 2606 1563 KAPLAN. Sie müssen sich nicht beeilen, Eduard.
1163 1556 2590 1663 JOSEFA. Sagen Hochwürden ihm doch nicht im-
1097 1629 1381 1733 mer „Sie“
1161 1661 2609 1768 KAPLAN. Mit unserm Spaziergang ist’s heut doch
1093 1757 2590 1872 nichts mehr. Aber morgen bin ich auch zu einem länge
1097 1836 1415 1921 ren bereit.
1161 1891 2111 1985 EDUARD. Auf den Katzenstein
1159 1940 2617 2041 KAPLAN. Auch noch weiter, wenn Sie, sich verbessernd
1116 2015 2617 2122 wenn du Lust hast — gegen das Gaisental zum Beispiel.
1161 2098 2496 2182 EDUARD. Wo jetzt diese Orchideenart blüht.
1174 2135 2624 2284 KAPLAN nicht. Die sonst nur in den Dolomiten
1117 2242 1430 2346 vorkommt.
1174 2291 2630 2408 EDUARD. Aber wunderbar. Um sechs Uhr in der
1117 2384 2051 2472 Früh', Hochwürden, nicht wahr?
1176 2408 2626 2523 KAPLAN. Ein bißchen später wird’s schon werden.
1178 2495 2638 2600 GUSTI altklag. Seine Hochwürden muß doch zuerst
1129 2581 1573 2694 die Mess’ lesen.
1181 2602 2634 2764 EDUARD. Wann’s Hochwürden gefällig ist. Ins Zim-
1127 2730 1415 2826 mer zurück.
1195 2762 2649 2878 JOSEFA rasib. Also der Herr Leutnant ist schon
1133 2844 2013 2954 wieder abgereist, Hochwürden?
1185 2908 2643 3010 KAPLAN. Leider. Und jetzt dauert’s wieder weiß
1138 2993 2188 3097 Gott wie lang, bis ich ihn wiederseh'.
1198 3050 2649 3164 JOSEFA. Wer ist denn der Ältere von Ihnen bei¬
1134 3119 2323 3251 den, Hochwürden, wenn man fragen darf.
1488 3262 1945 3358 Fischer-Ver ag, Berlin
1341 3309 2083 3448 Im Spiel der Sommerlüfte
2321 3320 2449 3452 23
1450 3401 2030 3501 1. Fahnenkorr. am 20. 8. 29
1343 3460 2109 3576 Bibliographisches Institut in Leipzig
