3576 4040
920 530 2010 642 KAPLAN. Ja, das muß ich bestätigen.
916 628 2373 736 GUSTI mit gespielter Devotion. Hochwürden haben auch
869 704 1777 789 die Gnade, so was zu bemerken —
929 753 2167 854 KATHI aus dem Haus, ein Glas Milch in der Hand.
929 831 2375 933 JOSEFA. Sie hätten’s doch wirklich auf einer Tassen
872 897 2377 994 bringen können! Hundertmal kann man ihr das sagen!
941 963 2377 1048 GUSTI. Aber wir sind doch auf dem Land, der
861 1037 2377 1111 Doktor wird sich’s schon denken, daß es in Wien viel
861 1111 2373 1185 feiner bei dir zugeht, Tant' Josefa. Zu Felix. Da serviert
867 1179 2369 1260 ein vierspänniger Bedienter und eine elektrische Glok¬
861 1243 1417 1334 ken haben Sie auch.
920 1296 2358 1433 JOSEFA. Du redest viel Unsinn, wenn der Tag
852 1383 1096 1474 lang ist.
929 1421 1794 1558 GUSTI trinkt und setzt wieder ab.
916 1514 1506 1595 FELIX. Austrinken!
922 1575 2368 1675 GUSTI. Ich kann aber nicht mehr. Da steht einer,
863 1654 2375 1756 der ist durstiger wie ich. Gefällig, junger Herr? Reicht
857 1734 1277 1811 Eduard das Glas.
914 1779 2379 1911 EDUARD bat sie die ganze Zeit fast ununterbrochen an-
855 1864 1408 1968 gestarrt, leert das Glas.
908 1908 1898 2040 FELIX steht mit gerunzelter Stirne da.
922 2000 1686 2091 GUSTI. Hat’s geschmeckt?
914 2067 1556 2159 EDUARD. Grobartig!
914 2135 2369 2239 VINCENZ auf die Uhr sebend. Jetzt ist aber wirklich
846 2192 2173 2297 höchste Eisenbahn. Kommen Sie mit, Doktor?
908 2258 2369 2383 FELIX auf die Uhr sebend. Donnerwetter, wenn man
852 2352 1949 2426 noch zu Fuß hinunter will zur Station -
920 2396 2377 2494 GUSTI. Aber das will man doch gar nicht. Das will
852 2485 2364 2562 nur der Meister, ah pardon, der Herr Professor, also
855 2545 2373 2627 kurz und gut der Onkel, wegen dem Dickwerden. Sie
857 2615 2364 2710 werden mit dem Omnibus fahren wie gewöhnlich,
855 2682 2358 2799 Doktor. Und bis dahin schenken Sie mir noch das Ver-
855 2755 1586 2854 gnügen Ihrer Gesellschaft.
910 2790 2375 2926 VINCENZ. Also auf Wiedersehen bei der Bahn,
855 2875 2197 2996 Herr Doktor. Kommst ein Stückel mit, Josefa?
916 2952 2371 3081 JOSEFA. Ich habe sowieso im Markt drin zu tun.
861 3028 1525 3160 Über die Veranda ins Haus.
1147 3193 1605 3304 Fischer-Ver ag, Berlin
1012 3257 1754 3391 Im Spiel der Sommerlüfte
1117 3335 1684 3442 1. Fahnenkorr. am 19. 8, 29
1007 3378 1788 3541 Bibliographisches Institut in Leipzig
