3560 4056
841 411 1804 570 FELIX auf der Veranda stebenbleibend.
852 457 2251 617 EDUARD absichtslos, aber betont. „Romeo und Julie.“
843 531 2301 692 FELIX. Ah! Zitiert. „Es ist die Nachtigall und nicht
789 675 1137 770 die Lerche -
849 657 2211 824 EDUARD barmlos. So weit sind wir noch nicht.
858 787 1487 898 FELIX durchs Haus ab.
858 820 2313 973 EDUARD allein, verläßt den Garten, siebt nach links, ge-
799 893 2324 1059 spannt, offenbar um den Absebied zwischen Felix und Gusti zu
791 963 2330 1105 beobachten. Man bört den Wagen rollen. Eduard zurück in den Garten,
801 1072 1405 1185 setzt sich auf den Tisch.
868 1059 2349 1244 KATHI kommt ans dem Haus, nimmt das Glas, aus dem
816 1151 2330 1323 früber Gusti und Eduard getrunken haben, stellt es auf die Untertasse,
828 1256 1972 1386 die sie mitgebracht bat, strablt Eduard wieder an.
883 1305 2135 1460 EDUARD ungerübrt, zündet sich eine Zigrette an.
900 1344 2341 1510 KATHI ab, trifft auf der Veranda mit Gusti zusammen,
837 1443 1852 1594 siebt ihr eine Weile nach und verschwindet.
1313 1540 1892 1703 GUSTI, EDUARD.
912 1625 2376 1779 GUSTI, ein zerlesenes Universalbüchel in der Hand. Ich
856 1709 2368 1852 werd’s der Tant’ sagen, daß du schon wieder rauchst.
917 1818 1573 1927 EDUARD. Ich darf ja.
917 1841 2370 1995 GUSTI. Aber nicht vor dem Essen. Und als Romeo
854 1902 2376 2060 kannst du überhaupt nicht mit der Zigaretten dasitzen.
856 2005 2229 2133 Nimmt ibm die Zigarette aus dem Mund und wirft sie fort.
929 2011 2378 2200 EDUARD. Ich weiß schon, dein Romeo raucht
942 2173 2391 2332 GUSTI. Red' keinen Unsinn. Da. Gibt ibm das Uni¬
875 2179 1347 2271 Virginiazigarren.
875 2282 1907 2404 versalbuch. Dritter Akt, fünfte Szene.
948 2330 2305 2467 EDUARD blätternd. Dritter Akt, fünfte Szene.
898 2406 2164 2555 Wird das deine erste Rolle sein in Innsbruck?
961 2479 2078 2601 GUSTI. Wer red' denn von Innsbruck?
958 2523 2423 2670 EDUARD. Ich weiß ja. Ich hab' doch gehört, wie
912 2605 2100 2733 du mit der Mutter davon gesprochen hast.
990 2645 2431 2825 GUSTI. Das ist noch gar nicht entschieden mit
984 2810 2441 2970 EDUARD. Und was sagt denn dein Doktor dazu,
921 2800 1229 2899 Innsbruck.
931 2911 1772 3037 daß du nach Innsbruck gehst?
994 2903 2450 3150 GUSTI. Was geht denn dich der Doktor an? Schau
1288 3117 1732 3232 Fischer-Verlag, Berlin
1141 3198 1877 3331 Im Spiel der Sommerlüfte
2110 3188 2250 3329 12
1183 3282 1846 3373 1. Fahnenkorrektur am 19. 8. 29
1172 3331 1865 3448 Bibliographisches Institut, Leipzig
