3528 4040
876 536 2331 663 JOSEFA nach einer Pause, leise. Ein Duell also...!
866 612 2331 712 KAPLAN nickt. Nicht sein erstes. Von zwei anderen
819 686 2328 785 vor drei und vor vier Jahren hat er mir erst später er¬
815 752 2337 847 zählt, wie schon alles glücklich vorbei war. Die waren
813 809 2337 914 nicht ernst, sozusagen Spielereien, wenn auch freilich
821 893 2333 994 lästerliche Spielereien, wie sie in diesem Beruf offenbar
819 952 2284 1054 nicht zu vermeiden sind. Aber diesmal — diesmal!
828 1020 2073 1134 Das ist ein Abschiedsbrief. Eine Tür schlägt zu.
893 1075 2343 1201 JOSEFA erschrickt unwillkürlich, stebt auf, dann ins Zimmer
825 1161 2090 1273 rufend. Ist der Eduard nach Haus gekommen?
885 1203 2345 1334 KATHI drin. Nein, gnä' Frau. Der Wind hat die
834 1288 2346 1396 Haustür draußen zugeschlagen. Das Fräulein Gusti ist
840 1379 1566 1465 auch noch nicht zu Haus.
899 1438 2350 1543 JOSEFA. Sie wird sich in der Post untergestellt
830 1526 1039 1611 haben.
902 1548 2358 1668 KATHI. Die Post ist schon lang zu, gnä' Frau. Ab.
906 1630 2354 1752 JOSEFA zuerst in Gedanken, dann: Es wird sicher gut
842 1702 2193 1826 ausgehen, Hochwürden, ich hab' es im Gefühl.
908 1776 2345 1870 KAPLAN mit bilfloser Gebärde. Und nicht das Ge-
842 1824 2350 1948 ringste war ihm anzumerken. Über alles Mögliche
840 1919 2362 2022 haben wir gesprochen, über seine Transferierungs¬
847 1982 2364 2109 angelegenheit vor allem. Ich hab’ ihn überhaupt noch
842 2042 2360 2147 nie so gut aufgelegt gesehen. Wie sich ein Mensch nur
851 2138 1370 2232 so verstellen kann.
918 2162 2345 2305 JOSEFA. Das braucht doch keine Verstellung ge¬
857 2259 2362 2356 wesen zu sein. Er wird’s eben auch im Gefühl haben,
855 2331 1638 2430 daß nichts geschehen wird.
914 2390 2373 2498 KAPLAN auf den Brief weisend, den er noch in der Hand bält.
859 2453 2373 2571 Auf Tod und Leben geht’s. Sonst schreibt man keinen
857 2546 1434 2628 solchen Brief. Pause,
914 2586 2375 2709 JOSEFA teilnabmsvoll, aber neugierig. Und Hochwürden
861 2652 2318 2776 haben keine Vermutung — mit wem und warum?
929 2744 2379 2827 KAPLAN. Von — gewissen Dingen hat er nie zu
864 2799 2130 2911 mir gesprochen, höchstens in Andeutungen.
920 2858 2375 2981 JOSEFA vorsichtig. Wahrscheinlich — eine Liebes¬
870 2958 1206 3061 geschichte?
929 2983 2388 3124 KAPLAN. Was man so Liebesgeschichten nennt.
866 3108 1036 3188 Pause.
1260 3215 1710 3340 Fischer-Verlag, Berlin
1112 3260 1852 3410 Im Spiel der Sommerlüfte
2073 3274 2208 3416 38
1222 3372 1790 3466 1. Fahnenkorr. am 21. 8. 29
1142 3437 1816 3544 Bibliographi.hes Institut, Leipzig
