3608 4072
893 500 2287 636 FELIX. Und nichts hat man voneinander gehabt.
899 605 2344 701 GUSTI. Nichts —? Etwas frivol. Du bist undankbar.
899 687 2344 798 FELIX zärtlich. Und acht Tage soll man nun wieder
840 752 1607 849 von der Erinnerung zehren.
901 775 2353 941 GUSTI. So bleib doch da. Es wird auch ohne dich
828 886 1955 1006 gehen im Spital ein oder zwei Tag’-lang.
878 930 2334 1048 FELIX. Unmöglich, besonders jetzt, wo mein Kol¬
840 1035 2348 1109 lege auf Urlaub ist. — Wie lang bleibst du denn eigent¬
836 1098 1414 1195 lich noch heraußen?
912 1132 2361 1275 GUSTI etwas unsicher Ich glaub', zwei bis drei Wochen
846 1227 1743 1338 werden wir noch alle dableiben.
899 1256 2352 1388 FELIX zögernd. Und du könntest dich nicht ent¬
840 1355 2338 1487 schließen, Gusti, etwas früher in die Stadt zu über-
846 1447 1161 1542 siedeln —?
914 1491 1653 1601 GUSTI unsicher. Weißt du
905 1540 2365 1668 FELIX rasch. Nein, nein, antwort' mir lieber nicht.
842 1628 2363 1731 Du darfst gar nicht früher hineinfahren, unter keiner
846 1712 2371 1798 Bedingung. Du sollst heraußen bleiben, solang du
849 1788 2361 1878 kannst. Um jeden Tag wär schad., Es ist ganz richtig,
849 1838 2369 1934 was der Meister Friedlein früher gesagt hat: daB du
849 1924 2376 2000 förmlich aufblühst hier am Land. Es wäre ein rechter
849 1997 2373 2073 Egoismus von mir, wenn ich von dir verlangte — wenn
853 2039 2371 2161 ich ein solches Opfer — In etwas bitterem Tone. Bleib nur
857 2130 1432 2212 da und blüh weiter!
924 2163 2352 2279 GUSTI gekränkt. Du bist nicht lieb zu mir, Felix.
920 2245 2376 2352 FELIX. Du hast wahrscheinlich recht — ich bin
851 2323 2384 2418 nicht lieb. Ich sollte dich überhaupt nicht mit meiner
863 2405 2380 2481 Gegenwart inkommodieren. Am gescheitesten wär’s,
857 2458 2390 2586 ich käm gar nicht mehr heraus. Hat ja auch keinen Sinn.
861 2533 1863 2644 Im Grunde ist es nur eine Quälerei.
928 2613 1281 2695 GUSTI. Na
930 2611 2373 2751 FELIX. In einem muffigen Wirtshauszimmer lie¬
876 2745 2386 2840 gen, zweihundert Schritt weit von dir, und nicht zu
876 2823 1187 2905 dir können
941 2831 2397 2972 GUSTI. Glaubst du, ich hab' mich nicht nach dir
876 2955 1506 3052 gesehnt in der Nacht?
941 3001 2010 3113 FELIX. Aber sicher famos geschlafen.
947 3033 2399 3195 GUSTI. Ja, schlafen tu ich immer gut. Denk nur:
1195 3212 1657 3327 Fischer-Verlag, Berlin
1067 3287 1806 3407 Im Spiel der Sommerlüfte
2023 3293 2121 3447 8
1166 3369 1722 3464 1. Fahnenkorr. am 19. 8. 29
1054 3422 1808 3545 Bibliographisches Institut in Leipzig
