3528 4040
795 508 2214 629 Bette saß, war in seinen Augen ein neuer, wie nim
795 610 2289 701 lischer Glanz. Sein Händedruck zum Abschied vor herz¬
786 701 2287 776 licher, bittender als sonst Ich höre seine Worte noch
805 752 2250 859 „Kommen Sie heute aben wieder.“ Er ware meine
1624 822 1853 907 Gewiß.
857 825 1587 925 JOSEFA. Eines Freundes
1622 869 2304 986 ch Priester bin, daß ich
852 895 1551 990 KAPLAN. Er weiß, da
810 965 2302 1044 von einemmal zum andern dlingender und hoffnungs-
795 1027 2310 1112 voller als Priester zu ihm sprach. Von allem, was sich
801 1105 2302 1186 in den letzten Stunden mit mir uns in mir begab, ist
801 1175 2293 1260 ihm nichts bekannt. Als Prie ter wird e mich empfan¬
1638 1226 2299 1330 wann es mir gelänge, das
791 1235 1607 1318 gen, der ich für ihn bin. Und
1696 1294 2257 1405 , das ich begonnen
801 1299 1617 1401 heilige Werk zu Ende zu fühl.
1706 1366 2308 1458 auf e mir vielleicht ein
795 1367 1624 1454 wenn es mir gelänge — dann.
1668 1430 2274 1549 lische Gnade noch nicht
801 1434 1624 1560 Zeichen sein, daß mir die ge
805 1507 1305 1602 völlig verloren ist.
869 1539 2004 1668 JOSEFA. Gehen Sie hin, Hchwürden.
1753 1622 2327 1751 Frau Josefa. Er gebt
857 1641 1643 1760 KAPLAN. Leben Sie wo
799 1724 1029 1819 rasch ab.
1783 1764 2317 1877 den Garten, das Wetter
876 1757 1694 1883 JOSEFFA bleibt allein zurück tri
1777 1836 2316 1957 zur Mansarde auf, dann
795 1845 1713 1955 hat sich berubigt, sie gimet tiefe blick
801 1919 1464 2027 über die Veranda ins Haus.
1826 2025 1998 2142 ng fällt
1129 2040 1753 2151 Die Bübne ist heer, der Vo
1194 3205 1639 3337 Fischer-Ver ag, Berlin
1073 3298 1775 3434 Im Spiel der Sommerlüfte
1129 3394 1724 3466 1. Fahnenkorr. am 21. 8. 29
1078 3447 1753 3555 Mibliographisches Institut in Leip
