3304 4024
611 525 2625 692 schaft als Priester zu ihm gasprochen. Von
623 671 2759 847 allem, was im Lauf dieser letzten Stunden sich
638 877 2935 1014 in mir begab, ist ihm nichts bekannt. Als Priester
623 1023 2762 1187 wird er mich empfangen - der ich für ihn bin,
635 1220 1879 1381 Josefa:/(leise) Vielleicht.
632 1336 2914 1482 Kaplan: (immer hoffnungsvoller) Gewiss. Und wenn
650 1530 2833 1670 es mir vergönnt wäre, heute das heilige Werk zu
653 1703 1930 1825 vollenden,das ich begonnen
650 1849 1775 2001 Josefa:-(fragender Blick)
647 1960 2857 2141 Kaplan: Wenn es mir gelänge ihn zu Gott zu füh-
647 2141 2845 2294 ren, dann - wird es mir vielleicht ein Zeichen
653 2291 2893 2458 sein dürfen, dass mir die himmlische Gnade
662 2472 2132 2663 noch nicht völlig verloren ist,
662 2640 2240 2783 Josefa: Gehen Sie hin,Hochwürden,
662 2783 2750 2962 Kaplan: Leben Sie wohl, Frau Josefa. (er geht
662 2950 1115 3096 rasch ab)
677 3024 2908 3221 Josefa (bleibt allein zurück, tritt in den Gar¬
686 3155 3081 3299 ten hinaus. Das Wetter hat sich beruhigt,sie atnet
686 3257 3030 3382 tief, blickt zur Mansarde auf, dann über die Veran-
683 3352 1312 3501 da ine Haus).
1071 3478 2929 3633 (Sie Bühne ist leer, der Vorhang fällt),
1873 3639 2189 3785 * * *
