3592 4136
1321 457 2062 638 ZWEITER AUFZUG
1198 623 2215 789 Gleiche Dekoration. Nachmittag gegen fünf.
1120 742 2309 893 GUSTI schläft in der Hängematte, kaum sichtbar.
1139 841 2288 1001 Am Gartentisch EDUARD, schreibt Aufgaben.
954 919 2492 1137 Aus dem Haus über die Veranda KATHI mit Kaffeetuch usw.
1407 1042 2057 1154 tritt binter Eduard, zögert.
1038 1133 2315 1326 EDUARD Was wollen S’ denn schon wieder?
1049 1237 2506 1380 KATHI. Ich möcht' halt gern aufdecken zur Jausen.
1049 1290 2519 1451 EDUARD unwillig, macht Anstalten sich zu entfernen mit
990 1428 1493 1531 Büchern und Heften.
1063 1432 2511 1577 KATHI. Der Herr Eduard ist alleweil so fleißig.
1074 1508 2529 1663 JOSEFA aus dem Haus mit Handarbeit, zu Katbi. Decken
1013 1554 2536 1726 S' lieber drin in der Veranda auf, es kommt ein Wetter.
1076 1632 2527 1810 KATHI. Vor der Nacht kommt keins, gnä' Frau.
1007 1758 1561 1875 Deckt in der Veranda.
1086 1798 1756 1921 EDUARD arbeitet weiter.
1089 1839 2250 2009 JOSEFA setzt sich in den Schaukelstubl, stickt.
1093 1873 2548 2064 EDUARD schreibend. Schad’, Mutter, daß heut
1034 1993 2227 2131 nichts wird aus der botanischen Exkursion.
1101 2037 2565 2219 JOSEFA. Ich ging keineswegs mit. Auf den Himmel deu¬
1042 2102 2563 2280 tend. Das Wetter ist auch zu unsicher. Ich werde viel¬
1047 2179 2571 2343 leicht auf die Bahn gehen, den Vater abholen. Kannst
1114 2316 2578 2466 EDUARD. Der Weg durch den Markt ist mir zu
1053 2324 1420 2418 mitkommen.
1057 2378 2571 2540 fad, Mutter. Ich geh lieber zur Fallenböckhütte. Viel¬
1061 2429 2580 2620 leicht, daß wenigstens die Gusti mitkommt. Du, Gusti!
1126 2553 2003 2695 JOSEFA. Pst, sie schlaft noch.
1128 2582 2588 2750 EDUARD. Na ja — wenn man schon um fünf Uhr
1078 2670 2595 2819 früh parat sein muß zur Morgenpromenade. Klappt ein
1076 2714 2603 2896 Heft zu, nimmt ein anderes. Sag’, Mutter — nach kleiner
1082 2789 2597 2959 Pause was ist er denn eigentlich zur Gusti, der Doktor?
1160 2903 2615 3098 JOSEFA. Aber was fallt dir denn ein? Ein guter
1088 2934 1433 3033 Bräutigam?
1097 3073 1411 3203 Bekannter.
1443 3196 1967 3324 Fischer-Verlag, Berlin
1349 3230 2087 3413 Im Spiel der Sommerlüfte
1437 3335 2020 3467 1. Fahnenkorr. am 20. S. 29
1386 3398 2055 3549 Bibliographisches Institut, Leipsig
