3528 4008
905 485 2057 635 JOSEFA. Mit einer verheirateten Frau.
890 580 2291 705 KAPLAN ablebnend. Ich weiß nicht. Es wird wohl
835 667 2076 768 Plötzlieb. Also, auf Wiedersehen, Frau Josefa.
894 703 2344 844 JOSEFA nicht zu absichtlich. Es ist jetzt doch zu arg,
850 814 1192 907 das Wetter.
905 846 2354 964 KAPLAN. Um einen Uhr zwanzig geht ein Zug.
907 916 2354 1044 JOSEFA. Was wollen Hochwürden denn in der
852 992 2361 1118 Stadt drin machen? Verhindern läßt sich ja jetzt doch
852 1080 1224 1171 nichts mehr.
903 1112 2371 1238 KAPLAN. Das ist allerdings richtig. Und ich weiß
865 1198 2371 1318 ja nicht einmal, wo er in Wien abgestiegen ist. Und
856 1276 2314 1375 doch — mir ist, als könnte ich durch meine Nähe
856 1357 2380 1460 ich weiß ja, es ist ein Unsinn — nichts kann man
856 1416 2380 1506 machen — drin in der Stadt ebensowenig wie da. Es
859 1481 2384 1582 heißt eben warten. Warten. Und beten. Gebete können
865 1542 2378 1669 Wunder wirken. Haben schon oft Wunder gewirkt, Frau
873 1593 2380 1734 Josefa. — Nur, leider, Geschehenes ungeschehen
861 1686 1795 1795 machen, das vermag kein Gebet.
928 1728 2375 1856 JOSEFA. Aber es kann doch noch nichts ge-
867 1835 1629 1926 schehen sein, Hochwürden.
924 1859 2390 1977 KAPLAN. Nicht so hab' ich es gemeint. Ich meine,
871 1941 2390 2057 daß Gebet eine Schuld nicht aus der Welt tilgen kann.
924 2013 2390 2122 JOSEFA. Wer weiß, ob die Schuld gar so groß war.
867 2099 2396 2217 Ein junger Mensch — es gi### allerhand Versuchungen.
918 2148 2396 2264 KAPLAN nicht predigend. Aber es ist unsere Pflicht,
876 2234 2390 2327 anzukämpfen gegen — das, was Sie Versuchung nennen.
945 2283 2392 2403 JOSEFA. Es sind nicht alle Menschen gleich.
882 2358 2396 2502 Mancher ist wohl nicht geschaffen für einen solchen
884 2455 1110 2565 Kampf.
939 2472 2401 2620 KAPLAN. Auch Schwäche ist Schuld, Schwäthe
892 2588 1335 2704 ganz besonders.
945 2609 2390 2747 JOSEFA. Aber wer hat höheren Anspruch auf gött-
897 2694 2413 2808 liche Milde, tn-uem-kann-oder-könnte-eich-die-himm-
918 2770 2397 2896 ische Gnade besser erweisett als aff eine der schuldig
909 2861 1993 2962 geworden ist? Was wäre Gnade sonst?
947 2905 2413 3071 KAPLAN. Sie sind gut, Frau Josefa. Ich danke
897 2996 1097 3122 Ihnen.
1302 3156 1759 3251 Fischer-Ver ag, Berlin
1175 3179 1909 3329 Im Spiel der Sommerlüfte
1249 3283 1842 3386 1. Fahnenkorr. am 21. 8. 29.
1152 3344 1922 3498 Bibliographisches Institut in Leipzig
2726 789 3019 956 acht
2726 1979 2937 2217 Et
