3496 4056
806 573 2331 695 und Vincenz. Er ist ja doch noch ein Bub — ich darf
818 676 2331 812 doch? Sie küßt ibn. Also denk manchmal an mich,
823 756 1226 860 junger Mann!
869 777 2336 910 VINCENZ. Adieu, Hochwürden. Zu Eduard. Und du
818 881 1902 977 sei brav, erweise dich der Ehre würdig.
873 952 2174 1051 JOSEFA. Grüß' dich Gott, Eduard. Küßt ihn.
875 1019 2323 1109 VINCENZ. Um acht spätestens sind wir wieder da.
890 1095 2062 1182 JOSEFA zum Kaplan. Adieu, Hochwürden.
879 1160 2045 1239 KAPLAN. Auf Wiedersehen, Frau Josefa.
875 1226 2321 1344 KATHI kommt. Das Gepäck ist schon alles im Om¬
816 1302 1147 1415 nibus drin.
1097 1358 2099 1482 JOSEFA, VINCENZ, GUSTI ab.
818 1452 2348 1555 EDUARD und der KAPLAN zum Gartenzaun, winken
906 1542 2254 1630 nach links rückwärts, wo der Omnibus offenbar davonfährt.
806 1616 2348 1737 Fußwanderer sind rechts rückwärts zu seben, reden, singen, ver-
1377 1693 1787 1806 schwinden wieder.
887 1741 1565 1881 KAPLAN stebt regungslos.
885 1815 2342 1944 EDUARD nach einer Weile. Hochwürden, ich bin
825 1907 1025 2015 bereit.
890 1957 1628 2070 KAPLAN. Also vorwärts!
890 2022 1756 2122 EDUARD. Zu den Orchideen.
887 2089 2329 2231 KAPLAN. Wo hast du denn deine Botanisier-
831 2177 1061 2262 büchse?
885 2225 2344 2346 EDUARD. Richtig! Die die... hab’ ich gestern
825 2308 2036 2424 abend liegen lassen in der Fallenböckhütte.
879 2352 2325 2491 KAPLAN. So... Weißt du übrigens, daß der alte
816 2451 1785 2555 Hofrat heute nacht gestorben ist?
2484 2417 3208 2602 + / Tröttert
879 2495 2344 2629 EDUARD bedauernd. Oh!./. Er war schon ein sehr
818 2595 1164 2683 alter Mann.
2495 2589 3104 2752 Nach eene
879 2654 2185 2737 KAPLAN will ihm etwas erwidern, läßt es aber sein.
879 2712 2329 2813 EDUARD. Und die Botanisierbüchse können wir ja
2511 2683 3278 2861 kleinen Taun.
818 2782 2323 2909 im Vorbeigehen abholen. Hat sie sicher keiner davon-
2516 2821 3206 2984 me [per] your most
825 2871 1107 2961 getragen.
885 2911 1806 3022 KATHI zurück durch die Gartentür.
881 2976 2340 3087 EDUARD. Seien Sie so gut, Kathi, das Buch da, den
827 3074 2340 3164 Atlas, tragen Sie in mein Zimmer hinauf, daß nichts
837 3137 1124 3261 geschieht.
2116 3332 2248 3470 68
