3544 4072
681 591 2145 730 VINCENZ tritt ganz vorn auf den Balkon bin. Guten
634 681 1277 803 Morgen, Hochwürden.
692 705 1930 858 KAPLAN. Guten Morgen, Herr Professor.
700 769 2158 914 EDUARD. Aber Hochwürden, das muß ich noch
651 862 2162 982 bemerken, über den Katzenstein ins Gaisental, das ist
658 941 2028 1048 ein biss’l eine Kletterei, und in dem langen Rock
687 980 2167 1121 KAPLAN. Na, die Schwierigkeit wird sich schon
664 1048 2163 1221 übrwinden lassen. Auf Wiedersehen, ich bin sehr bald
658 1178 967 1287 wieder da.
730 1204 1919 1323 VINCENZ ist vom Balkon wieder verschwunden.
726 1244 2167 1402 EDUARD vom Balkon aus zu Gusti. Willst du nicht mit-
666 1326 2177 1460 halten, Gusti? Seine Hochwürden wird gewiß nichts
673 1420 2051 1552 dagegen haben. Statt da allein zu Haus zu sitzen
745 1450 2192 1624 GUSTI. Wieso denn? Ich fahr' ja auch in die Stadt
672 1593 892 1686 hinein.
745 1627 1445 1736 EDUARD erstaunt. Wie?
751 1648 1990 1804 GUSTI. Ja, mit dem Onkel und der Tante.
745 1719 2222 1879 EDUARD. So, du fahrst auch hinein — da muß ich
687 1825 2199 1951 heut schon allerlei verschlafen haben. Verläßt den Balkon.
916 1926 2019 2069 JOSEFA und GUSTI allein auf der Szene.
760 2020 2141 2135 GUSTI. Um den wär's wirklich schad' gewesen.
764 2071 2216 2231 JOSEFA Blick, als wenn sich die Bemerkung Gustis auch
709 2186 1368 2293 auf Eduard bezieben könnte.
775 2192 2222 2344 GUSTI. Um den Leutnant, mein’ ich. Woher hast
721 2291 2220 2417 du denn überhaupt von der Geschichte gewußt? Von
719 2393 1347 2487 dem Duell, mein’ ich?
779 2410 2229 2560 JOSEFA. Gestern abend, wie du schon fort warst,
724 2491 2233 2619 ist der Herr Kaplan vorbeigekommen und hat mir alles
730 2547 2233 2690 erzählt. Auch einen Brief von seinem Bruder hat er mir
730 2630 2233 2762 vorgelesen, eine Art von Abschiedsbrief. Es war übrigens
726 2698 2239 2816 nicht das erste Duell, das der Leutnant gehabt hat.
734 2760 2229 2922 (Aber das erste ernsthaitté. Eine Liebesgeschichte wahr
2624 2598 2995 2871 t De
741 2831 2246 2957 scheinlich. Näheres weiß ich nicht. Und der Herr
739 2901 2250 3021 Kaplan hat auch nicht mehr gewußt. Über solche
747 2969 2178 3091 Sachen dürfen ja Männer nicht miteinander reden
754 3019 2250 3206 offenbare Nicht einmal ein Bruder mit dem andern.
2922 3083 3031 3200 2
1151 3209 1605 3317 Fischer-Verlag, Be.lin
1010 3258 1748 3403 Im Spiel der Sommerlüfte
1973 3223 2113 3381 63
1057 3351 1718 3454 1. Fahnenkorrektur am 22. 8. 29
1050 3403 1736 3527 Bibliographioches Institut, Leipzig
