3528 4040
783 504 2238 610 FELIX. Ja, ich bin mit dem ersten Zug heraus.
745 572 1841 678 Fräulein Gusti ist wohl noch nicht auf?
800 654 1528 756 JOSEFA. Weiß sie denn -
788 678 2250 828 FELIX. Nein. Mein Kommen ist ganz improvisiert.
735 796 1767 880 Aber ich muß sie dringend sprechen.
794 808 2261 969 JOSEFA zögernd. Sie hat mich gebeten, ich möchte
739 922 1676 1041 sie erst um halb zehn aufwecken.
796 946 2253 1091 FELIX. Ich nehme die Verantwortung auf mich,
743 1054 2259 1163 Frau Professor. Siebt auf die Ubr. Ich muß leider sehr
747 1134 1303 1235 bald wieder zurück.
800 1168 1493 1305 KATHI bringt den Kaffee.
804 1227 2270 1355 GUSTI tritt im Morgenkleid auf die Veranda. Aber was
747 1309 2272 1452 sehen meine Augen — der Doktor! Das ist ja eine
762 1414 1161 1520 Überraschung.
808 1431 1951 1566 FELIX. Guten Morgen, Fräulein Gusti.
825 1539 1558 1630 GUSTI reicht ibm die Hand.
815 1554 2270 1693 FELIX. Ich bin mit dem ersten Zug heraus¬
754 1687 1036 1807 gefahren.
828 1697 2124 1832 GUSTI. Das war aber einmal eine gute Idee.
834 1813 2063 1908 KATHI auf einen Wink Josefas mit der Tasse ab
2373 1778 3202 1940 dem Reffe et
828 1890 1320 2001 JOSEFA folgt ihr.
849 1900 2286 2031 GUSTI. Gestern abend hab' ich dir noch einen
768 2001 2276 2138 langen Brief geschrieben. Ich hab' ja keine Ahnung
771 2100 973 2193 gehabt
825 2130 2303 2250 FELIX nimmt eine Zeitung aus der Brusttasche, reicht sie
781 2212 1910 2328 Gusti bin, weist auf eine Stelle. Ist das wahr?
849 2293 1412 2390 GUSTI. Was denn?
840 2301 2282 2447 FELIX liest ibr vor. „.. Von den diesjährigen Ab-
771 2409 2288 2504 solventen des Konservatoriums sind engagiert: die
779 2474 2286 2592 Damen Fräulein Edda Neumann, Hamburger Schau-
783 2546 2291 2645 spielhaus, Marie Bechert, Vereinigte Stadttheater
781 2605 2297 2726 Elberfeld-Barmen, Marie Wimmer, Wien, Volks¬
794 2700 1636 2791 theater, Auguste Pflegner —“
861 2730 1906 2880 GUSTI. Nach Innsbruck vermutlich?
855 2846 1577 2924 FELIX. Es ist also wahr?
864 2873 1927 2989 GUSTI. Wenn's in der Zeitung steht
866 2915 2316 3053 FELIX. Und keine Silbe mir gesagt! Gestern, hier,
796 3021 2301 3143 an dieser Stelle, hab ich dich gefragt, ob du Briefe be-
1129 3156 1579 3266 Fischer-Verlag, Berlin
990 3234 1731 3348 Im Spiel der Sommerlüfte
1966 3222 2101 3382 54
1085 3310 1659 3399 1. Fahnenkorr. am 22. 8. 29
1024 3369 1708 3500 Bibliographisches Institut, Leipzig
