3608 4136
1088 621 2597 735 beiten. Ich muß schaun, daß ich vorwärts komm’. Ich
1073 720 2586 797 muß Geld verdienen für mich und für die Mutter. Als¬
1075 774 2593 871 klug. Seine Pflicht hat man zu tun vor allem. Du hast
1078 854 2588 948 auch deine Pflicht zu tun, geradeso wie ich. Du hast
1088 914 2588 1005 deine Nachprüfung zu machen und vernünftig zu sein.
1075 982 2586 1067 Das übrige wird sich finden. Immer sicherer. Wenn man
1075 1067 2576 1150 vernünftig ist, etwas schmeicbelnd Eduard, kann man man-
1084 1126 2588 1201 ches von mir haben. Und wenn du vernünftig bist, rede
1078 1196 2588 1299 ich auch mit der Tant' und mit dem Onkel wegen
1082 1254 1694 1356 deiner Schauspielerei.
1135 1326 2123 1417 EDUARD mißtrauisch. Wann denn?
1137 1390 2589 1486 GUSTI. Sobald du vernünftig geworden bist — zu
1082 1468 2588 1575 Weihnachten vielleicht, wenn ich auf Urlaub nach
1090 1522 1460 1613 Wien komm'.
1131 1590 1804 1692 EDUARD lacht auf. Ha!
1131 1628 2584 1753 GUST1. Da gibt’s gar nichts zu lachen. Indessen
1067 1723 2578 1828 kannst du ein oder zwei Rollen auswendig lernen. Da¬
1082 1804 2586 1881 von brauchen sie bei dir zu Haus gar nichts zu wissen.
1090 1876 2586 1949 Und wenn ich zu Weihnachten komm', überhör’ ich
1084 1947 2586 2029 dich und werde sehen, was du für Fortschritte gemacht
1077 2015 2588 2108 hast. Und wenn du — unterbricht sich. Schau, da kommt
1086 2076 2129 2161 ja deine Mutter schon wieder zurück.
1137 2136 2523 2248 EDUARD. Du hast was sagen wollen Wenn du
1143 2214 2586 2295 GUSTI. Später. Geh jetzt. Es sieht doch dumm
1082 2272 2582 2372 aus vor deiner Mutter, daß du immer so an mir pickst.
1135 2351 2580 2436 EDUARD. Gut, ich geh, aber bastig ich muß noch
1078 2418 2571 2508 heut mit dir reden. Ich geh den Weg gegen die Fallen-
1080 2493 2582 2589 böckhütte, und beim Muttergottesbild erwart' ich dich.
1141 2557 2010 2656 GUSTI. Es kommt ein Wetter.
1135 2610 2582 2710 EDUARD. Kommt keins. Ich nehm’ mir sogar die
1073 2695 2580 2810 Botanisierbüchse mit. Und im schlimmsten Fall — es
1071 2771 1670 2846 ist ja die Hütten da.
1141 2833 2586 2920 GUSTI. Möchtest du nicht endlich verschwinden?
1131 2905 2586 2996 EDUARD. Ich wart' beim Muttergottesbild. Und
1080 2965 1930 3065 wenn du nicht kommst, Gusti
1137 3031 1836 3139 GUSTI. Ich weiß schon.
1118 3088 2567 3203 EDUARD. Na, manchmal tut man's und hat über¬
1071 3158 2195 3294 haupt nichts g'sagt. Rasch auf die Veranda.
1439 3324 1893 3434 Fischer-Verlag, Berlin
1305 3379 2036 3509 Im Spiel der Sommerlüfte
2278 3396 2384 3551 33
1398 3485 1962 3568 1. Fahnenkorr. am 20. 8. 29
1311 3517 2049 3649 Bibliographisches Institut in Leipzig
