3528 3992
932 388 2323 516 KATHI. Herr Eduard, heut kommt kein Wetter.
934 460 2385 590 KAPLAN. Also gehen wir, mein Sohn. Gott schenkt
878 531 2394 661 uns einen wundervollen Tag, wir wollen ihn dankbar
878 620 1773 742 genießen. Nimmt den Arm Eduards.
936 648 2394 810 EDUARD stolz darüber, richtet sich unwillkürlich böber auf.
878 754 2392 868 So wandern sie beide davon gegen rechts oben, noch lange sichtbar.
944 842 1626 938 KATHI blickt ihnen nach.
889 900 2406 1061 Wieder einige Touristen, Jungen und Mädchen, lustig lachend, vorüber.
1138 1006 2176 1119 Der Kaplan und Eduard sind verschwunden.
1541 1166 1758 1262 Vorhang.
1315 3089 1829 3216 Fischer-Verlag, Berlin
1213 3174 1952 3298 Im Spiel der Sommerlüfte
2163 3142 2308 3297 69
1311 3255 1895 3346 1. Fahnenkorr. am 22. 8. 29
1243 3302 1925 3421 Bibliographisches Institut, Leipzig
