3592 4104
711 559 2222 736 Chance, daß ich mit einem Kameraden tauschen
694 638 2215 829 kann. Das geht manchmal. Ich hab’ nämlich nicht die
707 719 2226 894 geringste Lust, nach Galizien zu übersiedeln, besonders
706 773 2224 954 unter den gegenwärtigen Umständen. Ich liebe die
721 850 2226 1042 Tiroler Berge — überhaupt die Natur. Und ganz be¬
713 904 2240 1090 sonders liebe ich- Innsbruck, seit ich weiß, daß ich die
717 977 2230 1159 Hoffnung hatte, dort einem Wesen zu begegnen wie Sie,
721 1069 2047 1238 Fräulein — wie ist der werte Name gewesen?
804 1167 1484 1284 GUSTI. Gusti Pflegner.
804 1188 2261 1352 OffiziER. Gusti — ein wunderschöner Name.
740 1252 2257 1426 Also, ick werde jetzt alles dransetzen, ich wer de beim
748 1323 2276 1517 Generalkommando — jawohl, mein Fräulein, es gibt
746 1375 2284 1573 nämlich Vorbedeutungen, glauben Sie mir. Und daß
756 1505 1617 1638 ich Sie heute, in dieser Stunde
831 1519 2292 1713 KAPLAN kommt von rechts sebr rasch auf ibn zu, erfreut.
854 1669 2297 1844 OffiziER. Ferdinand! Schütteln sieb die Hände, dann
767 1684 1009 1792 Robert!
784 1744 1996 1930 umarmen sie sich. Sie entschuldigen, Fräulein.
846 1830 1851 1967 KAPLAN verwunderter Blick auf Gusti.
856 1859 2297 2046 GUSTI. Wir haben unterdessen Bekanntschaft ge¬
792 1965 1784 2126 macht, der Herr Leutnant und ich.
861 1974 2319 2182 KAPLAN. Ich sehe. zum Offizier. Ich habe dich so
817 2130 2305 2311 OffiziER. Da ich dich zu Hause nicht angetrof-
804 2142 1482 2261 früh gar nicht erwartet.
807 2213 2305 2390 fen, hab’ ich indessen einen kleinen Spaziergang ge¬
882 2309 2345 2517 KAPLAN läcbelnd. Und bereust es nicht. Rasch. Also
817 2369 1036 2463 macht.
840 2407 2278 2590 wie steht nun die Sache mit deiner Transferierung?
898 2468 2342 2663 OffiziER. Nicht schlecht. Blick auf Gusti. Ich werd
832 2538 2380 2728 dir das schon alles genau erzählen. Zu Gusti. Mein ver¬
844 2607 2353 2799 ehrtes Fräulein, ich danke Ihnen sehr für diese wunder¬
852 2682 2369 2861 schöne Viertelstunde und den Kunstgenuß. Zum Kaplan.
852 2757 2370 2949 Das Fräulein hat nämlich grad’ prachtvoll deklamiert,
867 2818 2374 3003 wie ich vorbeigegangen bin. zu Gusti. Hoffentlich hab’
867 2899 2326 3064 ich das Vergnügen — das Glück, Sie wiederzusehen.
934 2988 2136 3143 GUSTI. Ganz meinerseits, Herr Leutnant.
946 3078 1776 3207 OffiziER küßt ihr die Hand.
950 3093 2080 3314 GUSTI. Auf Wiedersehen, Hochwürden.
1184 3270 1607 3412 Fischer-Verlag, Berlin
1050 3351 1771 3512 Im Spiel der Sommerlüfte
1150 3436 1721 3559 1. Fahnenkorr. am 19. 8. 29
1336 3489 1742 3585 ches Institut, Leipzig
