3544 4040
701 415 2130 601 EDUARD zum Kaplan. Darf ich fragen, Hochwürden,
635 542 2037 684 bleibt’s heut bei dem Ausflug gegen das Gaisental?
695 599 2121 739 KAPLAN. Das ist ja viel zu weit für einen Abend-
629 690 2143 822 spaziergang. Übrigens heute nachmittag bin ich leider
654 758 2139 889 jedenfalls verhindert. Mehr zu Josefa. Ich erwarte näm¬
642 851 1209 965 lich meinen Bruder.
703 902 1628 1027 JOSEFA. Den Herrn Leutnant?
697 917 2172 1090 VINCENZ etwas verwundert über Josefas Informiertbeit.
642 1025 2060 1156 Hochwürden haben einen Bruder, der Offizier ist?
713 1073 2174 1228 JOSEFA. Der Herr Kaplan hat doch erst neulich
654 1198 1253 1300 von ihm gesprochen.
720 1198 2151 1353 KAPLAN zu Vincenz. Er ist in Garnison in Inns-
667 1292 2175 1425 bruck und hat jetzt dienstlich in Wien zu tun. Da be¬
659 1357 2166 1507 nutzt er die Gelegenheit zu einem Abstecher nach der
673 1436 2181 1560 Kirchau. Schon wieder ein Jahr her, daß wir uns nicht
682 1507 2181 1649 gesehen haben! Zu Eduard. Also da wird heute leider
671 1579 1832 1709 nichts aus unserer botanischen Exkursion.
737 1628 2179 1759 VINCENZ. Ich hab’ gar nicht gewußt, Hochwür¬
695 1700 2181 1848 den — der Eduard hat mir erst erzählt, daß Hoch¬
703 1798 1508 1908 würden auch in diesem Fach
752 1844 2075 1969 KAPLAN. Eine Liebhaberei von Kindheit auf.
766 1895 2204 2060 JOSEFA zu Vincenz. Jetzt’ hab ich aber schon wirk¬
695 1984 2077 2132 lich Angst, daß du den Zug versäumst, Vincenz.
766 2083 2141 2234 DR. FELIX FABER und GUSTI PFLEGENER
1042 2166 1893 2278 von oben treten durch die Gartentür.
798 2227 2136 2384 VINCENZ, JOSEFA, EDUARD, KAPLAN.
714 2335 2219 2460 GUSTI über 18, dunkelbraunes, flüchtig frisiertes Haar, weiß-
718 2414 2229 2539 rotgetupftes Batistkleid, Strobbut mit rotem Band in der Hand.
713 2479 2240 2617 Schwarze, lustige, zugleich unrubige Augen. Fabrige Art zu reden,
959 2566 2005 2666 die oft ins Humoristisch-Unwirsche umschlägt.
726 2628 2234 2765 DR. FELIX FABER 27, schlank, bager, jeines, ernstes Ge¬
726 2706 2246 2833 sicht, seitlich gescheiteltes Haar, weicher grauer Filz-but, Spazier-
731 2767 2249 2941 stock, sorgfältig, fast pedantisch, aber nicht eigentlieb elegant gekleidet.
1203 2856 1785 2969 Leicht befangenes Wesen.
953 2899 2060 3060 Allgemeine Begrüßung, ungezwungen und rasch.
798 2968 2249 3134 GUSTI nach allen Seiten Guten Morgen, guten Mor-
756 3108 1903 3239 gen, guten Morgen, Meister! Etwas betont.
1044 3252 1508 3366 Fischer-Verlag, Berlin
917 3284 1666 3449 Im Spiel der Sommerlüfte
987 3392 1575 3510 1. Fahnenkorr. am 19. 8. 29
949 3449 1635 3629 Bibliographisches Institut, Leipzig
