3528 4056
623 350 2131 526 die wahrer sind als die wachsten Gedanken. Mir
619 476 2127 585 träumte — daß es mir, dem Priester, wie fragend zur
623 541 2133 648 Buße ###e zum Holst verhängt sei, vor Ihnen, Frau
633 606 2143 726 Josefa — der Ungläubig### eine Beichte abzulegen.
623 665 2139 791 Die Worte, die ich sprach — auch ihren Sinn weiß ich
619 728 2139 854 nicht mehr. Doch ich weiß, es waren andere, als ich
2521 671 2930 875 -ve
629 789 2154 942 jemals im Wachen zu irgendeinem Menschen — als ich
625 885 2144 992 sie jemals in der Beichte zu einem Priester gesprochen
629 937 2162 1059 habe oder hätte sprechen können. Und erniedrigt ###it
2347 915 2959 1103 at T N
636 1005 2152 1118 verhülltem Antlitz, auf den Knien vor Ihnen — flehte
625 1078 2154 1196 ich um Absolution. Sie blieben stumm. Als ich aufsah,
2439 1070 3131 1233 unbewegt
640 1141 2154 1256 war Ihr Antlitz ### Ihre Lippen verschlossen — und
640 1204 2158 1342 plötzlich waren Sie verschwunden. Verzweifelt rief ich
633 1267 2165 1391 Ihren Namen in die Luft, es kam keine Antwort, und
631 1344 2167 1460 ich war allein, wie ich es nie gewesen.
648 1407 2158 1546 raum-allein. Und nichts war in mir als eine wühlende,
648 1481 2171 1617 eine irdische- Sehnsucht — ohne Ziel und Sinn. Nichts
2580 1474 2957 1605 r
654 1544 2164 1665 als diese Sehnsucht war in mir, meine ganze Seele war
396 1449 558 1646 de
640 1615 2152 1735 von ihr aufgezehrt ### so, ker- und erfällt
2215 1583 2322 1724 V.
2708 1592 2980 1737 dil
644 1669 2171 1825 gleich, erwachte ich almählich. Doch je wacher ich
656 1768 2169 1883 wurde, um so mehr schwand diese Sehnsucht hin oder
659 1829 2175 1940 wandelte sich — wandelte sieh-^ in eine Klarheit ohne-
3056 1766 3247 1963 of
652 1881 2167 2035 gleichen. Und als ich völlig erwacht war, da war ich
661 1949 2175 2074 mir keiner Sehnsucht mehr, doch mit klaren Sinnen
667 2037 1883 2158 war ich meiner wahren Sünde mir bewußt.
1552 2087 2118 2194 — Daß wir einander
726 2118 1512 2230 JOSEFA. Welcher Sühde!
661 2181 1521 2305 beinahe — verstanden hätten?
1397 2204 2186 2337 osefa, dieser — vnd dieser
738 2259 1349 2364 KAPLAN. Ja, Frau
675 2299 2188 2408 allein. — Und als ich das in tiefter Scham erkannt
669 2362 2185 2483 hatte, da kam es wie eine Erleuchtung über mich; auf¬
1374 2431 2200 2540 ein Strahl der Gnade in mich
682 2460 1340 2573 atmend wußte ich, daß
682 2509 2200 2632 gefallen und daß ich vom Himmel nicht völlig ver-
1376 2565 2202 2687 ich von der Buße nichts, die
682 2594 1344 2704 worfen war. Noch weis
688 2649 2202 2750 der Himmel mir verhängt, doch zum Zeichen meiner
1412 2703 2209 2823 tat ich ein Gelübde, das ich
684 2735 1368 2846 inbrünstigen Bereitschaf
688 2777 2211 2892 Ihnen, der unschuldig-schuldigen Teilnehmerin meiner
696 2842 2209 2957 Schuld, nicht verhehlen da###. Das Gelübde wenn je-
688 2917 2206 3100 mals Zweifel meine Seeversuchen sollten, mich de-
2798 2917 3136 3068 micVie
1011 3069 1560 3205 Fischer-Verlag, Berlin
927 3150 1678 3272 Im Spiel der Sommerlüfte
1894 3110 2049 3268 52
1032 3224 1625 3329 1. Fahnenkorr. am 22. 8. 29
959 3270 1653 3400 Bibliographisches Institut, Leipzig
