3480 4072
687 578 2140 680 FELIX plötzlich. Bitte, Herr Professor, empfehlen
636 644 2149 792 Sie mich vielmals Ihrer verehrten Gattin und auch dem
629 748 1066 856 Herrn Eduard.
686 769 1850 900 VINCENZ. Dem „schlanken Jüngeling“.
703 833 2151 958 FELIX. Ich werde die Stunden nie vergessen, die
644 936 2159 1049 ich hier verbringen durfte. Dieses Haus — diesen
1460 977 2163 1079 — Blick in die Runde, bricht ab.
648 1013 1398 1104 Garten — diese Landschaft
706 1049 2170 1168 VINCENZ sehr herzlich. Nehmen Sie’s nicht zu
644 1140 2166 1250 schwer. Leichter. Sie werden hoffentlich noch manche
650 1193 2165 1314 andere schöne Landschaft erleben und — was so dazu
661 1271 2174 1390 gehört zur Landschaft und zur Jugend. Auf Wieder¬
657 1333 1589 1473 sehn! Und nochmals alles Gute!
722 1424 1191 1521 FELIX rasch ab.
739 1451 2183 1577 VINCENZ schaut ibm eine Weile nach, dann tiefer in den
672 1551 1693 1661 Garten herein, legt das Buch auf den Tisch.
735 1610 1807 1727 JOSEFA tritt auf die Veranda. Vincenz!
735 1659 2185 1784 VINCENZ. Ja, ich bin schon da. Guten Morgen.
750 1744 1784 1862 JOSEFA von der Veranda in den Garten.
746 1801 2191 1922 VINCENZ ihr entgegen, küßt sie auf die Stirn. Du hast
684 1886 2197 1990 doch gestern abend nicht auf mich gewartet? Mein
689 1934 2125 2064 Telegramm ist rechtzeitig angekommen, hoff' ich.
752 2017 2191 2129 JOSEFA. Ja, natürlich. Um sechs war es da. Rasch.
703 2096 1536 2189 Wo ist denn der Doktor hin?
748 2138 2193 2263 VINCENZ. Fort. Er läßt sich dir schön empfehlen.
691 2212 2201 2339 Es scheint ja aus zu sein zwischen ihm und der Gusti?
761 2284 2210 2418 JOSEFA. Offenbar. Neuer Ton. Also was war denn
693 2384 1343 2471 mit dem Intendanten?
754 2390 2216 2528 VINCENZ. Er ist sehr einverstanden mit dem
699 2502 2104 2589 Modell. Man könnt’ sogar sagen, er ist begeistert.
761 2564 2201 2685 JOSEFA. Wär' noch schöner, wenn er nicht be¬
695 2619 2218 2748 geistert wär'. Ist er schon wieder zurück nach Kassel?
763 2687 2223 2795 VINCENZ. Keineswegs. Er bleibt noch bis heut
706 2767 2225 2875 abend, und wir essen mit ihm zusammen in der Stadt
706 2865 1028 2964 zu Mittag.
784 2909 1221 3019 JOSqFA. Wir?
780 2945 2233 3087 VINCENZ. Ja, du und ich. Hotel Imperial. Seine
712 3041 2218 3142 Exzellenz möchte dich gern persönlich zur Enthüllungs-
718 3123 1392 3250 feier in Kassel einladen.
1043 3248 1492 3371 Fischer-Verlag, Berlin
903 3306 1644 3467 Im Spiel der Sommerlüfte
1854 3306 2004 3449 59
992 3395 1562 3505 1. Fahnenkorr. am 22. 8. 29
928 3469 1621 3591 Bibliographisches Institut, Leipsig
