3528 4056
838 467 2337 597 hätt' doch keinen Sinn, noch einmal über das Unab¬
834 560 2354 659 änderliche zu reden — nach dieser Stunde... Das
828 614 2345 730 Herz tut einem ohnehin schon weh genug. Ja, Felix,
828 707 2352 802 mir auch. Wahrscheinlich noch mehr als dir. Aber das
834 777 2358 889 muß man schon hinnehmen, Felix. Sie streckt ihm die
828 844 1628 942 Hand entgegen wie zum Abschied.
891 840 2352 1034 FELIX. Und das — das soll nun wirklich der Ab-
838 998 1176 1085 schied sein?
910 1026 2367 1144 GUSTI. Sag' nicht Abschied. Durch so ein Wort
834 1098 2350 1235 macht man sich das Schwere, das man ja doch durch¬
846 1155 2360 1288 machen muß, nur noch schwerer, als es sowieso schon
842 1235 2369 1343 ist. Warum denn Abschied? Es ist ja gar keiner. Wir
847 1305 2364 1431 gehen ja beide nicht aus der Welt. Wir werden uns ja
863 1383 2354 1478 wiedersehen — Ischon zu Ostern. Du mußt mir natür¬
855 1442 2366 1550 lich schreiben, ganz regelmäßig. Alles. Was du denkst,
2538 1374 3122 1560 viellei 11e
864 1503 2367 1615 was du machst und was dir durch den Kopf geht und
864 1577 2373 1702 wie du deine Abende verbringst und wen du gern
855 1682 999 1769 hast
916 1714 1313 1828 FELIX Blick.
927 1750 2377 1902 GUSTI. Kommt auch, kommt such. Und ich werd’
870 1872 1674 1966 dir natürlich auch schreiben.
927 1938 1522 2035 FELIX bitter. Alles?!
937 1951 2381 2090 GUSTI ernst. Selbstverständlich. Ganz aufrichtig.
882 2050 2390 2204 Wir wollen ja Freunde sein, Freunden bleibens Freundes
882 2155 1115 2246 werden.
929 2162 2394 2286 FELIX. Ich glaub’ an solche Freundschaften nicht.
935 2259 2394 2360 GUSTI. Ich schon. Wir müssen beide gescheit sein,
880 2328 2404 2438 Felix. Es könnt ja alles nur weniger schön werden, als
876 2388 2402 2512 es war. Und das soll, das darf nicht sein. Ich dank’ dir
882 2487 1729 2573 für alles, Felix, bleib mir gut.
942 2504 2400 2628 FELIX fast ausbrechend. Aus?! Ich kann’s ja nicht
891 2626 1334 2746 glauben, Gusti.
956 2630 2417 2816 GUSTI. Glauben tu ich's eigentlich auch nicht.
895 2761 1391 2873 Aber ich weiß es.
954 2829 1404 2915 FELIX. Gusti!
944 2850 2424 2991 GUSTI auf ihn zu, küßt ibn. Leb' wohl, Felix. Rasch
901 2941 2417 3068 gegen die Veranda zu, dort wendet sie sich noch einmal flüchtig um.
948 3036 2054 3164 FELIX einen Schritt, als wollte er ihr nach.
1243 3154 1693 3278 Fischer-Verlag, Berlin
1096 3245 1835 3354 Im Spiel der Sommerlüfte
2060 3260 2176 3420 57
1174 3323 1758 3410 1. Fahnenkorr. am 22. 8. 29
1121 3384 1807 3481 Bibliographisches Institut, Leipzig
