3592 4056
786 465 2307 620 lieber, daß du bei der Nachprüfung in Griechisch nicht
789 590 1159 706 durchfliegst.
848 624 2305 753 EDUARD. Also mir g’fallt er gar nicht, dein Doktor.
856 708 2307 799 GUSTI. Ich habe die Ehre. Wendet sich entschieden
793 795 1087 875 zum Geben.
863 818 2315 949 EDUARD vom Tisch berunter, erwischt sie gerade noch beim
791 915 2131 1028 Armel. Dageblieben! Beginnt zu lesen. Die Lerche
861 968 2313 1082 GUSTI. Ruhe! Ich fang an. Zuerst noch mechanisch
795 1074 2313 1169 mit ihrer gewohnten leichten Dialektfärbung, allmäblich reiner, freier
793 1137 1488 1226 und mit wirklieber Begabung.
894 1163 2250 1288 „Willst du schon gehn, der Tag ist ja noch fern.
896 1262 2131 1355 Es war die Nachtigall und nicht die Lerche,
888 1328 2137 1435 Die eben jetzt dein banges Ohr durchdrang.
863 1414 1850 1491 EDUARD liest mit übertriebener Geste.
896 1467 2120 1560 „Die Lerche war’s, die Tagverkünderin —“
877 1529 2319 1647 GUSTI iba unterbrechend. Schon gut. Nur die letzten
803 1588 1144 1706 zwei Verse.
861 1658 1719 1770 EDUARD liest etwas mechanisch.
894 1732 2074 1839 „Die Nacht hat ihre Kerzen ausgebrannt,
905 1816 2188 1924 Der muntre Tag erklingt in dunst’gen Höhen;
899 1875 1985 2002 Nur Eile rettet mich, Verzug ist Tod.“
1214 1951 1928 2068 Die letzten Worte mit Patbos.
882 2013 1120 2135 GUSTI
907 2040 2224 2176 „Trau mir, das Licht ist nicht des Tages Licht,
903 2165 1998 2247 Die Sonne hauchte dieses Luftbild aus,
911 2224 1990 2309 Dein Fackelträger diese Nacht zu sein,
903 2298 2167 2376 Dir auf dem Weg nach Mantua zu leuchten;
903 2340 2279 2442 Drum bleibe noch: zu gehn ist noch nicht not.“
879 2429 1787 2550 EDUARD allmäblich mit Ausdruck.
909 2471 2266 2584 „Nein, jenes Grau ist nicht des Morgens Auge.
915 2573 2211 2670 Ich bleibe gern, zum Gehn bin ich verdrossen.
924 2630 2192 2736 Willkommen Tod! Hat Julie dich beschlossen.
913 2685 2340 2789 Nun Herz? Noch tagt es nicht, noch plaudern wir.
898 2776 2342 2873 GUSTI spricht nicht gleich, siebt Eduard gewissermaßen mit
827 2827 2338 2926 einem neuen Blick an. Am Ende wirst du doch noch
831 2916 1691 3025 Schauspieler. Plötzlich einsetzend.
924 2962 2133 3091 „Es tagt, es tagt! Auf! Eile! Fort von hier!
909 3042 1953 3167 Es ist die Lerche, die so heiser singt,
1156 3167 1615 3305 Fischer-Verlag, Berlin
1021 3273 1780 3410 Im Spiel der Sommerlüfte
1102 3360 1698 3448 1. Fahnenkorr. am 19. 8. 29
1044 3423 1748 3526 Bibliographisches Institut, Leipzig
