3576 4072
687 464 1596 578 GUSTI. So komm halt mit mir!
685 563 2138 655 FELIX. Wenn ick könnt’, Gusti, wenn ich mein
628 615 2134 733 eigener Herr wäre! Vorläufig bin ich Sekundararzt im
628 683 2071 804 Krankenhaus, Privatpatienten überhaupt noch keine
618 769 1401 867 und was ich von Haus krieg
687 790 2144 951 GUSTI. Aber Felix, du brauchst dich doch nicht
613 914 1124 1019 zu entschuldigen.
681 958 2144 1067 FELIX. Mir ist's manchmal, als wär’s dir doch
615 1025 2147 1132 nicht ganz klar — als hieltest du’s für einen Mangel an
615 1103 2145 1206 Energie oder —. Mit einem Monatsgehalt von sechzig
626 1172 2145 1296 Gulden kann man leider unmöglich — eine Familie
620 1262 897 1367 gründen
687 1275 2161 1407 GUSTI rasch. Davon war überhaupt nie die Rede.
636 1374 2165 1483 Und soll nicht die Rede sein. Leiser. Darauf hab' ich
634 1454 1498 1561 kein Recht — und keine Lust.
685 1487 2166 1632 FELIX. Aber — die Friedleins — die denken wohl,
634 1590 1258 1693 daß wir verlobt sind?
699 1638 2166 1750 GUSTI. Was kümmert denn das mich? Ich bin
628 1718 1758 1829 ihnen doch keine Rechenschaft schuldig
697 1788 2180 1909 FELIX bitter — daß du wieder einmal verlobt
643 1876 783 1991 bist.
712 1918 2170 2023 GUSTI etwas traurig. Fangst du schon wieder an?
708 1997 2180 2102 FELIX eigensinnig. Und — die Beziehung zwischen
651 2065 2166 2166 dir und mir— die werden sie wahrscheinlich nicht an¬
655 2130 2128 2239 ders auffassen als die Geschichte im vorigen Jahr mit -
723 2212 2176 2298 GUSTI. Was sollen sie denn auffassen — die ma¬
655 2250 2187 2365 chen sich doch überhaupt keine Gedanken. Wenn die
657 2329 2187 2453 Tant’ eine Ahnung hätte, wie es zwischen dir und mir
657 2390 2182 2520 steht, sie wär' imstand und spedierte mich direkt zur
660 2497 1107 2594 Mutter hinein.
718 2493 2187 2647 FELIX. Die keine Ahnung —! Aber ich bitt' dich!
733 2625 1951 2724 GUSTI. Eine so harmlose, einfache Person.
733 2682 1804 2781 FELIX. Harmlos? Die? Ich — wette
733 2760 1304 2848 GUSTI. Was denn?
729 2800 1934 2922 FELIX. Daß sie mit dem Kaplan was hat.
741 2894 1695 2997 GUSTI. Aber du bist ja verrückt.
729 2917 2207 3056 FELIX. Paß nur einmal auf, wie sie ihn anschaut.
664 3029 1737 3176 Du bist übrigens auch verliebt in ihn.
