3560 4040
816 530 2241 681 VINCENZ. Wie oft hab’ ich dir schon gesagt, Gusti,
759 649 1787 740 du sollst mich nicht Meister nennen.
821 685 2246 812 GUSTI. Wenn du aber einer bist. Zu Felix. Kennen
755 776 1870 899 Sie überhaupt seine Sachen, Doktor?
804 819 2248 950 FELIX. Na hören Sie, Fräulein Gusti! Die beiden
744 914 2237 1016 Zentauren im Volksgarten, die sind doch von Ihnen,
740 992 2197 1109 Herr Professor? Die lieb' ich ganz besonders.
812 1047 2260 1168 GUSTI. Die kennt jeder. Den Fries müßten Sie
753 1113 2269 1221 sehen, den er fürs Kasseler Theater macht, der Herr
751 1170 2235 1313 Professor. Ist dir jetzt leichter, wenn ich Professor sag
753 1272 1164 1357 statt Meister?
802 1285 2263 1414 VINCENZ. Der war ja überhaupt noch nicht
755 1397 2099 1484 fertig, wie du neulich mit der Josefa drin warst.
831 1436 2176 1567 JOSEFFA rasch unterbrechend zu Gusti. Hast du eige
759 1539 1917 1665 schon deine Milch getrunken, Gusti?
827 1609 1548 1707 GUSTI wie ertappt Uijeh!
829 1667 2282 1781 JOSEFA. Also schau, du hast deiner Mutter ver¬
759 1722 2271 1864 sprochen: eineinhalb Liter täglich. Ruft binein: Kathi!
831 1794 2292 1904 GUSTI zu Felix: Sehen Sie, Doktor, die gibt Obacht
765 1853 2284 1968 auf mich. Ob Ihnen das je einfallen möcht', daß ich
770 1927 2288 2034 meine Milch noch nicht eingenommen hab’! Und Sie
776 2023 1399 2116 sind doch ein Doktor.
825 2082 2290 2171 VINCENZ zitiert. Eingenommen! Wie von einer
768 2163 1277 2252 Medizin redst du.
836 2157 2299 2309 FELIX. Sie haben mir doch gesagt, Gusti, daß Sie
780 2279 2288 2388 schon vor dem Weggehen um einhalb sechs Uhr früh
783 2364 1601 2453 Ihre Milch getrunken haben.
840 2385 2301 2540 GUSTI. Das hab' ich Ihnen doch sagen müssen. Zum
776 2487 2284 2597 Kaplan. Sonst hätt' er mich auf dem ganzen Weg sekiert.
840 2555 2292 2661 VINCENZ. Sekieren, das ist auch eine Art von
795 2632 1192 2740 Obachtgeben.
848 2674 2252 2791 FELIX. Es ist direkt unlogisch von Ihnen, Fräu-
789 2771 1654 2873 lein Gusti, wenn Sie einerseits
852 2805 2301 2939 GUSTI sich wie ermattet niedersetzend. Also wenn Sie
795 2886 2288 3007 so anfangen, Doktor, mit einerseits und andererseits,
801 2971 1955 3081 dann bin ich überhaupt schon erschlagen.
844 3002 2307 3149 VINCENZ. Ob’s nun die Milch ist oder die gute
801 3111 2301 3242 Luft oder sonst was, du bist förmlich aufgeblüht in den
816 3196 1190 3302 vier Wochen.
1209 3310 1665 3418 Fischer-Verlag, Berlin
1179 3376 1807 3499 Spiel der Sommerlüfte
1171 3469 1749 3550 1. Fahnenkorr. am 19. 8. 29
1198 3526 1762 3641 Mographisches Institut, Leipak
