3384 4072
526 511 2900 754 Und als ich endlich völlig erwacht war, da war alle
535 688 2822 877 irdische Sehnsucht dahin. Doch mit umso helleren
538 811 2732 1064 Sinnen wurde ich mir der Sünde bewusst, die ich
565 1061 1007 1202 begangen.
553 1064 2930 1373 Josefa: Welcher Sünde? - (verstehend, doch wie mit
568 1265 2885 1545 Staunen) - dass wir einander - beinahe - verstan-
2837 1457 2924 1635 re
580 1512 1124 1662 den hätten?
565 1614 2717 1818 Kaplan: Ja, Frau Josefa. Dieser - und dieser
589 1743 2999 1953 allein. (Pause) Noch weiss ich von der Busse nichts
577 1872 2999 2134 die der Himmel über mich verhängt, -doch zum Zeichen
586 2046 2822 2260 inbrünstiger Bereitschaft und Reue habe ich mir
595 2218 2879 2437 gelpbt: - wenn jemals wieder Zweifel meine Seele
601 2419 1836 2596 versuchen sollten,mich de
