3592 4104
851 1103 2304 1320 KAPLAN. Adieu, Fräulein! Ab mit seinem Bruder nach
872 1280 2308 1468 GUSTI bleibt allein zurück, siebt den beiden eine Weile nach,
798 1314 966 1399 rechts.
813 1333 2317 1521 macht ein paar Schritte durch den Garten, dann setzt sie sich in den
806 1416 2323 1591 Schaukelstubl, nimmt das Universalbücbel, siebt binein, läßt es sinken
821 1465 2336 1657 und deklamiert, ganz einfach. „O Glück, ein jeder nennt
825 1547 2332 1722 dich unbeständig, Wenn du es bist — Sie bâlt inne, dann
823 1608 2331 1809 sagt sie vor sich bin, mit Überzeugung. Der hat mir aber be¬
826 1741 1423 1899 sonders gut gefallen!
1470 1869 1736 2044 Vorhang.
1188 2093 1658 2225 Fischer-Verlag, Berlin
1065 2165 1817 2317 Im Spiel der Sommerlüfte
2031 2137 2172 2270 18
1175 2267 1734 2376 1. Fahnenkorr. am 19. 8. 29
1075 2312 1828 2459 Bibliographisches Institut in Leipzig
