3576 4040
786 577 2136 754 VINCENZ zu Eduard. Kannst auch mitkommen.
803 684 2219 875 GUSTI. Aber pünktlich um zehn hat er wieder d
733 809 959 941 zu sein.
801 871 1491 961 VINCENZ etwas erstaunt.
807 942 1519 1044 FELIX bat schmale Lippen.
814 942 2260 1122 GUSTI zu Vincenz. Er muß mich nämlich meine Rolle
748 1093 1065 1193 überhören.
811 1057 2254 1238 VINCENZ scherzbast, wie überzeugt. Na also, dann.
831 1199 2124 1342 JOSEFA ist wieder erschienen mit einem Sonnenschirm.
1350 1274 1732 1427 Verabschiedung.
831 1387 2034 1529 VINCENZ, JOSEFA durch die Gartentüre ab.
833 1476 1785 1583 EDUARD über die Veranda ins Haus.
831 1525 2273 1663 GUSTI. Auf Wiedersehen, Hochwürden, heut nach¬
773 1636 1336 1734 mittag, nicht wahr?
837 1623 2290 1791 KAPIAN. Kaum. Ich erwarte nämlich heute Be¬
773 1766 1450 1885 such — meinen Bruder.
852 1819 1713 1932 GUSTI. Den Herrn Leutnant?
841 1885 1851 2002 KAPLAN. Ich hab' nur den einen.
843 1919 2290 2070 GUSTI. Wird er längere Zeit dableiben, Hoch-
786 2049 1044 2149 würden?
848 2049 2305 2196 KAPIAN. Leider nein. Er hat nur dienstlich in
811 2192 1174 2285 Wien zu tun.
856 2175 2126 2354 GUSTI. Wegen Avancement wahrscheinlich?
863 2264 2317 2420 KAPLAN. Davon ist, glaube ich, noch nicht die
807 2347 2320 2473 Rede. Das Regiment, bei dem er dient, wird nämlich
803 2420 2313 2547 nach Galizien versetzt, und er möchte gern in Inns¬
811 2494 2320 2633 bruck bleiben. Also auf Wiedersehen, Fräulein. Adieu,
801 2575 2090 2716 Herr Doktor. Ab durch die Gartentüre nach rechts.
1301 2652 1815 2811 FELIX, GUSTI.
1399 2762 1746 2882 Kleine Pause.
878 2775 2337 2967 FELIX verstimmt. Es war jedenfalls sehr dringend,
831 2905 2345 3031 sich zu erkundigen, wie lange der Herr Leutnant sich
831 3003 1419 3123 hier aufhalten wird.
877 3025 2313 3172 GUSTI. Also jetzt ist er auf einen Leutnant eifer
846 3103 2262 3250 süchtig, den ich überhaupt noch nie gesehen habe
1150 3267 1600 3408 Fischer-Verlag, Berlin
1024 3350 1736 3510 Im Spiel der Sommerlüfte
1103 3446 1689 3546 1. Fahnenkorr, am 19. 8. 29
1069 3499 1715 3640 Bibliographisches Institut, Leipzig
