3608 4120
1096 476 2553 593 GUSTI schreibt wieder, dann plötzlich. Jetzt hast du
1024 577 2551 681 mich ganz aus dem Konzept gebracht. Sie schreibt noch
1030 652 2539 734 rasch ein paar Zeilen, kuvertiert den Brief, schlägt ziemlich um-
1030 711 2549 820 ständlich mit der Faust auf den Brief, so daß der Tisch wackelt.
1092 797 2547 885 EDUARD ist wieder bis zum Zaun gegangen, tritt sogar aus
1024 871 2541 963 der Türe, gebt ein paar Schritte außen am Zaun vorbei, bleibt steben.
1018 920 2212 1012 Soll ich ihn vielleicht ins Kastel werfen?
1092 1002 2541 1081 GUSTI bat geglaubt, daß Eduard schon fort ist, wendet sich
1022 1061 2431 1151 brüsk um. Danke. Ich bring ihn selber auf die Post.
1086 1129 2553 1237 EDUARD. Kannst ihn mir ruhig geben, ich weiß
1028 1180 1535 1296 eh, an wen er ist.
1102 1233 2114 1345 GUSTI. Ist ja auch kein Geheimnis.
1090 1319 2541 1433 EDUARD mit gespielter Unbelangenbeit, ist längs des Zauns
1024 1409 2535 1501 wieder zurück und in den Garten. Wie man Tag für Tag
1026 1462 2541 1586 einem Menschen schreiben kann — noch dazu an einen
1024 1533 1472 1621 so faden Kerl
1090 1574 2533 1717 GUSTI. Jetzt wird’s mir aber zu dumm. Noch ein.
1028 1656 2545 1799 Wort über den Doktor, und wir sind geschiedene Leute,
2136 1756 2284 1838 l'honneur.
1028 1738 1374 1820 verstanden?
1073 1772 2539 1911 EDUARD verbissen. Natürlich versteh ich’s. Ich
1014 1891 2535 1965 versteh überhaupt mehr, als gewisse Leute meinen.
1008 1963 2535 2034 Näber bei ihr, scheinbar unvermittelt aus seiner bisher künstlich
1000 2026 2545 2093 unterdrückten Aufregung beraus, beinabe trocken. Ich kann ihn
1010 2095 2539 2173 nicht ausstehen, den faden Kerl. Am liebsten möcht' ich
1014 2147 1480 2241 ihn totschießen.
1073 2210 2063 2326 GUSTI beinabe starr. Was sagst du?
1067 2290 2515 2378 EDUARD kindisch verbissen, zwischen den Zäbnen. Tot-
1010 2347 1284 2445 schießen.
1086 2425 2537 2539 GUSTI mit entsprechender Geste. Abfahren, augenblicklich.
1067 2490 1699 2588 EDUARD bleibt steben.
1077 2556 1723 2664 GUSTI. Also geh ich.
1073 2621 1603 2713 EDUARD. Gusti!
1075 2660 2535 2807 GUSTI. Merk dir’s, wir sind geschiedene Leut’. Sie
1012 2772 1854 2862 wendet sich, als wollte sie ins Haus.
1059 2846 2631 2970 EDUARD ganz nab bei ibr. Gusti! — Verzeih mir,
1018 2893 1214 2991 Gusti.
1071 2950 1932 3081 GUSTI antwortet nicht, will geben.
1073 3038 2549 3173 EDUARD faßt ihr Kleid, wirft sich plötzlich zu Boden.
1028 3091 1574 3222 Verzeih mir, Gusti!
1312 3281 1840 3388 Fischer-Verlag, Berlin
1204 3322 1952 3469 Im Spiel der Sommerlüfte
1300 3433 1889 3524 1. Fahnenkorr. am 29. 8. 29
1243 3482 1918 3606 Bibliographisches Institut, Leipzig
