3576 4056
851 390 2311 531 FELIX. Wenn der Herr Kaplan erzählt hätte, daß
800 504 2313 607 eine alte-Tant' heut zu Besuch kommt, hättest du
794 567 2224 691 sicher nicht gefragt, wie lange sie dableiben wird.
857 605 2319 744 GUSTI. Ja, ich bin offenbar eine ganz verworfene
792 725 1020 809 Person.
843 716 2319 906 FELIX. Das hab’ ich nicht gesagt. Aber weil wir
792 855 1319 967 grad' davon reden
870 895 1782 1013 GUSTI. Von der Verworfenheit
857 963 2324 1093 FELIX. Du wirst mir zugeben, daß es nicht richtig
794 1053 2323 1161 ist, wenn eine junge Dame einen jungen Mann aus
809 1129 1496 1230 ihrem Glas trinken läßt.
872 1173 1951 1296 GUSTI. Aber ich bitt' dich — Milch!
872 1241 2311 1357 FELIX lacht unwillkürlich, wendet sich aber verdrossen ab.
876 1317 2347 1407 GUSTI. Du solltest dich wirklich schämen, Felix.
830 1394 2066 1510 Jetzt bist du gar auf den Buben eifersüchtig.
840 1453 2340 1563 FELIX. Das hat mit Eifersucht gar nichts zu tun.
819 1510 2347 1620 Das ist einfach eine Taktfrage. Im übrigen ist der
822 1592 2342 1706 Eduard kein Bub. Stell’ dich nicht so, das weißt du sehr
834 1649 2340 1770 gut. Und ich finde es höchst überflüssig, daß du mit
830 1740 1599 1858 ihm deine Rollen studierst.
893 1763 2349 1894 GUSTI. Aber ich studier' doch nicht mit ihm. Er
834 1869 2342 1991 überhört mich einfach. Er bringt mir halt die Stich¬
843 1909 2296 2043 wörter, so wie du es manchmal in Wien getan hast.
897 1980 2359 2106 FELIX. „So wie ich“ — weißt du, daran hättest
838 2060 2345 2199 du mich grad’ nicht erinnern sollen. Das ist nicht be-
845 2155 1418 2254 sonders beruhigend.
908 2187 2372 2319 GUSTI. Aber es ist auch etwas anderes. Sie küßt ihn
834 2313 998 2399 rasch.
908 2349 1506 2454 FELIX weicht zurück.
923 2414 1866 2524 GUSTI. Es hat’s niemand g'sehn.
921 2448 2380 2618 FELIX. Es war nicht deswegen. Wie lauschend. Ich
855 2578 1045 2677 glaub’
929 2566 2385 2728 GUSTI. Das kann noch nicht der Omnibus sein.
857 2690 2376 2804 Läuft nach rückwärts, siebt nach der Seite. Das ist der Wagen
870 2778 1241 2888 vom Doktor.
914 2795 2376 2962 FELIX auf die Ubr sebend. Aber in fünf Minuten ist
872 2920 1051 3023 er da.
933 2977 1395 3105 GUSTI. Leider.
1194 3132 1662 3229 Fischer-Verlag, Berlin
1055 3196 1795 3318 Im Spiel der Sommerlüfte
1161 3265 1744 3353 1. Fahnenkorr. am 19. 8. 29
1091 3314 1767 3446 Bibliographishes Institut, Leipzig
