3560 3944
748 449 2258 599 Bette saß, war in seinen Augen ein neuer, wie himm¬
748 583 2264 666 lischer Glanz. Sein Hÿndedruck zum Abschied war herz¬
741 612 2251 735 licher, bittender als sijnst. Ich höre seine Worte noch:
748 720 2247 833 „Kommen Sie heute abend wieder. Er wartet meiner
808 773 1798 888 JOSEFA. Eines Freundes. Gawiß.
802 844 2260 956 KAPLAN. Er weiß, daß ich Priester bin daß iche
750 898 2268 1004 von einemmal zum ander dringender und hoffnungs-
748 965 2278 1084 voller als Priester zu ihm prach. Von allen, was sich
744 1040 2283 1149 in den letzten Stunden mit mir und in mir begab, ist
739 1132 2278 1220 ihm nichts bekannt. Als Prieater wird a mich empfan¬
754 1188 2281 1291 gen, der ich für ihn Vin. Und wenn ef mir gelänge, das
748 1251 2228 1345 heilige Werk zu Erde zu führ###n, des ich begonnen -
754 1301 2279 1412 wenn es mir gelätge — dann durch es mir vielleicht ein
754 1393 2289 1508 Zeichen sein, d B mir die göttliche Gnade noch nicht
760 1468 1272 1583 völlig verloren ist.
821 1497 1959 1642 JOSEFA. Gehen Sie hin Hochwürden.
817 1596 2285 1733 KAPLAN. Leben Sie wohl, Frau Josefa. Er gebt
758 1685 984 1777 rasch ab.
825 1733 2293 1846 TOSE / A bleibt allein zurück, tritt in den Garten, das Wetter
754 1794 2289 1907 hat sich berubigt, sie atmal tief, blickt zur Mansarde auf, dann
756 1880 1429 2013 über die Veranda ins Hans.
1084 1972 1996 2136 Die Bühne ist leer, der Vorbang fällt.
1186 3225 1633 3339 Fischer-Ver ag, Berlin
1038 3296 1792 3442 Im Spiel der Sommerlüfte
2022 3300 2151 3435 47
1134 3373 1713 3477 1. Fahnenkorr. am 21. 8. 29
1038 3425 1829 3557 Bibliographisches Institut in Leipsig
