3544 3944
813 279 2252 481 JOSEFA. Schwäche nennen Sie, was doch nichts
766 422 2257 532 st als die begreifliche Sorge um einen Menschen, den
768 517 1058 602 Sie lieben!
796 500 2263 669 KAPLAN. Sorge um sein irdisches Das in;—nicht
787 640 1290 741 m sein Seelenheil.
809 640 2267 806 JOSEFA. Um das darf Ihnen doch nicht bange
798 758 2269 904 in. Hat Ihr Bruder sich nicht von Ihnen Resolution
813 863 978 944 holt?
840 895 1539 1007 KAPLAN zuckt zusammen.
1866 885 2286 1072 Innen? Und
849 963 1835 1081 OSEFFA. War er nicht darum bey
762 1047 1786 1155 haben Sie ihm nicht Absolution erte
817 1066 2290 1222 KAPLAN. Hatt' ich dazu das Ratht? — Und
770 1144 2288 1290 wenn ich sein Kommen auch ri###t###gedeutet seine
771 1250 2267 1349 Absicht geshnt hätte + wäre es nicht Hochmut ge¬
777 1292 2293 1436 wesen wenn ich mir anmaßen wollte + ich — ich ihn
779 1385 1621 1503 von Sünden freizusprechen :—
840 1431 2291 1560 JOSEXA. Ohne Hochmut + wo gäbe es einen
781 1518 2299 1655 Menschen der sich Mitler dinken dürfte zwischen
792 1604 1319 1702 Gott und Mensch?
840 1626 2310 1771 KAPLAN Ward ich nicht zu solchem Mittleramt
792 1710 2299 1837 geweiht? Und unbeirrt in meinem Glauben durfte ich
783 1788 2305 1911 mich dieses Amts nicht würdig halten? Nun bin ich es
785 1860 2310 1991 nicht mehr. Binses vielleicht schön lange nicht. War
796 1927 2310 2037 mir des im Innersten beyubt und wagte es nicht mir
798 1982 2312 2126 einzugestehen/ Nun ist es zu Ende mit dem Selbst-
804 2060 2320 2179 betrug. Als ich die Kirche verließ, war es nicht meine
802 2115 2316 2248 feste Absicht, zu dem alten Mann zu eilen, dessen
796 2187 2322 2314 schwankende Seele ick zu Got veleiten wollte? War
804 2259 2328 2371 ich nich schon auf halben Weg zu ihm? Was lenkte
804 2320 2328 2472 meine Schritte ab, was anderes als das Gefühl, daß ich
811 2415 1959 2538 zu solchem Amt nicht mehr verufen sei.
876 2451 2328 2588 JOSEFA. Der Hofrat selbst hat doch niemals kirch-
809 2552 2337 2688 lichen Beistand gewünscht. Sie b###uchten ihn — sagten
819 2622 1761 2728 Sie es nicht selbst — als Freund.
872 2679 2333 2782 KAPLAN. WIs wissen wir von den Stunden zwi¬
823 2736 2343 2867 schen Leben unf Tod? Ist/es nicht schrimöglich, daß
830 2808 2346 2922 es ihn in der Tjete seiner/Seele nach ### Tröstungen
836 2880 2345 3000 der Religion verlangt — ohne daß er sich dessen mit
834 2949 2348 3122 Klarheit inne wird? Heute morgens, als ick an seinem
1214 3099 1672 3234 Fischer-Verlag, Berlin
1075 3179 1820 3321 Im Spiel der Sommerlüfte
2035 3167 2153 3316 46
1172 3266 1758 3369 1. Fahnenkorr. am 21. 8. 29
1115 3329 1778 3464 Bibliographishes Institut, Leipzig
