3576 4040
943 510 1981 651 an sagt, der Lerche Harmonie sei süßt
907 598 1966 730 Nicht diese: sie zerreißt die unsre ja.
892 628 2258 801 Stets hell und heller wird’s, wir müssen scheiden.“
865 715 2293 871 EDUARD. „Hell? dunkler stets und dunkler unsre
816 792 2329 939 Leiden.“ Und jetzt kommt die Amme. Mit etwas karikiert
786 884 1635 1006 weiblicher Stimme. „Fräulein!“
877 897 2320 1072 GUSTI als Julie. „Amme?“ Lach’ nicht so dumm.
867 1031 1625 1146 EDUARD wieder ernst, liest.
929 1054 2212 1212 „Die gnäd'ge Gräfin kommt in Eure Kammer.
914 1131 2273 1268 Seid auf der Hut, schon regt man sich im Haus.
816 1230 1560 1368 Spricht. Ab. Wendet sich um.
903 1281 2105 1413 GUSTI mit Geste, als wenn sie ein Fenster öffnete.
922 1324 2244 1475 „Tag, schein herein! Und Leben, flieh hinaus!“
897 1403 2128 1571 EDUARD. Jetzt bin ich wieder der Romeo!
935 1465 2256 1637 „Ich steig’ hinab, laß dich noch einmal küssen!“
1366 1575 1896 1674 Will sie umarmen.
922 1646 1473 1755 GUSTI stößt ihn fort.
914 1669 2365 1866 EDUARD. Was willst denn? Das gehört doch zur
843 1804 1074 1919 Rolle.
916 1823 2162 1962 GUSTI. Auf den Proben wird nur markiert.
924 1877 2384 2024 EDUARD. Und von irgendeinem ganz fremden
871 1956 2378 2113 Menschen in Innsbruck wirst du dich doch abbusseln
929 2069 2387 2235 GUSTI. Ja, das kommt immer noch früh genug.
865 2101 1069 2190 lassen.
875 2194 1561 2340 Also weiter. In der Rolle.
984 2188 2352 2380 „Freund! Gatte! Trauter! Bist du mir entrissen?
991 2288 2244 2429 Gib Nachricht jeden Tag mir in der Stunde;
984 2380 2113 2508 Schon die Minut' enthält der Tage viel.
984 2434 2190 2579 Ach, so zu rechnen bin ich hoch in Jahren,
990 2511 1988 2645 Eh' meinen Romeo ich wiederseh’.
965 2583 2051 2701 EDUARD sich ein paar Schritte entfernend.
1012 2577 2429 2780 „Leb’ wohl! Kein Mittel laß ich aus den Händen,
1027 2694 2261 2852 Um dir, du Liebe, meinen Gruß zu senden.“
1193 2792 2133 2931 Läuft zum Zaun, schwingt sich darüber.
1003 2826 2432 2999 GUSTI ruft ibm nach. Eduard! Jetzt mußt du ja noch
965 2923 2124 3063 die Gräfin Capulet machen, meine Mutter.
995 3025 1727 3174 EDUARD ist verschwunden.
1386 3140 1840 3260 Fischer-Verlag, Berlin
1274 3185 1988 3352 Im Spiel der Sommerlüfte
1336 3298 1926 3405 1. Fahnenkorr. am 19. 8. 29
1497 3341 1955 3454 hisches Institut, Leipsig
