3528 4040
717 553 2264 679 demütig nur meinem Gotte zu vertrauen A doch niemals
762 659 2280 739 wieder ein sterbliches Wesen — und wäre es meinem
764 731 2280 824 Herzen unter allen das teuerste — in meine irrende
762 793 1423 895 Seele schauen zu lassen.
2390 756 3204 919 En celubde par
818 828 2276 963 JOSEFA. Wenn es dazu eist eines Oelubdes be¬
774 928 2280 1027 durfte— Sie schüttelt den Kopf. Es war nicht nötig, Hoch¬
758 994 2278 1081 würden, zum mindesten was mich anbelangt. — Für
762 1065 1272 1156 mich steh ich ein.
806 1147 2274 1247 KAPLAN der jetzt erst auch sich selbst ganz versteht. Frau
775 1187 1624 1299 Josefa, Sie sind stärker als ich.
839 1236 2274 1369 JOSEFA. Frommer, Hochwürden... Sie steben ein-
746 1338 1510 1437 ander Auge in Auge egegenüber.
822 1406 1661 1489 KAPLAN öffnet nur die Lippen.
833 1450 2170 1562 JOSEFA mit leicht abwebrender Geste. Es ist vorbei.
824 1557 2284 1663 KAPIAN ergreift ihre ihm nabe Hand; nach kurzem Zögern
762 1620 1042 1711 küßt er sie.
828 1684 2280 1767 JOSEFA küßt daraufbin sebr rasch die seine, die er ihr
2425 1686 2910 1949 & link.
762 1748 1862 1833 entziebt. Sie wendet sich zurück in den Garten.
824 1814 1634 1932 KAPLAN rasch ab nach rechts.
828 1883 1261 1990 JOSEFA allein.
762 1984 2284 2088 Weiter rückwärts Sommergäste, Dorfbewobner im Sonntagsstaat.
758 2077 2278 2197 Vorbeiziebende Touristen. Ganz in der Ferne Lachen und Stimmen,
1261 2143 1781 2264 die wieder verklingen.
818 2259 2286 2398 KATHI aus dem Haus, deckt im Freien zum Frübstück.
762 2363 1499 2458 Küß die Hand, gnä’ Frau.
2543 2299 2754 2504 12
822 2429 1549 2527 JOSEFA Guten Morgen.
818 2456 2286 2616 KATHI. Wissen gnä' Frau schon? Der ###e alte
752 2568 1847 2686 Herr Hofrat ist heut nacht gestorben.
816 2634 1247 2727 JOSEFA nickt.
2945 2618 3330 2781 Sile
818 2667 2278 2783 KATHI. Wie Seine Hochwürden hingekommen
768 2767 2319 2891 sind erschon tot Ganz ruhig ist er eingeschlafen. #
806 2852 2274 2928 FELIX von links, in sichtlicher Erregung, noch am Zaun.
2560 2829 3276 3019 + Mie reçue
762 2899 1649 3009 Guten Morgen, Frau Professor.
2522 2949 3272 3111 Hochwürde
816 2982 1611 3067 KATHI verschwindet ins Haus.
810 3042 2307 3146 JOSEFA etwas erstaunt. So früh schon, Herr Doktor?
2524 3079 3266 3229 Angekommen zu
3291 3106 3407 3229 Dein
752 3119 1091 3224 Ihm entgegen.
2473 3183 3305 3405 eines schon verbes
1108 3260 1566 3347 Fischer-Verlag, Berlin-
977 3301 1700 3429 Im Spiel der Sommerlüfte
1930 3299 2114 3456 53—
1004 3394 1673 3485 1. Fahnenkorrektur am 22. 8. 29
988 3452 1688 3568 Bibliographisches Institut, Leipzig
