3608 4136
929 418 2381 572 GUSTI. Es ist halt so schwer. Das Beste wär', glaub
874 540 2396 678 ich, ich saget ihm gar nichts und wär' plötzlich auf und
870 636 1072 720 davon.
933 623 2398 794 JOSEFA. Das wär’ vielleicht wirklich das Geschei¬
891 762 1507 847 teste. Sie trinken Kaffee.
935 804 2400 910 GUSTI. Hab' ich dir schon g'sagt, Tant' Josefa, die
878 882 2398 982 Mutter hat das große Zimmer weitervermietet an einen
889 960 2402 1066 Sektionsrat vom Ministerium. Fünfundzwanzig Gulden
885 1026 2407 1134 monatlich. Das gelbe Kabinett haben wir uns reserviert
887 1087 2409 1208 für den Fall, daß sie mich wieder nach Haus schicken.
960 1165 2411 1258 JOSEFA. Sie werden dich schon nicht nach Haus
893 1226 2223 1334 schicken. Mit dem G'sichtl und mit der Figur!
960 1305 2404 1412 GUSTI balb scberzbaft. Und von meinem talent re¬
899 1370 1414 1480 dest du gar nicht?
961 1414 2421 1566 JOSEFA. Das ist nicht immer die Hauptsache beim
901 1524 1161 1628 Theater.
971 1543 2422 1670 GUSTI. Bei mir schon. Übrigens ist es auch in der
902 1634 2424 1731 Zeitung gestanden nach der Schlußvorstellung vom
902 1689 2411 1811 Konservatorium: „Verheißungsvolle Begabung, an-
901 1769 2432 1877 mutige Erscheinung.“ Nimmt einen kleinen Zeitungsausschnitt
908 1835 2419 1946 aus dem Portemonnaie, liest. „Fräulein Edith Neumann verriet
914 1911 2421 2003 immerhin die Anfängerin“... Und die Ansängern ha¬
922 1965 2426 2079 ben sie nach Hamburg engagiert und mich nach Inns¬
922 2052 2367 2147 bruck. Na, wenigstens ist es nicht so weit von Wien.
984 2111 2109 2221 JOSEFA. Das könnt' dir doch egal sein.
980 2179 2432 2278 GUSTI. Aber für den Doktor ist es nicht egal. Der
923 2246 2438 2398 wird mich doch regelmäßig besuchen; mindestens alle
914 2335 1343 2422 Monat einmal.
982 2366 2447 2491 JOSEFA. Ich möcht' mir so was nicht einrichten an
925 2466 2443 2557 deiner Stelle. Es tut kein gut. In solchen Fällen gibt’s
927 2525 2442 2626 nur ein Entweder-Oder. Sei froh, daß du hinaus in
931 2580 2451 2687 die Welt kommst mit deinen neunzehn Jahren, in die
929 2673 1689 2774 Freiheit und ins Leben...
1001 2719 2459 2829 GUSTI beinabe grob. Ich pfeif' auf die ganze Freiheit..
946 2787 2459 2909 Und auf meine neunzehn Jahr am allermeisten. Ich
940 2869 2405 2968 wollt', ich wär lieber neunzig, und alles wäer' vorbei.
1007 2926 2470 3048 JOSEFA. Du redest einen schönen Unsinn. Vorbei!
935 3008 2466 3101 Unterdrückt, leidenschaftlich. Du weißt nicht, was das
940 3093 1400 3200 heißt — vorbei.
1319 3230 1771 3355 Fischer-Verlag, Berlin
1174 3312 1925 3456 Im Spiel der Sommerlüfte
2139 3312 2280 3441 22
1269 3401 1862 3494 I. Fahnenkorr. am 20. 8. 29
1226 3450 1889 3587 Bibliographishes Institut, Leipsig
