3624 4120
989 654 2454 776 GUSTI. Ja, sag' mir, bist du denn ganz verrückt?
922 754 2454 864 So steh doch auf. Milder. Wenn da Leut' vorüberkommen.
981 799 2331 908 EDUARD sich balb erhebend, faßt nach ihren Händen.
989 826 2456 981 GUSTI. Laß meine Händ' aus, was fallt dir denn ein?
916 949 2454 1060 Schlag auf seine Hände. Da er sie nicht losläßt, wiederbolt sie den
924 1044 1104 1144 Schlag.
983 1048 2459 1205 EDUARD fällt der Länge nach bin, das Gesicht auf dem
929 1169 1681 1253 Boden, fängt zu schluchzen an.
1002 1207 2459 1323 GUSTI. Da hört sich aber doch wirklich alles auf.
935 1281 2463 1402 So ein großer Bub und weint. Schämst du dich denn
941 1343 2469 1484 gar nicht? Wenn du nicht augenblicklich aufstehst und
947 1438 1503 1530 zu weinen aufhörst
1006 1442 2490 1589 EDUARD rasch aufspringend. Wer sagt dir denn, daß
945 1553 2477 1656 ich wein'? Ganz im Gegenteil, lachen tu ich — haha!
1019 1622 2465 1727 GUSTI. Also Komödiespielen auch noch? Das hab’
954 1691 2477 1811 ich besonders gern. Wahrscheinlich ist dir der Romeo
3058 1712 3169 1800 2
949 1754 2475 1880 in den Kopf gestiegen. Aber damit ist es aus, endgültig,
966 1857 1406 1947 das sag’ ich dir.
1014 1861 2475 2008 EDUARD stebt da wie ein trotziger Schulbub. Der Herr
954 1978 1930 2087 Doktor verbietet’s wahrscheinlich.
1037 2039 2203 2148 GUSTI sich auf dem Absatz umdrebend, will ab.
1025 2108 2400 2234 EDUARD. Also, was den Doktor anbelangt
966 2173 2490 2284 gezwungen in Hinsicht nämlich, was ich früher gesagt
972 2241 2494 2389 hab' — brauchst keine Angst zu haben, ich tu ihm
968 2335 1180 2431 nichts.
1037 2343 2505 2471 GUSTI. Aber geh. Sieb wieder umwendend, künstlich lacbend.
989 2463 2502 2546 Welche Großmut. Er tut ihm nichts. Etwas näber zu ihm.
987 2507 2503 2611 Was bildest du dir überhaupt ein!! Man möcht’s ja
981 2586 2503 2685 nicht glauben. Statt daß du dich geschmeichelt fühlst,
987 2645 2509 2752 daß ein erwachsener Mensch überhaupt mit dir red’t
993 2716 2431 2823 und so einen Buben behandelt wie seinesgleichen
1052 2802 2085 2901 EDUARD. Ich bin kein Bub, Gusti.
1048 2838 2517 2947 GUSTI. Und noch was für einer! Das ist ja auch
993 2913 2507 3031 die einzige Entschuldigung für dein Benehmen. Und
989 3005 2406 3125 ich sag's dir, wenn so was noch einmal vorkommt
1048 3081 2010 3171 EDUARD. Na also, was ist dann?
1061 3117 2526 3251 GUSTI. Fahr' ich stante pede hinein nach Wien zu
1002 3221 1454 3335 meiner Mutter.
1381 3366 1847 3488 Fischer-Verlag, Berlin
1243 3420 1987 3597 Im Spiel der Sommerlüfte
2211 3435 2343 3574 29
1323 3529 1918 3620 1. Fahnenkorr. am 20. 8. 29
1287 3588 1979 3724 Bibliographisches Institut, Leipaig
