3544 4024
773 399 2012 573 JOSEFA. Schwäche nennen Sie, was doch
712 510 2029 651 ist als die begreifliche Sorge um einen Mensch.
723 617 1029 710 Sie lieben!
779 609 1813 777 KAPLAN. Sorge um sein irdisches I
744 735 1269 849 um sein Seelenheil.
1886 722 2117 867 nicht b
804 760 1880 922 JOSEFA. Um das darf Ihnen doch
733 840 2031 981 sein. Hat Ihr Bruder sich nicht von Ihnen Ab
750 956 970 1054 geholt?
804 1002 1527 1101 KAPLAN zuckt zusammen.
815 1019 2002 1182 JOSEFA. War er nicht darum bei Ihne
756 1115 1823 1252 haben Sie ihm nicht Absolution erteilt
2132 1147 2268 1258 Und
1827 1155 2012 1264 Recht?
794 1189 1785 1311 KAPLAN. Hatt' ich dazu das
1832 1239 2283 1338 gedeuret, seine
765 1258 1802 1372 wenn ich sein Kommen auch richtig
750 1306 2256 1453 Absicht geshnt hatte — wäre es nicht Hochmut ge¬
1863 1372 2285 1493 ich ich ihn
769 1405 1798 1525 wesen, wenn ich mir anmaßen wolite
760 1477 1571 1582 von Sünden freizusprechen?
1863 1474 2287 1609 gäbe es einen
1712 1516 1809 1619 we
802 1538 1636 1655 JOSEFA. Ohne Hochmut
1840 1579 2292 1697 dürfte zwischen
765 1615 1811 1729 Menschen, der sich Mittler dünken
783 1685 1321 1788 Gott und Mensch?
828 1718 2304 1840 KAPLAN. Ward ich nicht zu solchem Mittleramt
775 1788 2300 1935 geweiht? Und unbeirrt in meinem Glauben durfte ich
781 1848 2306 1989 mich dieses Amts nicht vürdig halten? Nun bin ich es
783 1928 2315 2063 nicht mehr. Bin es vielleicht schon/lange nicht. War
783 1989 2315 2119 mir des im Innersten bewußt und vagte es nicht mir
792 2048 2294 2197 einzugestehen. Nun ist es zu Ende mit dem Selbst-
794 2111 2319 2254 betrug. Als ich die Kirche verließ war es nicht meine
798 2205 2319 2353 feste Absicht, zu dem alteri Mini zi eilen, dessen
800 2264 2334 2395 schwankende Seele ich zu Go###t geliiteh wollte? War
800 2338 2325 2462 ich nicht schon auf halbem Weg zu ihm? Was lenkte
802 2397 2327 2554 meine Schritte ab, was anderes s das Gefühl, daß ich
807 2499 1848 2621 zu solchem Amt nicht mehr berufen
1914 2481 2325 2634 niemals kirch-
882 2558 1878 2676 JOSEFA. Der Hofrat selbst ha do
817 2611 2336 2751 lichen Beistan### gewünscht. Sie besuchten ihn — sagten
830 2697 1764 2810 Sie es nicht selbst — als Freund.
878 2737 2338 2865 KAPLAN. Was wissen wir von en Stunden zwi-
834 2789 2352 2953 schen Leben und Tod? Ist es nicht ehr möglich, daß
847 2875 2355 3014 es ihn in der Tiefe seiner Seele nach den Tröstungen
838 2953 2355 3083 der Religion verlangt — ohne daß er sich dessen mit
836 3027 2355 3174 Klarheit inne wird? Heute morgens, als ich an seinem
1224 3193 1678 3300 Fischer-Verlag, Berlin
1090 3243 1808 3382 Im Spiel der Sommerlüfte
1180 3336 1756 3434 l. Fahnenkorr. am 21. 8. 29
1208 3394 1775 3503 liographishes Institut, Leipzig
