3624 4136
940 492 2476 649 hätt' man nicht den Offizier angesehen und mir nicht
950 622 1621 729 den geistlichen Herrn.
1024 643 2476 782 GUSTI. Und hätt' vielleicht sogar verkehrt geraten.
1019 710 2476 845 KAPIAN. Schon möglich. In der Empfindung, sich doch
967 794 2485 942 etwas vergeben zu haben. Ich muß mich leider jetzt ver¬
969 910 1299 1000 abschieden.
1032 921 1921 1076 JOSEFA. Zum Herrn Hofrat?
1034 1041 1495 1129 KAPLAN nickt.
1043 1041 2487 1206 JOSEFA. Ich lasse ihm von Herzen baldige Besserung
990 1185 1299 1286 wünschen.
1036 1169 2503 1330 KAPLAN. Ich werd’s bestellen, Frau Josefa. Reicht
990 1276 2514 1398 sowohl Josefa wie Gusti die Hand, Handküsse wehrt er ab, dann
990 1339 2459 1473 zu Eduard, der von der Veranda in den Garten gekommen ist.
1059 1404 2518 1545 EDUARD begleitet den Kaplan zur Gartentüre, und sie geben
998 1526 1507 1623 beide zusammen fort.
1066 1534 2524 1684 KATHI räumt den Tisch in der Veranda ab, dann gebt sie
1007 1671 1192 1782 wieder.
1642 1692 1904 1804 Schweigen.
1074 1793 2533 1942 GUSTI. In Zivil möcht’ er bestimmt besser aussehen
1019 1888 2539 2022 als in dem — Geste, die den hochgeschlossenen Rock bezeichnet.
1026 1988 1635 2129 Und gar in uniform!
1612 2033 1965 2163 Wieder Pause.
1083 2117 2552 2304 JOSEFA. Ich werd’.mich jetzt auf den Weg machen
1112 2257 1740 2352 den Vincenz abholen.
1108 2270 2562 2426 GUSTI. Mit so einem frühen Zug wird er doch
1040 2413 1541 2508 nicht ankommen.
1104 2428 2571 2564 JOSEFA. Wenn die Exzellenz noch nicht da sein
1041 2495 2566 2636 sollte — warum nicht? Willst du mich vielleicht zur
1061 2609 1515 2714 Bahn begleiten?
1118 2629 2577 2760 GUSTI kopfschüttelnd. Ich muß noch einen Brief an
1061 2747 1686 2842 den Doktor schreiben.
1120 2743 2581 2930 JOSEFA. Morgen ist doch Sonntag. Kommt er nicht
1066 2897 1307 2993 heraus?
1125 2880 2583 3025 GUSTI. Das ist nicht sicher. Höchstens gegen Abend.
1066 2978 2592 3111 Ich schreibe expreß, da hat er den Brief schon in aller
1064 3102 1259 3201 Früh'.
1408 3220 1877 3355 Fischer-Verlag, Berlin
1278 3289 2020 3434 Im Spiel der Sommerlüfte
2249 3256 2381 3411 25
1387 3372 1946 3487 1. Fahnenkorr. am 20. 8. 29
1278 3422 2033 3578 Bibliographisches Institut in Leipsig
