3512 3976
872 320 2307 464 JOSEFA. Gewiß. Aber eins ist noch gewisser. Zuerst
795 431 2311 537 zögernd. Hochwürden verzeihen — daß er vorher irgend
803 502 1874 606 etwas erlebt hat, das die Reue lohnt.
866 571 1544 667 KAPLAN leise Bewegung.
864 604 2321 738 JOSEFA immer bestimmter. Und wenn’s nicht Glück
801 705 2324 824 war, so war es doch — Freude; eine schöne Stunde
809 774 1504 866 wenigstens — oder viele.
851 816 2326 926 KAPLAN nach einer kleinen Pause, in einem neuen Ton, fremd
791 912 2313 1000 beinabe. Ich hätte Sie mit meinen persönlichen An¬
795 979 2319 1075 gelegenheiten nicht behelligen dürfen. Ich sehe zu
803 1054 2313 1142 meinem Schmerz, daß der Brief meines beklagens¬
801 1129 2322 1196 werten Bruders Sie in Unruhe, wenn nicht gar in
795 1178 2317 1276 Zweifel gestürzt hat. Das war nicht meine Absicht.
803 1257 1985 1345 Als wollte er geben, streckt ihr die Hand entgegen.
857 1292 2324 1412 JOSEFA. Bitte machen sich Hochwürden doch
795 1384 2322 1472 keine Vorwürfe. Er hat mich natürlich sehr bewegt,
809 1453 2330 1529 dieser Brief. Aber was die Zweifel anbelangt — es ist
803 1512 2311 1621 Ihnen ja nicht unbekannt, Hochwürden —, dazu hab’
803 1604 2259 1675 ich wohl schon von Natur aus eine gewisse Anlage.
864 1659 1523 1755 KAPLAN will abwehren.
866 1728 2321 1815 JOSEFA. Man weiß ja selber nicht immer davon.
795 1790 2298 1880 Aber es gibt eben Tage — Stunden, da spürt man deut¬
795 1861 2305 1978 licher als sonst, wie es in Wirklichkeit in einem aus¬
797 1937 1016 2043 schaut.
857 1972 2326 2075 KAPLAN. Gerade solche Stunden, Frau Josefa,
803 2066 2309 2165 solche Stunden des Zweifels, sagen wir lieber /der in-
797 2140 2119 2227 neren Unruhe, pflegen sehr trügerisch zu sein.
866 2202 2326 2290 JOSEFA. Ich weiß nicht, Hochwürden. Das sind
801 2277 2317 2361 vielleicht gerade die aufrichtigen, die wahrhaftigen
803 2347 2311 2430 Stunden, in denen man ganz versteht, was man er-
801 2413 2255 2501 lebt — und zugleich ahnt, was man versäumt hat.
855 2493 2334 2570 KAPLAN stark, aber nicht bart. Versündigen Sie
797 2547 2338 2664 sich nicht, Frau Josefa. Sie, die Gott so reich gesegnet
803 2620 1702 2719 hat vor vielen anderen Frauen.
864 2660 2319 2777 JOSEFA. Ja, wenn man das auch wirklich besäße,
809 2763 2321 2842 womit einen Gott gesegnet hat. Über keine Mutter hat
799 2813 2326 2895 ihren Sohn, und keine Frau hat ihren Mann — so wie
801 2890 2324 3014 sie ihn haben möchte. Wenn es gerade ruft und lockt
1238 3060 1698 3141 Fischer-Verlag, Berlin
1102 3114 1842 3227 Im Spiel der Sommerlüfte
1186 3187 1763 3281 1. Fahnenkorr. am 21. 8. 29
1115 3217 1849 3348 Bibliographisches Institut in Leipzig
