3592 4120
816 405 2324 564 ist; sie bolt sich dann ein Cape aus der Hängematte. Dann setzt sie
816 513 1740 621 sich wieder bin und beginnt zu schreiben.
882 525 2337 697 EDUARD kommt zurück, gebt rückwärts vorbei an Gusti, die
822 633 2320 759 sich flüchtig nach ihm umwendet und weiterschreibt. Er gebt ins Haus,
828 710 1854 826 von der Veranda aus wendet er sich zu Gusti.
888 775 1882 890 EDUARD. Die Mutter schon fort?
894 865 1725 956 GUSTI nickt nur, schreibt weiter.
896 890 2341 1047 EDUARD. Wo ist sie denn hingegangen? Auf die
831 1017 1038 1104 Bahn?
909 1023 2110 1157 GUSTY. Du weißt's ja eh, was fragst denn?
903 1043 2335 1239 EDUARD übertrieben böflich. O bitte um Entschuldi¬
841 1157 2354 1320 gung, ich hab' nicht stören wollen. Ins Haus, erscheint bald
854 1246 2119 1371 oben auf dem Balkon der Mansarde, pfeift vor sich bin.
922 1333 1668 1434 GUSTI siebt ärgerlich binauf.
918 1352 2363 1509 EDUARD. Zu dumm, daß aus der botanischen Ex¬
854 1475 1631 1585 kursion nichts geworden ist
924 1447 2371 1649 GUSTI. Geh, halt deinen Monolog woanders. Schreibt
928 1631 2384 1797 EDUARD verschwindet von dem Balkon, erscheint nach we¬
865 1646 1032 1721 weiter.
867 1693 2380 1852 nigen Sekunden schon, man bört ihn die Treppe berunterkommen, auf
865 1791 2388 1913 der Veranda unten, sagt mit einem plötzlichen Entschluß etwas ver-
873 1843 2388 1985 legen und dadurch zu frech zu Gusti. Wirst du nicht bald
873 1924 2110 2070 fertig sein mit der blöden Briefschreiberei?
951 1951 2397 2125 GUSTI zornig. Was geht denn das dich an! Sie stellt
886 2047 2399 2183 sich zorniger, als sie ist, nimmt ihren angefangenen Brief auf, erhebt
890 2157 1680 2255 sich balb, als wollte sie fortgeben.
947 2159 2413 2329 EDUARD zu ihr bin. Sei nicht gleich so bös, Gusti.
956 2252 2297 2390 GUSTI. Es ist überhaupt zu windig heraußen.
960 2293 2409 2456 EDUARD. Weißt du was, Gusti — wenn du viel¬
900 2388 2413 2540 leicht später doch noch ein bissl' spazierengehen möch-
905 2447 2428 2608 test — bis zur Fallenböckhütte — ich könnt' auf dich
911 2585 1150 2676 warten.
973 2634 1615 2744 GUSTI. Ich bedauere.
971 2638 2430 2797 EDUARD. Nämlich — ich hätte etwas mit dir zu
915 2788 1307 2884 reden, Gusti.
987 2776 2445 2926 GUSTI etwas befremdet. Wird schon nicht so Wichtiges
990 2937 2454 3092 EDUARD. Wie man’s nimmt. Es hätt’ natürlich auch
936 2922 1072 3032 sein.
945 3057 1413 3185 bis Abend Zeit.
1390 3185 1850 3305 Fischer-Verlag, Berlin
1269 3240 1994 3401 Im Spiel der Sommerlüfte
1305 3329 1971 3449 1. Fahnenkorrektur am 20. 8. 29
1299 3401 1985 3517 Bibliographisches Institut, Leipzig
