3496 4072
811 564 2284 699 KAPLAN. Eine schwere Prüfung war es auf jeden
766 674 910 770 Fall.
828 726 2282 809 GUSTI nickt, dann lächelt sie unwillkürlich. Und der
756 800 1858 908 Herrgott hat sie wunderbar bestanden.
819 870 2029 963 KAPLAN weicht unwillkürlich ein wenig zurück.
830 946 1894 1047 GUSTI. Nicht bös sein, Hochwürden.
954 1018 2113 1150 JOSEFA und VINCENZ kommen reisefertig.
825 1125 2286 1235 KATHI von draußen kommend, außerhalb des Zauns. Der
775 1220 2090 1319 Omnibus hält schon bei der Villa Fallenböck
2189 1216 2291 1300 wo
766 1265 2290 1391 früher immer der arme Herr von Fallenböck ein¬
777 1358 2056 1450 gestiegen ist. Nimmt der Josefa eine Handtasche ab.
828 1417 1824 1503 KAPLAN tritt zu Josefa und Vincenz.
830 1457 2132 1581 EDUARD kommt mit seinem Rucksack in der Hand.
842 1554 2290 1638 GUSTI tritt zu ihm. Also, Eduard, ich wünsch’ dir
771 1619 2291 1727 schönes Wetter für heute und auch sonst alles Gute,
777 1691 1670 1784 besonders für die Nachprüfung.
838 1735 2297 1843 EDUARD. Was heißt denn das? Du kommst doch
775 1828 1531 1934 heut abend wieder heraus?
861 1921 2208 2014 VINCENZ und JOSEFA steben mit dem Kaplan,
771 1991 2295 2101 KATHI bat das Handgepäck genommen und gebt damit ab.
834 2067 2293 2183 GUSTI schüttelt den Kopf. Ich komm heut abend nicht
770 2174 992 2259 heraus.
834 2215 1999 2322 EDUARD. Erst morgen? Warum denn?
842 2257 2295 2422 GUSTI schüttelt wieder den Kopf. Auch morgen nicht,
781 2375 1188 2460 ich bleib drin.
2010 2394 2160 2512 G.C.F.P.
842 2419 1592 2535 EDUARD. Du bleibst —?
846 2495 2293 2586 GUSTI. Vielmehr ich fahr’ übermorgen schon ins
790 2571 2295 2662 Engagement. Am Mittwoch fangen die Proben an. Wir
781 2645 1938 2742 müssen uns also schon heut Adieu sagen.
846 2681 2284 2829 EDUARD beftig. Das — das laß ich mir nicht ge-
785 2780 975 2886 fallen.
846 2822 1892 2945 GUSTI weist ihn mit den Blicken zurecht.
849 2892 2290 3017 EDUARD unbeberrscht. Das ist ein ganz gemeiner Be-
794 2987 1288 3091 trug, Gusti. Das
851 3013 2305 3141 GUSTI leise. Sei g’scheit. Zeig’, daß du ein Mann
792 3116 2312 3232 bist. Wieder laut. Also, Adieu, Eduard! Blick zu Josefa
2073 3376 2208 3507 67
