3624 4136
1091 365 2538 556 GUSTI. Werden wir sehen, ob du mir’s verbieten
1088 522 2552 680 EDUARD. Verbieten kann ich dir's freilich nicht.
1034 533 1208 635 wirst.
1032 614 2553 749 Aber das schwör’ ich dir, wenn du der Mutter was sagst
1038 688 2548 826 oder wem immer — paß gut auf, Gusti —, wenn du
1051 753 2550 893 was sagst — bring ich mich um. So, jetzt hab’ ich’s ge¬
1105 854 2555 1030 GUSTI. Du versündigst dich, Eduard. Man red’
1045 879 1355 971 schworen.
1049 1005 1625 1101 nicht immer gleich -
1120 1032 2580 1175 EDUARD. Das ist mir ganz egal, ob das eine Sünde
1055 1089 2574 1246 ist oder nicht. Überhaupt, an solche Sachen glaub' ich
1055 1162 2582 1303 nicht — daß du’s weißt, damit kann man mich nicht
1065 1246 2582 1378 schrecken. Und es schafft’s dir ja niemand, daß du der
1070 1290 2592 1453 Mutter was sagst. Hängt ja alles bloß von dir ab. Die
1065 1368 2592 1508 achte Klass’ kann ich schließlich auch in Innsbruck
1063 1433 2599 1592 machen, und das Geld verdien' ich mir schlimmstenfalls
1068 1516 2595 1653 mit Lektionen, wenn du mich nicht gleich im Theater
1076 1626 1462 1735 unterbringst.
1141 1619 2611 1776 GUSTI. Nein, wenn man dich so hörti Und an
1088 1720 2605 1841 mich — an mich denkst du überhaupt nicht? An meine
1091 1783 2609 1915 Stellung? Was fallt dir denn nur ein? Am nächsten Tag
1086 1863 2615 1997 müßt' ich ja auf und davon. Eine junge Schauspielerin,
1093 1913 2620 2053 die sich aus Wien einen Schulbuben mitbringt. Lawohl,
1107 1980 2620 2123 einen Schulbuben. Wenn man's nicht wüßt' — könnt'
1105 2039 2618 2196 sich ein erwachsener Mensch überhaupt so benehmen!
1110 2123 2630 2263 Ein erwachsener Mensch weiß, daß er eine junge Dame
1114 2175 2636 2332 nicht kompromittieren darf. Ein erwachsener Mensch
1122 2295 2248 2401 wird sich vor allem ritterlich benehmen.
1174 2326 2632 2464 EDUARD. Aber der Doktor, der darf dich kom-
1124 2446 1500 2555 promittieren
1181 2435 2655 2597 GUSTI. Du, Eduard, ich sag' dir’s zum letztenmal
1177 2548 2645 2657 noch ein Wort über den Doktor, und wir sind übers¬
1137 2578 2657 2727 haupt fertig miteinander. Wieder ein wenig einlenkend. Der
1143 2662 2655 2798 Doktor wird so wenig nach Innsbruck kommen wie du
1145 2725 2666 2892 oder irgendwer anderer. Ich hab' was Gescheiteres und
1145 2792 2664 2938 was Wichtigeres zu tun in Innsbruck, als Besuche von
1145 2875 2655 3066 Herrn zu empfangen oder Schulbuben. Ich hab’ zu ar¬
1567 3018 2022 3155 Fischer-Verlag, Berlin
1437 3102 2171 3253 Im Spiel der Sommerlüfte
1502 3192 2095 3303 1. Fahnenkorr. am 22. 8. 29
1477 3255 2152 3385 Mibliographisches Institut, Leipzig
