3592 4120
1091 309 2590 459 ein Regen käm'. Stebt binter Eduard, guckt in sein Heft.
1091 421 2171 539 Was sind das für komische Buchstaben?
1118 448 2584 579 EDUARD. Chinesische natürlich. Ich hab doch
1072 556 2582 638 Nachprüfung in Chinesisch. Klappt sein Heft zu. So, für
1057 647 2581 715 heute wär’s genug. Was ich dich hab’ fragen wollen,
1070 710 2571 816 Gusti. Möchtest du vielleicht später mit mir spazieren¬
1076 770 1281 867 gehen?
1133 814 2230 922 GUSTI zu Eduard. Bei der Temperatur!
1123 907 2159 985 EDUARD. Später, hab' ich g'sagt.
1133 977 2190 1053 KATHI bringt den Kaffee in die Veranda.
1138 1002 2586 1157 GUSTI. Holt dich denn nicht der Herr Kaplan ab
1076 1110 1598 1207 zum Botanisieren?
1129 1133 2588 1298 EDUARD. Ist doch heut sein Bruder da — der
1074 1247 1510 1347 Herr Leutnant.
1129 1277 2588 1398 KATHI. Grad sind sie im Wagerl vorbeigefahren,
1072 1379 2588 1507 Seine Hochwürden und der Herr Leutnant. Gegen die
1078 1453 1457 1548 Bahn zu. Ab.
1123 1480 2564 1619 EDUARD. Da werde ich mich jedenfalls fertig
1072 1605 2579 1681 machen für den Fall, daß Hochwürden doch noch kom¬
1072 1645 2581 1778 men sollte. Geh, laß mir den Kaffee stehen, Mutter.
1070 1729 1400 1818 Ab ins Haus.
1138 1751 2582 1911 GUSTI. Möchtest du nicht so gut sein, Tante Jo¬
1072 1873 2040 1960 sefa, und mir den Kragen richten?
1129 1941 2581 2030 JOSEFA ist ihr bebilflich, streicht ihr den Kragen zurecht.
1133 1990 2577 2114 GUSTI. Kann dir leid tun, daß du ihn nicht gesehen
1070 2061 1216 2165 hast.
1144 2127 1611 2230 JOSEFA. Wen?
1144 2159 2586 2296 GUSTI. Den Leutnant. Ein bildhübscher Mensch.
1076 2269 2342 2368 Sehn sich übrigens sehr ähnlich, die Brüder.
1133 2321 2586 2429 EDUARD erscheint auf dem Balkon der Mansarde, trocknet
1080 2404 2588 2505 sieb mit einem Handtuch Gesicht und Hände, guckt binunter, noch
1083 2471 2586 2581 während Josefa der Gusti das Kleid richtet, und verschwindet wieder.
1154 2548 2584 2666 JOSEFA zu Gusti. Na, was hat denn der Doktor ge-
1076 2613 1231 2706 sagt?
1150 2656 2004 2767 GUSTI. Blick des Nichtverstebens.
1144 2729 2442 2844 JOSEFA. Zu deinem Engagement, mein’ ich?
1146 2839 2228 2901 GUSTI. Er weiß ja noch nichts davon.
1156 2888 2231 3011 JOSEFA. Noch immer nicht? Na geh!
1376 3042 1837 3144 Fischer-Verlag, Berlin
1233 3102 1975 3222 Im Spiel der Sommerlüfte
2201 3106 2328 3260 21
1305 3192 1903 3285 1. Fahnenkorr. am 20. 8. 29
1269 3247 1964 3355 Bibliographisches Institut, Leipsig
