3528 4072
723 504 1962 642 JOSEFA. Wir fahr'n mit dir hinein, Gusti.
712 604 1496 697 GUSTI etwas befomdet. Wie?
708 659 2165 771 JOSEFA. Wir sind nämlich von Seiner Exzellenz
648 735 2165 839 zum Essen eingeladen. Und ich bleib vielleicht auch
651 805 1553 918 schon ganz drin, was, Vincenz?
714 856 2174 962 VINCENZ immer befremdeter. Ist denn das dein Ernst?
714 926 2176 1051 JOSEFA. Wär' doch das Gescheiteste. Es herbstelt
657 1021 1269 1121 eigentlich schon sehr.
714 1078 1852 1174 VINCENZ. Das kann ich nicht finden.
727 1140 2165 1250 GUSTI. Wir haben gestern ein fürchterliches Ge¬
672 1221 1079 1326 witter gehabt.
722 1267 1318 1386 VINCENZ nickt nur.
740 1339 1890 1439 GUSTI. Drum ist es auch heut so frisch.
733 1377 2189 1532 VINCENZ. Mir kommt's eher noch ein biss'l
672 1507 1013 1591 schwül vor.
739 1528 2195 1655 JOSEFA rasch. Und der Bub könnt' uns morgen
676 1623 2193 1735 gleich nachkommen. Es ist ja vielleicht ganz gut wegen
682 1678 2195 1788 der Nachprüfung. Und ich mocht' auch nicht, daß er
676 1746 1911 1860 mit der Kathi da allein in dem Haus bleibt.
746 1827 2199 1920 GUSTI. Seine Hochwürden wird schon auf ihn
693 1867 2197 1996 Obacht geben — und ihm nebstbei in Griechisch helfen.
750 1949 1918 2057 VINCENZ immer befremdeter, ruft. Eduard!
765 2002 2206 2144 JOSEFA. Pst, er schlaft noch. Das Wetter hat ihn
687 2077 2210 2193 nämlich gestern erwischt. Ganz durchnäßt ist er nach
693 2146 2212 2259 Hause gekommen. Ich hab’ ihn ins Bett gesteckt und
693 2250 1471 2350 ordentlich schwitzen lassen.
763 2297 2110 2407 VINCENZ. Er ist doch nicht krank am Ende?
771 2358 2216 2479 JOSEFA. Keine Spur. Grad früher war ich oben.
697 2437 1576 2536 Er schlaft wie ein Murmeltier.
763 2521 1560 2623 VINCENZ. Wie man sieht.
763 2538 2216 2668 EDUARD erscheint auf dem Balkon der Mansarde. Guten
706 2623 2187 2733 Morgen, Vater! Sebr im Negligé, verschwindet gleich wieder.
769 2689 2231 2814 VINCENZ nach einer kleinen Weile, gebt über die Veranda
704 2799 947 2905 ins Haus.
784 2791 2231 2960 JOSEFA rasch zu Gusti. Warum ist denn der Doktor
718 2920 1562 3038 gar so geschwind wieder weg?
786 2971 2248 3085 GUSTI. Er hat's in der Zeitung gelesen von meinem
723 3041 2240 3182 Engagement. Er war so bös, daß ich ihm früher nichts
1148 3199 1602 3284 Fischer-Verlag, Berlin
1002 3238 1746 3369 Im Spiel der Sommerlüfte
1968 3236 2108 3367 61
1081 3324 1670 3428 1. Fahnenkorr. am 22. 8. 29
1032 3394 1720 3509 Bibliographisches Institut, Leipzig
