3512 4040
799 555 2271 683 JOSEFA. Hochwürden wollen in den Markt hin-
761 660 2282 744 ein? Windstoß. Es wird aber gleich was da sein. Vielleicht
761 732 2277 831 treten Hochwürden so lange ein, — es kann sich ja
770 797 1276 884 wieder verziehen.
840 840 2197 952 KAPLAN. Wenn Sie gestatten, Frau Professor.
840 937 2271 1039 JOSEFA immer mebr befremdet. Ich komm gleich hin-
766 1001 2275 1096 unter, Hochwürden. Schließt die Balkontüre, verschwindet für
761 1073 1045 1149 eine Weile.
821 1136 1624 1215 KAPLAN tritt in den Garten.
831 1190 2269 1308 JOSEFA erscheint bald auf der Veranda, dem Kaplan ent¬
759 1268 1628 1374 gegen. Bitte sehr, Hochwürden.
831 1346 2271 1442 KAPLAN. Ich war nämlich tatsächlich auf dem
774 1400 1949 1505 Weg in den Markt — vielmehr zur Bahn.
840 1453 2277 1567 JOSEFA jast erschrocken. Zur Bahn —? Hochwürden
753 1540 1985 1645 haben doch grad früher den Herrn Bruder
827 1601 2269 1690 KAPIAN. Die Sache ist nämlich die. Eben wie ich
768 1682 2271 1766 das Haus verlassen will — zum Hofrat — und auf dem
768 1752 2265 1843 Schreibtisch Ordnung mache, fällt mir ein Brief von
759 1817 1628 1900 meinem Bruder in die Hände.
836 1875 2269 1995 JOSEFA. Vom Herrn Leutnant? Den Hochwürden
768 1953 1760 2051 eben auf die Bahn begleitet haben?
823 2012 2262 2104 KAPLAN. Ich hätte ihn offenbar erst morgen nach
759 2078 2262 2180 der Messe finden sollen— der Robert hat das ein bißchen
765 2165 2254 2245 ungeschickt angestellt.— Aber es ist wohl eine Fügung,
770 2224 2010 2330 daß ich den Brief schon jetzt gefunden habe.
827 2299 2144 2388 JOSEFA vorsichtig. Es ist doch nichts passiert?
831 2362 1809 2475 KAPLAN rasch. Nein. Noch nicht
1928 2350 2269 2466 Schweigt, siebt
753 2432 1065 2517 vor sich bin.
827 2477 1913 2604 JOSEFA ängstlich fragend. Hochwürden!
821 2587 2269 2661 KAPLAN wie zu sich kommend. Frau Professor, Sie
751 2640 2260 2727 sind ja eine so kluge und gute... vielleicht... daß
751 2702 2260 2816 Sie — Nimmt den Brief aus der Tasche. Wenn Sie erlauben,
759 2778 2167 2854 Frau Josefa; möchte ich Ihnen den Brief vorlesen.
816 2837 2265 2941 JOSEFA rufi binein. Kathi! Kathi! Bringen S’ die
753 2907 1179 3007 Lampe heraus.
816 2979 2265 3096 KAPLAN. O danke. Da ist ja Licht genug. Er steht
751 3053 1436 3128 außerhalb der Veranda.
833 3111 2265 3236 JOSEFA auf der Veranda, die Ballustrade zwischen hren.
1039 3274 1495 3374 Fischer-Verlag, Be lin
897 3333 1629 3450 Im Spiel der Sommerlüfte
1864 3342 2000 3492 36
935 3418 1603 3511 I. Fahnenkorrektur am 21. 8. 29
908 3469 1603 3571 Bibliographi-ches Institut, L ipsig
