<?xml version="1.0" encoding="UTF-8" standalone="yes"?>
<PcGts xmlns="http://schema.primaresearch.org/PAGE/gts/pagecontent/2013-07-15" xmlns:xsi="http://www.w3.org/2001/XMLSchema-instance" xsi:schemaLocation="http://schema.primaresearch.org/PAGE/gts/pagecontent/2013-07-15 http://schema.primaresearch.org/PAGE/gts/pagecontent/2013-07-15/pagecontent.xsd">
    <Metadata>
        <Creator>prov=READ-COOP:name=TrHtr:version=2.1.0:model_id=51170:date=25_07_2023_21:43</Creator>
        <Created>2023-05-10T13:56:21.950+02:00</Created>
        <LastChange>2023-07-25T21:43:02.661+02:00</LastChange>
        <TranskribusMetadata docId="1428599" pageId="55415779" pageNr="80" tsid="130829194" status="IN_PROGRESS" userId="64420" imgUrl="https://files.transkribus.eu/Get?id=NRKRDODECHKNOJNHHZHUYEHN&amp;fileType=view" xmlUrl="https://files.transkribus.eu/Get?id=DLEVLTVFPGHDRFAHNVTEYTIW" imageId="44689886"/>
    </Metadata>
    <Page imageFilename="1428599_0080.jpg" imageWidth="3544" imageHeight="4088">
        <ReadingOrder>
            <OrderedGroup id="ro_1711789690714" caption="Regions reading order">
                <RegionRefIndexed index="0" regionRef="tr_1"/>
            </OrderedGroup>
        </ReadingOrder>
        <TextRegion id="tr_1" custom="readingOrder {index:0;}">
            <Coords points="638,606 3026,606 3026,3548 638,3548"/>
            <TextLine id="tr_1_tl_1" custom="readingOrder {index:0;}">
                <Coords points="685,691 1357,666 1359,606 1230,611 1166,577 1113,594 977,568 878,623 717,594 689,607"/>
                <Baseline points="695,686 734,683 778,680 823,680 868,677 913,674 957,674 1002,671 1047,668 1092,665 1136,665 1181,662 1226,659 1271,659 1315,656 1360,656"/>
                <TextEquiv>
                    <Unicode>EDUARD. Vom Vater.</Unicode>
                </TextEquiv>
            </TextLine>
            <TextLine id="tr_1_tl_2" custom="readingOrder {index:1;}">
                <Coords points="685,759 1768,731 1771,645 1368,693 1257,662 1175,700 687,700"/>
                <Baseline points="695,754 701,754 745,751 790,751 835,748 880,745 925,743 969,740 1014,740 1059,737 1104,734 1148,731 1193,731 1238,728 1283,725 1327,722 1372,722 1417,719 1462,719 1506,716 1551,713 1596,710 1641,707 1685,704 1730,704 1775,701"/>
                <TextEquiv>
                    <Unicode>KAPLAN. Blick zu Vincenz, wie dankend.</Unicode>
                </TextEquiv>
            </TextLine>
            <TextLine id="tr_1_tl_3" custom="readingOrder {index:2;}">
                <Coords points="679,850 2108,774 2135,708 683,759"/>
                <Baseline points="692,820 704,820 748,820 793,817 838,814 883,811 928,811 972,808 1017,805 1062,805 1107,802 1151,802 1196,796 1241,793 1286,793 1330,790 1375,787 1420,787 1465,784 1509,781 1554,778 1599,775 1644,775 1688,772 1733,769 1778,766 1823,766 1867,763 1912,760 1957,757 2002,757 2046,754 2091,751 2136,748"/>
                <TextEquiv>
                    <Unicode>VINCENZ erwidert den Blick wie mit einer leichten Ironie</Unicode>
                </TextEquiv>
            </TextLine>
            <TextLine id="tr_1_tl_4" custom="readingOrder {index:3;}">
                <Coords points="2468,897 2570,891 2691,916 2822,835 2888,846 2903,865 3013,848 3026,755 2945,734 2810,763 2701,746 2487,763"/>
                <Baseline points="2482,868 2488,871 2533,871 2578,865 2622,862 2667,859 2712,850 2757,844 2801,835 2846,826 2891,820 2936,814 2980,805 3026,795"/>
                <TextEquiv>
                    <Unicode>mehrere</Unicode>
                </TextEquiv>
            </TextLine>
            <TextLine id="tr_1_tl_5" custom="readingOrder {index:4;}">
                <Coords points="691,905 1959,831 2034,861 2135,835 2137,770 695,835"/>
                <Baseline points="701,889 707,886 751,886 796,883 841,883 886,883 930,880 975,877 1020,871 1065,868 1110,868 1154,868 1199,868 1244,862 1289,859 1333,859 1378,856 1423,853 1468,850 1512,850 1557,847 1602,844 1647,844 1691,841 1736,838 1781,835 1826,832 1870,829 1915,829 1960,829 2005,826 2049,823 2094,820 2139,817"/>
                <TextEquiv>
                    <Unicode>EDUARD. Was, wenn wir den schon vor sechs</Unicode>
                </TextEquiv>
            </TextLine>
            <TextLine id="tr_1_tl_6" custom="readingOrder {index:5;}">
                <Coords points="2324,912 2345,918 2366,901 2383,914 2392,910 2409,922 2434,903 2458,905 2462,812 2428,806 2413,818 2386,814 2366,827 2352,821 2330,825"/>
                <Baseline points="2336,889 2375,889 2419,883 2464,886"/>
                <TextEquiv>
                    <Unicode>Ein</Unicode>
                </TextEquiv>
            </TextLine>
            <TextLine id="tr_1_tl_7" custom="readingOrder {index:6;}">
                <Coords points="626,963 907,988 1913,905 2040,937 2146,905 2150,835 1045,912 630,895"/>
                <Baseline points="638,957 674,957 719,957 763,954 808,954 853,951 898,948 942,945 987,945 1032,942 1077,939 1121,936 1166,933 1211,933 1256,930 1300,928 1345,928 1390,925 1435,922 1480,919 1524,919 1569,916 1614,913 1659,913 1703,910 1748,907 1793,904 1838,901 1882,901 1927,898 1972,895 2017,892 2061,889 2106,886 2151,886"/>
                <TextEquiv>
                    <Unicode>Wochen gehabt hätten. Siebt jetzt erst, daß der Kaplan im</Unicode>
                </TextEquiv>
            </TextLine>
            <TextLine id="tr_1_tl_8" custom="readingOrder {index:7;}">
                <Coords points="628,1054 1595,1012 1900,975 1902,922 1139,942 907,988 632,965"/>
                <Baseline points="641,1029 650,1029 695,1026 740,1026 784,1023 829,1020 874,1017 919,1017 963,1014 1008,1011 1053,1008 1098,1005 1142,1005 1187,999 1232,999 1277,996 1321,996 1366,993 1411,990 1456,990 1500,984 1545,984 1590,981 1635,978 1679,978 1724,975 1769,972 1814,969 1858,969 1903,963"/>
                <TextEquiv>
                    <Unicode>Touristenanzug ist. Hochwürden sind aber fesch!</Unicode>
                </TextEquiv>
            </TextLine>
            <TextLine id="tr_1_tl_9" custom="readingOrder {index:8;}">
                <Coords points="693,1094 2144,1048 2148,961 695,1052"/>
                <Baseline points="704,1092 719,1092 763,1092 808,1089 853,1086 898,1086 942,1083 987,1080 1032,1080 1077,1077 1121,1068 1166,1071 1211,1068 1256,1065 1300,1065 1345,1062 1390,1062 1435,1059 1480,1056 1524,1053 1569,1053 1614,1050 1659,1047 1703,1044 1748,1041 1793,1038 1838,1038 1882,1035 1927,1032 1972,1029 2017,1026 2061,1023 2106,1020 2151,1017"/>
                <TextEquiv>
                    <Unicode>VINCENZ. ###Eduard / Zum Kaplan. Hochwürden</Unicode>
                </TextEquiv>
            </TextLine>
            <TextLine id="tr_1_tl_10" custom="readingOrder {index:9;}">
                <Coords points="638,1177 2148,1122 2150,1052 640,1130"/>
                <Baseline points="650,1163 677,1166 722,1163 766,1160 811,1157 856,1157 901,1151 945,1151 990,1148 1035,1145 1080,1142 1124,1142 1169,1139 1214,1136 1259,1136 1303,1133 1348,1130 1393,1127 1438,1127 1483,1124 1527,1121 1572,1121 1617,1118 1662,1115 1706,1113 1751,1113 1796,1110 1841,1107 1885,1104 1930,1101 1975,1098 2020,1098 2064,1092 2109,1089 2154,1089"/>
                <TextEquiv>
                    <Unicode>müssen schon entschuldigen, ich habe eine so gottlose</Unicode>
                </TextEquiv>
            </TextLine>
            <TextLine id="tr_1_tl_11" custom="readingOrder {index:10;}">
                <Coords points="643,1238 664,1241 683,1257 704,1251 736,1259 765,1236 785,1243 823,1230 889,1234 891,1168 818,1166 782,1175 765,1190 748,1175 723,1175 715,1183 704,1175 696,1181 645,1175"/>
                <Baseline points="653,1235 671,1232 716,1229 760,1226 805,1226 850,1226 895,1220"/>
                <TextEquiv>
                    <Unicode>Familie.</Unicode>
                </TextEquiv>
            </TextLine>
            <TextLine id="tr_1_tl_12" custom="readingOrder {index:11;}">
                <Coords points="721,1298 1279,1319 1489,1262 1985,1253 2027,1245 2031,1162 1843,1156 1758,1206 1529,1230 1200,1232 1096,1194 723,1247"/>
                <Baseline points="731,1292 734,1295 778,1295 823,1292 868,1289 913,1289 957,1286 1002,1283 1047,1280 1092,1280 1136,1277 1181,1277 1226,1274 1271,1271 1315,1268 1360,1268 1405,1268 1450,1265 1494,1259 1539,1259 1584,1256 1629,1253 1673,1250 1718,1247 1763,1244 1808,1244 1853,1241 1897,1238 1942,1235 1987,1232 2032,1232"/>
                <TextEquiv>
                    <Unicode>GUSTI kommt reisefertig mit einer kleinen Handtasche.</Unicode>
                </TextEquiv>
            </TextLine>
            <TextLine id="tr_1_tl_13" custom="readingOrder {index:12;}">
                <Coords points="715,1370 782,1382 963,1355 1012,1359 1033,1376 1064,1363 1158,1364 1160,1312 1124,1291 1088,1310 1035,1294 994,1315 939,1294 816,1315 717,1300"/>
                <Baseline points="725,1363 760,1363 805,1363 850,1357 895,1357 939,1354 984,1351 1029,1351 1074,1348 1118,1345 1163,1345"/>
                <TextEquiv>
                    <Unicode>KATHI mit ihr.</Unicode>
                </TextEquiv>
            </TextLine>
            <TextLine id="tr_1_tl_14" custom="readingOrder {index:13;}">
                <Coords points="715,1459 1007,1419 1147,1440 1792,1399 1796,1306 1681,1349 1592,1321 1440,1342 1368,1380 1257,1351 719,1382"/>
                <Baseline points="728,1429 769,1426 814,1429 859,1426 904,1423 948,1420 993,1420 1038,1417 1083,1414 1127,1414 1172,1411 1217,1411 1262,1405 1306,1402 1351,1402 1396,1399 1441,1399 1486,1393 1530,1393 1575,1390 1620,1387 1665,1387 1709,1384 1754,1381 1799,1375"/>
                <TextEquiv>
                    <Unicode>JOSEFA aus dem Hause rufend. Eduard!</Unicode>
                </TextEquiv>
            </TextLine>
            <TextLine id="tr_1_tl_15" custom="readingOrder {index:14;}">
                <Coords points="719,1518 1832,1482 2171,1444 2174,1368 723,1459"/>
                <Baseline points="731,1500 743,1500 787,1497 832,1494 877,1491 922,1491 966,1488 1011,1486 1056,1483 1101,1483 1145,1480 1190,1477 1235,1477 1280,1474 1324,1474 1369,1471 1414,1468 1459,1465 1503,1462 1548,1462 1593,1459 1638,1456 1682,1453 1727,1453 1772,1450 1817,1450 1861,1447 1906,1441 1951,1438 1996,1435 2041,1432 2085,1432 2130,1429 2175,1426"/>
                <TextEquiv>
                    <Unicode>EDUARD über die Veranda ins Haus. Ja, Mutter..?</Unicode>
                </TextEquiv>
            </TextLine>
            <TextLine id="tr_1_tl_16" custom="readingOrder {index:15;}">
                <Coords points="719,1601 1699,1529 1840,1561 2171,1510 2174,1446 723,1518"/>
                <Baseline points="731,1566 745,1566 790,1563 835,1563 880,1560 925,1560 969,1557 1014,1554 1059,1551 1104,1551 1148,1548 1193,1545 1238,1545 1283,1542 1327,1542 1372,1539 1417,1536 1462,1533 1506,1530 1551,1527 1596,1524 1641,1524 1685,1521 1730,1521 1775,1518 1820,1515 1864,1512 1909,1512 1954,1509 1999,1506 2044,1500 2088,1497 2133,1494 2178,1491"/>
                <TextEquiv>
                    <Unicode>VINCENZ zu Katbi, gibt ihr einen Auftrag, so daß Gusti</Unicode>
                </TextEquiv>
            </TextLine>
            <TextLine id="tr_1_tl_17" custom="readingOrder {index:16;}">
                <Coords points="668,1667 774,1633 1616,1622 1620,1550 1234,1550 1126,1559 1062,1599 901,1575 672,1601"/>
                <Baseline points="680,1641 683,1638 728,1638 772,1635 817,1632 862,1632 907,1629 951,1626 996,1626 1041,1623 1086,1620 1130,1617 1175,1614 1220,1611 1265,1611 1309,1608 1354,1605 1399,1602 1444,1599 1488,1599 1533,1596 1578,1593 1623,1590"/>
                <TextEquiv>
                    <Unicode>und der Kaplan eine Weile allein steben.</Unicode>
                </TextEquiv>
            </TextLine>
            <TextLine id="tr_1_tl_18" custom="readingOrder {index:17;}">
                <Coords points="740,1713 1957,1677 2186,1639 2188,1593 1817,1573 1489,1629 744,1645"/>
                <Baseline points="751,1700 757,1700 802,1700 847,1697 892,1694 936,1694 981,1694 1026,1691 1071,1688 1115,1685 1160,1682 1205,1679 1250,1679 1295,1676 1339,1673 1384,1671 1429,1668 1474,1668 1518,1665 1563,1662 1608,1662 1653,1659 1697,1656 1742,1653 1787,1650 1832,1650 1876,1647 1921,1644 1966,1641 2011,1638 2055,1635 2100,1632 2145,1629 2190,1626"/>
                <TextEquiv>
                    <Unicode>GUSTI. Darf ich Hochwürden bitten, daß Sie dem</Unicode>
                </TextEquiv>
            </TextLine>
            <TextLine id="tr_1_tl_19" custom="readingOrder {index:18;}">
                <Coords points="666,1785 2144,1724 2169,1641 670,1718"/>
                <Baseline points="677,1775 695,1775 740,1772 784,1769 829,1769 874,1766 919,1763 963,1760 1008,1760 1053,1757 1098,1754 1142,1751 1187,1751 1232,1748 1277,1745 1321,1742 1366,1739 1411,1739 1456,1736 1500,1733 1545,1730 1590,1727 1635,1727 1679,1724 1724,1721 1769,1721 1814,1718 1858,1715 1903,1712 1948,1709 1993,1706 2038,1703 2082,1700 2127,1697 2172,1688"/>
                <TextEquiv>
                    <Unicode>Herrn Leutnant einen sehr schönen Gruß von mir be¬</Unicode>
                </TextEquiv>
            </TextLine>
            <TextLine id="tr_1_tl_20" custom="readingOrder {index:19;}">
                <Coords points="676,1847 2042,1804 2188,1781 2190,1741 1974,1716 678,1798"/>
                <Baseline points="686,1838 716,1841 760,1841 805,1838 850,1835 895,1835 939,1832 984,1829 1029,1826 1074,1823 1118,1823 1163,1820 1208,1817 1253,1814 1298,1814 1342,1811 1387,1808 1432,1805 1477,1805 1521,1802 1566,1799 1611,1796 1656,1793 1700,1793 1745,1790 1790,1787 1835,1784 1879,1781 1924,1778 1969,1775 2014,1772 2058,1772 2103,1769 2148,1766 2193,1766"/>
                <TextEquiv>
                    <Unicode>stellen? Ich bin ja so froh, daß ihm nichts passiert ist.</Unicode>
                </TextEquiv>
            </TextLine>
            <TextLine id="tr_1_tl_21" custom="readingOrder {index:20;}">
                <Coords points="683,1917 2157,1862 2190,1783 687,1853"/>
                <Baseline points="695,1909 716,1909 760,1906 805,1906 850,1903 895,1900 939,1897 984,1894 1029,1894 1074,1891 1118,1891 1163,1888 1208,1885 1253,1882 1298,1879 1342,1879 1387,1876 1432,1873 1477,1873 1521,1870 1566,1867 1611,1864 1656,1861 1700,1858 1745,1856 1790,1856 1835,1853 1879,1850 1924,1847 1969,1844 2014,1841 2058,1841 2103,1838 2148,1835 2193,1835"/>
                <TextEquiv>
                    <Unicode>Hochwürden müssen eine schöne Angst ausgestanden</Unicode>
                </TextEquiv>
            </TextLine>
            <TextLine id="tr_1_tl_22" custom="readingOrder {index:21;}">
                <Coords points="681,1981 2146,1925 2169,1864 685,1917"/>
                <Baseline points="692,1981 695,1981 740,1978 784,1975 829,1972 874,1972 919,1969 963,1966 1008,1966 1053,1963 1098,1957 1142,1957 1187,1954 1232,1954 1277,1951 1321,1948 1366,1945 1411,1945 1456,1942 1500,1939 1545,1936 1590,1933 1635,1933 1679,1930 1724,1927 1769,1924 1814,1921 1858,1918 1903,1915 1948,1912 1993,1912 2038,1909 2082,1906 2127,1903 2172,1897"/>
                <TextEquiv>
                    <Unicode>haben. Und kein Mensch hätt' ihm gestern was an</Unicode>
                </TextEquiv>
            </TextLine>
            <TextLine id="tr_1_tl_23" custom="readingOrder {index:22;}">
                <Coords points="691,2067 2190,2006 2193,1917 693,2006"/>
                <Baseline points="701,2049 719,2046 763,2044 808,2044 853,2041 898,2038 942,2038 987,2035 1032,2029 1077,2029 1121,2026 1166,2023 1211,2020 1256,2020 1300,2020 1345,2017 1390,2014 1435,2011 1480,2011 1524,2008 1569,2008 1614,2002 1659,1999 1703,1996 1748,1996 1793,1990 1838,1990 1882,1987 1927,1984 1972,1981 2017,1978 2061,1975 2106,1972 2151,1972 2196,1969"/>
                <TextEquiv>
                    <Unicode>gesehen. Ich hab’ wirklich geglaubt, er ist nur nach</Unicode>
                </TextEquiv>
            </TextLine>
            <TextLine id="tr_1_tl_24" custom="readingOrder {index:23;}">
                <Coords points="702,2120 2076,2080 2186,2067 2190,2008 704,2065"/>
                <Baseline points="713,2112 716,2109 760,2109 805,2109 850,2106 895,2103 939,2103 984,2103 1029,2100 1074,2097 1118,2094 1163,2091 1208,2085 1253,2085 1298,2085 1342,2082 1387,2082 1432,2079 1477,2079 1521,2076 1566,2073 1611,2070 1656,2067 1700,2061 1745,2061 1790,2058 1835,2055 1879,2055 1924,2052 1969,2049 2014,2046 2058,2044 2103,2041 2148,2038 2193,2041"/>
                <TextEquiv>
                    <Unicode>Wien gekommen wegen seiner Transferierungsangelegen-</Unicode>
                </TextEquiv>
            </TextLine>
            <TextLine id="tr_1_tl_25" custom="readingOrder {index:24;}">
                <Coords points="757,2260 1925,2224 2192,2193 2195,2133 1963,2152 1709,2104 1467,2180 761,2197"/>
                <Baseline points="769,2246 811,2246 856,2243 901,2243 945,2240 990,2237 1035,2234 1080,2234 1124,2229 1169,2229 1214,2229 1259,2223 1303,2223 1348,2223 1393,2220 1438,2217 1483,2214 1527,2211 1572,2208 1617,2205 1662,2205 1706,2202 1751,2199 1796,2196 1841,2193 1885,2190 1930,2187 1975,2187 2020,2184 2064,2181 2109,2175 2154,2175 2199,2169"/>
                <TextEquiv>
                    <Unicode>KAPLAN. Er hat ja auch tatsächlich darum an-</Unicode>
                </TextEquiv>
            </TextLine>
            <TextLine id="tr_1_tl_26" custom="readingOrder {index:25;}">
                <Coords points="691,2197 704,2193 725,2199 732,2207 795,2186 836,2188 838,2127 827,2125 814,2131 804,2121 783,2123 774,2118 746,2140 719,2123 693,2131"/>
                <Baseline points="701,2181 707,2181 751,2178 796,2178 841,2175"/>
                <TextEquiv>
                    <Unicode>heit.</Unicode>
                </TextEquiv>
            </TextLine>
            <TextLine id="tr_1_tl_27" custom="readingOrder {index:26;}">
                <Coords points="706,2335 1972,2286 2201,2263 2205,2209 712,2252"/>
                <Baseline points="719,2321 731,2321 775,2318 820,2315 865,2312 910,2309 954,2309 999,2306 1044,2303 1089,2300 1133,2300 1178,2297 1223,2294 1268,2291 1312,2291 1357,2288 1402,2285 1447,2285 1491,2282 1536,2279 1581,2279 1626,2273 1671,2270 1715,2267 1760,2264 1805,2264 1850,2261 1894,2258 1939,2255 1984,2252 2029,2249 2073,2246 2118,2243 2163,2240 2208,2240"/>
                <TextEquiv>
                    <Unicode>gesucht. Und denken Sie, Fräulein, in dem gleichen</Unicode>
                </TextEquiv>
            </TextLine>
            <TextLine id="tr_1_tl_28" custom="readingOrder {index:27;}">
                <Coords points="706,2396 1891,2366 2192,2335 2195,2263 710,2335"/>
                <Baseline points="716,2387 719,2387 763,2384 808,2381 853,2378 898,2378 942,2378 987,2372 1032,2372 1077,2369 1121,2369 1166,2366 1211,2363 1256,2360 1300,2360 1345,2357 1390,2357 1435,2354 1480,2351 1524,2348 1569,2345 1614,2345 1659,2339 1703,2339 1748,2336 1793,2333 1838,2330 1882,2327 1927,2324 1972,2321 2017,2318 2061,2318 2106,2315 2151,2312 2196,2312"/>
                <TextEquiv>
                    <Unicode>Telegramm, in dem er mir den glücklichen Ausgang</Unicode>
                </TextEquiv>
            </TextLine>
            <TextLine id="tr_1_tl_29" custom="readingOrder {index:28;}">
                <Coords points="702,2455 1864,2428 2212,2385 2214,2335 704,2409"/>
                <Baseline points="713,2452 740,2452 784,2449 829,2449 874,2446 919,2443 963,2443 1008,2440 1053,2437 1098,2437 1142,2434 1187,2434 1232,2431 1277,2425 1321,2425 1366,2425 1411,2422 1456,2416 1500,2416 1545,2414 1590,2411 1635,2411 1679,2408 1724,2405 1769,2402 1814,2399 1858,2396 1903,2396 1948,2390 1993,2387 2038,2384 2082,2384 2127,2381 2172,2378 2217,2378"/>
                <TextEquiv>
                    <Unicode>des Duells mitteilt — Er nimmt das Telegramm aus der Tasche.</Unicode>
                </TextEquiv>
            </TextLine>
            <TextLine id="tr_1_tl_30" custom="readingOrder {index:29;}">
                <Coords points="715,2542 2084,2485 2207,2456 2209,2409 719,2468"/>
                <Baseline points="728,2530 737,2527 781,2524 826,2518 871,2518 916,2515 960,2512 1005,2512 1050,2509 1095,2506 1139,2503 1184,2500 1229,2500 1274,2497 1318,2497 1363,2494 1408,2491 1453,2488 1497,2485 1542,2482 1587,2479 1632,2476 1676,2476 1721,2473 1766,2470 1811,2470 1856,2464 1900,2461 1945,2458 1990,2458 2035,2452 2079,2452 2124,2446 2169,2443 2214,2437"/>
                <TextEquiv>
                    <Unicode>„Alles gut vorüber. Ich gesund. Gegner nur leicht ver-</Unicode>
                </TextEquiv>
            </TextLine>
            <TextLine id="tr_1_tl_31" custom="readingOrder {index:30;}">
                <Coords points="708,2600 1141,2615 1910,2540 2137,2574 2220,2540 2224,2456 1877,2509 1821,2477 712,2536"/>
                <Baseline points="719,2593 748,2590 793,2587 838,2584 883,2584 928,2584 972,2581 1017,2578 1062,2575 1107,2572 1151,2572 1196,2569 1241,2566 1286,2563 1330,2563 1375,2563 1420,2560 1465,2557 1509,2554 1554,2551 1599,2551 1644,2548 1688,2545 1733,2542 1778,2539 1823,2536 1867,2533 1912,2533 1957,2530 2002,2524 2046,2521 2091,2521 2136,2518 2181,2512 2226,2509"/>
                <TextEquiv>
                    <Unicode>letzt. Transferierung zu Vierundvierzig so gut wie</Unicode>
                </TextEquiv>
            </TextLine>
            <TextLine id="tr_1_tl_32" custom="readingOrder {index:31;}">
                <Coords points="719,2676 748,2685 776,2670 802,2674 823,2661 838,2670 852,2663 867,2670 899,2667 918,2651 939,2650 942,2600 876,2598 850,2614 838,2606 823,2608 814,2598 780,2608 759,2600 742,2612 723,2612"/>
                <Baseline points="731,2658 766,2655 811,2652 856,2652 901,2649 945,2637"/>
                <TextEquiv>
                    <Unicode>sicher.“</Unicode>
                </TextEquiv>
            </TextLine>
            <TextLine id="tr_1_tl_33" custom="readingOrder {index:32;}">
                <Coords points="791,2735 1084,2712 1217,2733 1270,2706 1444,2723 1482,2706 1484,2631 1329,2600 1200,2657 1147,2629 1056,2642 965,2617 897,2667 793,2672"/>
                <Baseline points="802,2721 814,2721 859,2721 904,2718 948,2715 993,2715 1038,2712 1083,2709 1127,2706 1172,2706 1217,2703 1262,2703 1306,2700 1351,2700 1396,2697 1441,2694 1486,2694"/>
                <TextEquiv>
                    <Unicode>GUSTI. Vierundvierzig?</Unicode>
                </TextEquiv>
            </TextLine>
            <TextLine id="tr_1_tl_34" custom="readingOrder {index:33;}">
                <Coords points="783,2795 1022,2820 1126,2780 1342,2807 2197,2750 2237,2742 2241,2661 787,2738"/>
                <Baseline points="796,2789 811,2789 856,2789 901,2787 945,2787 990,2784 1035,2784 1080,2778 1124,2778 1169,2775 1214,2772 1259,2772 1303,2769 1348,2769 1393,2766 1438,2763 1483,2760 1527,2757 1572,2757 1617,2754 1662,2751 1706,2748 1751,2748 1796,2745 1841,2739 1885,2739 1930,2736 1975,2733 2020,2730 2064,2727 2109,2724 2154,2721 2199,2718 2243,2718"/>
                <TextEquiv>
                    <Unicode>KAPLAN. Das ist das Regiment, das in Innsbruck</Unicode>
                </TextEquiv>
            </TextLine>
            <TextLine id="tr_1_tl_35" custom="readingOrder {index:34;}">
                <Coords points="787,2937 2148,2892 2226,2865 2229,2782 2014,2827 1898,2774 1796,2812 1677,2776 1535,2829 1408,2807 1285,2875 984,2844 791,2882"/>
                <Baseline points="799,2927 844,2924 889,2924 933,2921 978,2918 1023,2918 1068,2915 1113,2915 1157,2912 1202,2912 1247,2909 1292,2906 1336,2906 1381,2903 1426,2900 1471,2897 1515,2894 1560,2891 1605,2888 1650,2885 1694,2882 1739,2882 1784,2879 1829,2876 1873,2873 1918,2870 1963,2867 2008,2864 2052,2864 2097,2861 2142,2858 2187,2855 2231,2846"/>
                <TextEquiv>
                    <Unicode>GUSTI. So. Also, das ist wirklich viel Glück auf ein-</Unicode>
                </TextEquiv>
            </TextLine>
            <TextLine id="tr_1_tl_36" custom="readingOrder {index:35;}">
                <Coords points="727,2861 761,2871 778,2886 793,2880 806,2884 846,2867 869,2875 876,2869 916,2873 920,2816 889,2801 871,2810 861,2801 854,2805 842,2799 831,2807 827,2801 808,2808 785,2788 765,2791 751,2774 732,2773"/>
                <Baseline points="737,2861 743,2861 787,2861 832,2858 877,2855 922,2852"/>
                <TextEquiv>
                    <Unicode>bleibt.</Unicode>
                </TextEquiv>
            </TextLine>
            <TextLine id="tr_1_tl_37" custom="readingOrder {index:36;}">
                <Coords points="731,3002 2048,2962 2239,2931 2243,2865 1026,2949 736,2913"/>
                <Baseline points="740,2998 769,2998 814,2998 859,2995 904,2992 948,2989 993,2986 1038,2983 1083,2983 1127,2980 1172,2980 1217,2980 1262,2980 1306,2977 1351,2974 1396,2972 1441,2969 1486,2966 1530,2963 1575,2960 1620,2957 1665,2954 1709,2951 1754,2951 1799,2948 1844,2945 1888,2942 1933,2939 1978,2936 2023,2933 2067,2933 2112,2927 2157,2927 2202,2921 2246,2921"/>
                <TextEquiv>
                    <Unicode>mal. Es ist ihm zu gönnen, dem Herrn Leutnant, nach</Unicode>
                </TextEquiv>
            </TextLine>
            <TextLine id="tr_1_tl_38" custom="readingOrder {index:37;}">
                <Coords points="734,3070 2184,3019 2241,3011 2245,2954 1187,2988 1016,3034 736,3007"/>
                <Baseline points="745,3067 769,3067 814,3064 859,3064 904,3061 948,3058 993,3046 1038,3046 1083,3046 1127,3049 1172,3046 1217,3046 1262,3043 1306,3043 1351,3040 1396,3037 1441,3034 1486,3034 1530,3031 1575,3028 1620,3025 1665,3022 1709,3019 1754,3016 1799,3013 1844,3010 1888,3007 1933,3007 1978,3004 2023,3001 2067,2998 2112,2995 2157,2989 2202,2986 2246,2977"/>
                <TextEquiv>
                    <Unicode>all der —— Angst darf man natürlich bei einem Offi-</Unicode>
                </TextEquiv>
            </TextLine>
            <TextLine id="tr_1_tl_39" custom="readingOrder {index:38;}">
                <Coords points="738,3143 1472,3153 1853,3090 1964,3121 2239,3087 2243,3011 740,3098"/>
                <Baseline points="748,3130 769,3133 814,3133 859,3130 904,3130 948,3127 993,3124 1038,3124 1083,3121 1127,3121 1172,3118 1217,3115 1262,3115 1306,3112 1351,3109 1396,3103 1441,3103 1486,3100 1530,3100 1575,3097 1620,3094 1665,3094 1709,3091 1754,3088 1799,3085 1844,3082 1888,3079 1933,3073 1978,3073 2023,3070 2067,3070 2112,3067 2157,3061 2202,3058 2246,3055"/>
                <TextEquiv>
                    <Unicode>zier nicht sagen und bei einem hochwürdigen Herrn</Unicode>
                </TextEquiv>
            </TextLine>
            <TextLine id="tr_1_tl_40" custom="readingOrder {index:39;}">
                <Coords points="744,3219 823,3246 872,3212 984,3221 1039,3198 1113,3229 1139,3217 1166,3227 1179,3213 1217,3219 1219,3153 1147,3126 1069,3153 1005,3140 980,3164 891,3138 746,3157"/>
                <Baseline points="754,3201 775,3201 820,3201 865,3198 910,3198 954,3195 999,3195 1044,3192 1089,3189 1133,3189 1178,3186 1223,3183"/>
                <TextEquiv>
                    <Unicode>doch auch nicht.</Unicode>
                </TextEquiv>
            </TextLine>
            <TextLine id="tr_1_tl_41" custom="readingOrder {index:40;}">
                <Coords points="1213,3350 1472,3327 1497,3342 1563,3318 1654,3331 1660,3257 1597,3244 1488,3287 1450,3266 1359,3276 1323,3248 1276,3268 1221,3255"/>
                <Baseline points="1226,3333 1259,3333 1303,3330 1348,3327 1393,3324 1438,3321 1483,3321 1527,3315 1572,3309 1617,3306 1662,3300"/>
                <TextEquiv>
                    <Unicode>Fischer-Ver ag, Berlin</Unicode>
                </TextEquiv>
            </TextLine>
            <TextLine id="tr_1_tl_42" custom="readingOrder {index:41;}">
                <Coords points="1073,3446 1164,3458 1206,3429 1355,3406 1501,3422 1737,3376 1773,3393 1804,3388 1807,3329 1696,3306 1573,3342 1423,3327 1139,3369 1081,3352"/>
                <Baseline points="1086,3422 1095,3419 1139,3416 1184,3413 1229,3410 1274,3407 1318,3404 1363,3398 1408,3395 1453,3392 1497,3389 1542,3386 1587,3380 1632,3377 1676,3374 1721,3371 1766,3365 1811,3362"/>
                <TextEquiv>
                    <Unicode>Im Spiel der Sommerlüfte</Unicode>
                </TextEquiv>
            </TextLine>
            <TextLine id="tr_1_tl_43" custom="readingOrder {index:42;}">
                <Coords points="2031,3406 2050,3401 2072,3414 2091,3401 2097,3406 2112,3399 2121,3408 2137,3405 2146,3414 2165,3416 2167,3291 2148,3293 2129,3306 2104,3308 2091,3299 2059,3316 2033,3318"/>
                <Baseline points="2041,3383 2085,3386 2130,3383 2169,3383"/>
                <TextEquiv>
                    <Unicode>66</Unicode>
                </TextEquiv>
            </TextLine>
            <TextLine id="tr_1_tl_44" custom="readingOrder {index:43;}">
                <Coords points="1181,3497 1463,3461 1476,3475 1558,3452 1645,3465 1694,3444 1745,3452 1751,3386 1633,3406 1588,3395 1503,3422 1435,3403 1327,3441 1187,3424"/>
                <Baseline points="1193,3479 1214,3476 1259,3473 1303,3467 1348,3464 1393,3461 1438,3458 1483,3455 1527,3452 1572,3449 1617,3446 1662,3440 1706,3437 1751,3437"/>
                <TextEquiv>
                    <Unicode>1. Fahnenkorr. am 22. 8. 29</Unicode>
                </TextEquiv>
            </TextLine>
            <TextLine id="tr_1_tl_45" custom="readingOrder {index:44;}">
                <Coords points="1058,3548 1149,3579 1202,3541 1249,3565 1429,3545 1550,3579 1645,3543 1796,3562 1824,3558 1834,3446 1196,3499 1067,3444"/>
                <Baseline points="1071,3538 1074,3538 1118,3538 1163,3535 1208,3535 1253,3532 1298,3530 1342,3527 1387,3521 1432,3518 1477,3515 1521,3509 1566,3506 1611,3503 1656,3500 1700,3497 1745,3491 1790,3488 1835,3488"/>
                <TextEquiv>
                    <Unicode>Bibliographisches Institut in Leipzig</Unicode>
                </TextEquiv>
            </TextLine>
        </TextRegion>
    </Page>
</PcGts>
