3512 4024
789 571 2283 668 Sie denn, ob Sie mit einem solchen Gebet nicht viel¬
786 629 2270 739 leicht auf das Haupt eines andern — ob Sie nun wollen
766 708 2272 787 oder nicht — Unglück, Vernichtung, Tod herab¬
757 778 2275 876 flehen? — Und wahrscheinlich auf das Haupt des¬
768 840 1693 938 jenigen, der minder schuldig ist?
813 903 1901 992 KAPLAN. Nicht weiter, Frau Josefa.
818 948 2285 1063 JOSEFA. Es ist ein Duell auf Tod und Leben. Sie
745 1048 2295 1125 haben es früher selbst gesagt. Und was ist’s, was Sie
757 1117 2275 1200 vom Himmel erflehen? — Daß er sich zugunsten dessen
757 1177 2279 1276 entscheide, der wahrscheinlich der Schuldigere, der
747 1247 1577 1345 aber zugleich Ihr Bruder ist.
814 1278 2279 1409 KAPLAN sich neu fassend. Ich weiß nicht, wer von
757 1386 2279 1473 beiden der Schuldigere ist. Was Schuld ist, liegt meist
762 1461 2281 1548 weiter zurück, als wir zu begreifen vermögen. Wir
753 1527 2204 1604 urteilen nur mit unserem armen Menschenverstand
751 1596 2277 1681 und mit diesem armseligen Verstand wählen wir auch
757 1658 2279 1737 die Worte unseres Gebets. Er aber hört und erfüllt sie
751 1727 2277 1812 nach Seiner Weisheit und in Seinem Sinn, nicht in dem
753 1797 2285 1889 unsern. Es kommt nur auf das eine an, daß unser Gebet
747 1864 2281 1947 aus einem gläubigen Herzen dringe und daß wir uns in
755 1926 2289 2052 allem, was Er uns sendet, im Glück wie im Unglück,
747 1999 1276 2090 gläubig bewähren.
814 2042 2272 2154 JOSEFA. Und warum — wenn er allweise, all¬
745 2140 2287 2235 mächtig und allgütig ist, warum gibt er nicht jedem
751 2206 1310 2302 ein gläubiges Herz?
805 2245 2266 2358 KAPLAN. Es ist genug, Frau Josefa. Jedes Wort,
757 2339 2275 2432 das Sie sprechen, ist Lästerung. Ich will, ich darf Sie
751 2409 2274 2492 nicht langer hören. Es könnte sein, daß Gott Ihre
751 2480 2208 2559 Reden strafen wollte — und nicht an Ihnen allein.
809 2542 2283 2633 JOSEFA. Sie denken doch nicht, Hochwürden, daß
751 2615 2270 2696 der allgerechte Gott meine Zweifel einen andern, einen
757 2685 2264 2781 Unschuldigen, einen, der kein Zweifler ist, könnte ent=
745 2754 1141 2853 gelten lassen?
795 2795 2264 2932 KAPLAN. Nicht die Ihren, nein. Pause, dann aus-
747 2891 1739 2984 treckend. Aber die meinen vielleicht.
814 2959 1735 3055 JOSEFA erschüttert. Hochwürden!
805 3020 1974 3154 KAPLAN. Leben Sie wohl! Er will gelen.
1150 3184 1590 3283 Fischer-Verlag. Beilin
1015 3231 1741 3360 Im Spiel der Sommerlüfte
1044 3333 1702 3424 1. Fahnenkorrektur am 21. 8. 29
1046 3406 1725 3503 Bibliographiehes Institut, Leipiig
