<?xml version="1.0" encoding="UTF-8" standalone="yes"?>
<PcGts xmlns="http://schema.primaresearch.org/PAGE/gts/pagecontent/2013-07-15" xmlns:xsi="http://www.w3.org/2001/XMLSchema-instance" xsi:schemaLocation="http://schema.primaresearch.org/PAGE/gts/pagecontent/2013-07-15 http://schema.primaresearch.org/PAGE/gts/pagecontent/2013-07-15/pagecontent.xsd">
    <Metadata>
        <Creator>prov=READ-COOP:name=TrHtr:version=2.1.0:model_id=51170:date=25_07_2023_21:41</Creator>
        <Created>2023-05-10T13:56:16.113+02:00</Created>
        <LastChange>2023-07-25T21:41:43.333+02:00</LastChange>
        <TranskribusMetadata docId="1428599" pageId="55415561" pageNr="39" tsid="130828997" status="IN_PROGRESS" userId="64420" imgUrl="https://files.transkribus.eu/Get?id=UDKTKWNNSVRSFWUFUZKSVZKZ&amp;fileType=view" xmlUrl="https://files.transkribus.eu/Get?id=KTZRMNQEATSKLKICMUODXLUL" imageId="44689671"/>
    </Metadata>
    <Page imageFilename="1428599_0039.jpg" imageWidth="3608" imageHeight="4104">
        <ReadingOrder>
            <OrderedGroup id="ro_1711789647792" caption="Regions reading order">
                <RegionRefIndexed index="0" regionRef="tr_1"/>
            </OrderedGroup>
        </ReadingOrder>
        <TextRegion id="tr_1" custom="readingOrder {index:0;}">
            <Coords points="916,493 3068,493 3068,3475 916,3475"/>
            <TextLine id="tr_1_tl_1" custom="readingOrder {index:0;}">
                <Coords points="947,653 2396,572 2401,477 1523,551 956,511"/>
                <Baseline points="958,647 970,644 1014,641 1059,638 1104,635 1149,632 1193,629 1238,623 1283,623 1328,620 1372,617 1417,614 1462,614 1507,608 1552,605 1596,599 1641,596 1686,593 1731,587 1775,587 1820,585 1865,582 1910,582 1954,579 1999,573 2044,567 2089,564 2134,561 2178,561 2223,555 2268,552 2313,546 2357,543 2402,549"/>
                <TextEquiv>
                    <Unicode>EDUARD böbnisch. Zur Mutter! Ja, wer’s glaubt.</Unicode>
                </TextEquiv>
            </TextLine>
            <TextLine id="tr_1_tl_2" custom="readingOrder {index:1;}">
                <Coords points="954,718 2144,657 2149,578 958,659"/>
                <Baseline points="964,713 984,710 1029,710 1074,707 1119,704 1164,701 1208,695 1253,689 1298,689 1343,686 1387,683 1432,680 1477,677 1522,674 1566,671 1611,665 1656,662 1701,659 1746,656 1790,653 1835,650 1880,647 1925,644 1969,638 2014,635 2059,629 2104,626 2149,623"/>
                <TextEquiv>
                    <Unicode>GUSTI. Und zu wem ich sonst fahren will.</Unicode>
                </TextEquiv>
            </TextLine>
            <TextLine id="tr_1_tl_3" custom="readingOrder {index:2;}">
                <Coords points="947,786 2394,699 2401,612 1918,682 951,718"/>
                <Baseline points="958,784 970,784 1014,779 1059,776 1104,773 1149,767 1193,767 1238,764 1283,761 1328,758 1372,755 1417,752 1462,746 1507,743 1552,740 1596,737 1641,731 1686,731 1731,725 1775,725 1820,719 1865,716 1910,713 1954,707 1999,704 2044,704 2089,698 2134,695 2178,692 2223,686 2268,683 2313,680 2357,677 2402,674"/>
                <TextEquiv>
                    <Unicode>LANDBRIETRAGER kommt vorbei. Guten Abend.</Unicode>
                </TextEquiv>
            </TextLine>
            <TextLine id="tr_1_tl_4" custom="readingOrder {index:3;}">
                <Coords points="962,858 2303,775 2405,759 2409,697 966,797"/>
                <Baseline points="973,850 978,850 1023,847 1068,847 1113,841 1158,838 1202,832 1247,829 1292,826 1337,823 1381,820 1426,820 1471,814 1516,814 1561,811 1605,805 1650,802 1695,799 1740,796 1784,790 1829,787 1874,781 1919,779 1963,776 2008,773 2053,770 2098,764 2143,761 2187,758 2232,755 2277,752 2322,749 2366,743 2411,737"/>
                <TextEquiv>
                    <Unicode>GUSTI rasch zu ibm, etwas erregt. Haben S' was für mich?</Unicode>
                </TextEquiv>
            </TextLine>
            <TextLine id="tr_1_tl_5" custom="readingOrder {index:4;}">
                <Coords points="960,924 2157,858 2401,824 2407,759 964,869"/>
                <Baseline points="970,922 976,919 1020,916 1065,913 1110,910 1155,904 1199,901 1244,898 1289,895 1334,892 1378,889 1423,886 1468,886 1513,883 1558,877 1602,874 1647,868 1692,868 1737,862 1781,862 1826,856 1871,853 1916,850 1960,847 2005,844 2050,838 2095,832 2140,832 2184,829 2229,826 2274,823 2319,817 2363,814 2408,808"/>
                <TextEquiv>
                    <Unicode>BRIEFTRAGER. Jawohl. Auch für den Herrn</Unicode>
                </TextEquiv>
            </TextLine>
            <TextLine id="tr_1_tl_6" custom="readingOrder {index:5;}">
                <Coords points="903,1004 2096,922 2259,954 2416,905 2420,852 2201,831 909,936"/>
                <Baseline points="916,996 946,993 990,990 1035,984 1080,981 1125,978 1170,973 1214,970 1259,967 1304,964 1349,961 1393,958 1438,952 1483,952 1528,946 1572,946 1617,940 1662,937 1707,934 1752,934 1796,928 1841,925 1886,922 1931,919 1975,916 2020,910 2065,907 2110,904 2154,901 2199,895 2244,892 2289,889 2334,886 2378,883 2423,877"/>
                <TextEquiv>
                    <Unicode>Professor ist was da. Und da, ein rekommandiertes</Unicode>
                </TextEquiv>
            </TextLine>
            <TextLine id="tr_1_tl_7" custom="readingOrder {index:6;}">
                <Coords points="903,1096 1093,1051 1316,1066 1882,1015 1911,936 1331,973 1292,1002 1167,973 909,1006"/>
                <Baseline points="916,1059 925,1062 970,1059 1014,1053 1059,1050 1104,1047 1149,1044 1193,1041 1238,1035 1283,1032 1328,1032 1372,1026 1417,1023 1462,1020 1507,1017 1552,1014 1596,1011 1641,1008 1686,1002 1731,999 1775,996 1820,993 1865,990 1910,987"/>
                <TextEquiv>
                    <Unicode>Schreiben für das Fräulein Pflegner.</Unicode>
                </TextEquiv>
            </TextLine>
            <TextLine id="tr_1_tl_8" custom="readingOrder {index:7;}">
                <Coords points="977,1146 1981,1081 2102,1055 2106,989 981,1085"/>
                <Baseline points="990,1122 1029,1119 1074,1119 1119,1113 1164,1110 1208,1104 1253,1104 1298,1101 1343,1098 1387,1095 1432,1092 1477,1089 1522,1086 1566,1083 1611,1080 1656,1077 1701,1074 1746,1071 1790,1068 1835,1065 1880,1062 1925,1056 1969,1053 2014,1050 2059,1044 2104,1044"/>
                <TextEquiv>
                    <Unicode>GUSTI nimmt den Brief, will ihn gleich öffnen.</Unicode>
                </TextEquiv>
            </TextLine>
            <TextLine id="tr_1_tl_9" custom="readingOrder {index:8;}">
                <Coords points="979,1206 2369,1121 2432,1096 2435,1038 2305,1009 1873,1091 983,1142"/>
                <Baseline points="990,1190 1005,1190 1050,1187 1095,1181 1140,1178 1184,1175 1229,1175 1274,1172 1319,1167 1364,1164 1408,1161 1453,1158 1498,1155 1543,1152 1587,1149 1632,1146 1677,1146 1722,1140 1766,1137 1811,1137 1856,1131 1901,1128 1946,1125 1990,1122 2035,1116 2080,1110 2125,1107 2169,1107 2214,1104 2259,1101 2304,1098 2348,1092 2393,1089 2438,1080"/>
                <TextEquiv>
                    <Unicode>BRIEFTRAGER. Bitt’ schön, unterschreiben. Reicht</Unicode>
                </TextEquiv>
            </TextLine>
            <TextLine id="tr_1_tl_10" custom="readingOrder {index:9;}">
                <Coords points="913,1274 998,1292 1034,1269 1066,1273 1106,1254 1155,1267 1204,1256 1250,1280 1307,1278 1314,1184 1265,1180 1229,1201 1168,1185 1129,1208 1087,1191 1026,1218 1006,1201 951,1216 920,1195"/>
                <Baseline points="925,1268 958,1265 1002,1259 1047,1259 1092,1256 1137,1250 1181,1247 1226,1244 1271,1238 1316,1235"/>
                <TextEquiv>
                    <Unicode>ihr den Bleistift.</Unicode>
                </TextEquiv>
            </TextLine>
            <TextLine id="tr_1_tl_11" custom="readingOrder {index:10;}">
                <Coords points="992,1352 1049,1326 1153,1337 1206,1316 1543,1324 1549,1231 1365,1231 1316,1273 1293,1261 1256,1280 1163,1254 998,1274"/>
                <Baseline points="1005,1328 1011,1325 1056,1322 1101,1319 1146,1316 1190,1310 1235,1310 1280,1307 1325,1304 1369,1301 1414,1298 1459,1295 1504,1292 1549,1289"/>
                <TextEquiv>
                    <Unicode>GUSTI unterschreibt.</Unicode>
                </TextEquiv>
            </TextLine>
            <TextLine id="tr_1_tl_12" custom="readingOrder {index:11;}">
                <Coords points="987,1415 2102,1341 2161,1329 2165,1265 1958,1254 1879,1290 1791,1246 1515,1329 1206,1314 990,1348"/>
                <Baseline points="999,1393 1002,1396 1047,1390 1092,1387 1137,1384 1181,1381 1226,1378 1271,1375 1316,1372 1361,1369 1405,1367 1450,1364 1495,1361 1540,1358 1584,1355 1629,1352 1674,1349 1719,1346 1763,1343 1808,1340 1853,1340 1898,1334 1943,1331 1987,1325 2032,1322 2077,1316 2122,1316 2166,1310"/>
                <TextEquiv>
                    <Unicode>EDUARD bat immer den Blick auf sie gebeftet.</Unicode>
                </TextEquiv>
            </TextLine>
            <TextLine id="tr_1_tl_13" custom="readingOrder {index:12;}">
                <Coords points="992,1487 2433,1381 2437,1328 2180,1305 998,1411"/>
                <Baseline points="1005,1468 1008,1465 1053,1459 1098,1459 1143,1453 1187,1450 1232,1447 1277,1441 1322,1438 1367,1435 1411,1432 1456,1432 1501,1429 1546,1426 1590,1423 1635,1417 1680,1414 1725,1411 1769,1408 1814,1405 1859,1402 1904,1399 1949,1396 1993,1393 2038,1387 2083,1384 2128,1381 2172,1378 2217,1375 2262,1372 2307,1369 2351,1361 2396,1358 2441,1355"/>
                <TextEquiv>
                    <Unicode>BRIETRAGER. Heut kriegen wir noch ein or-</Unicode>
                </TextEquiv>
            </TextLine>
            <TextLine id="tr_1_tl_14" custom="readingOrder {index:13;}">
                <Coords points="945,1545 2356,1458 2462,1435 2466,1388 951,1477"/>
                <Baseline points="958,1534 990,1534 1035,1531 1080,1528 1125,1525 1170,1522 1214,1519 1259,1513 1304,1510 1349,1507 1393,1504 1438,1504 1483,1501 1528,1498 1572,1495 1617,1489 1662,1486 1707,1483 1752,1480 1796,1477 1841,1474 1886,1471 1931,1468 1975,1462 2020,1462 2065,1456 2110,1453 2154,1450 2199,1447 2244,1444 2289,1441 2334,1435 2378,1432 2423,1426 2468,1417"/>
                <TextEquiv>
                    <Unicode>dentliches Wetter. Zu Gusti. So, dank' schön. Nimmt</Unicode>
                </TextEquiv>
            </TextLine>
            <TextLine id="tr_1_tl_15" custom="readingOrder {index:14;}">
                <Coords points="1013,1674 1663,1659 2187,1585 2441,1634 2475,1521 1017,1612"/>
                <Baseline points="1023,1671 1041,1668 1086,1662 1131,1662 1175,1659 1220,1653 1265,1647 1310,1647 1355,1644 1399,1641 1444,1641 1489,1635 1534,1632 1578,1629 1623,1626 1668,1623 1713,1620 1758,1617 1802,1614 1847,1608 1892,1608 1937,1602 1981,1599 2026,1596 2071,1593 2116,1590 2160,1584 2205,1581 2250,1578 2295,1575 2340,1569 2384,1566 2429,1563 2474,1561"/>
                <TextEquiv>
                    <Unicode>EDUARD nimmt den anderen Brief. Der ist aus Kassel.</Unicode>
                </TextEquiv>
            </TextLine>
            <TextLine id="tr_1_tl_16" custom="readingOrder {index:15;}">
                <Coords points="945,1612 977,1627 1011,1610 1060,1606 1074,1615 1098,1602 1153,1600 1189,1612 1206,1596 1220,1604 1240,1593 1280,1595 1284,1538 1256,1519 1167,1560 1091,1540 1032,1564 949,1545"/>
                <Baseline points="955,1608 973,1605 1017,1602 1062,1599 1107,1596 1152,1590 1196,1587 1241,1584 1286,1581"/>
                <TextEquiv>
                    <Unicode>das Rezepisse.</Unicode>
                </TextEquiv>
            </TextLine>
            <TextLine id="tr_1_tl_17" custom="readingOrder {index:16;}">
                <Coords points="945,1740 1036,1761 1078,1737 1763,1701 1780,1640 1657,1661 1490,1638 1193,1695 1104,1672 1028,1701 949,1685"/>
                <Baseline points="955,1740 976,1740 1020,1737 1065,1734 1110,1734 1155,1728 1199,1725 1244,1722 1289,1719 1334,1716 1378,1710 1423,1710 1468,1704 1513,1701 1558,1698 1602,1692 1647,1692 1692,1689 1737,1686 1781,1683"/>
                <TextEquiv>
                    <Unicode>Legt ihn auf den Tisch der Veranda.</Unicode>
                </TextEquiv>
            </TextLine>
            <TextLine id="tr_1_tl_18" custom="readingOrder {index:17;}">
                <Coords points="1028,1818 1557,1765 1771,1780 1952,1754 1956,1697 1793,1674 1708,1720 1674,1695 1032,1756"/>
                <Baseline points="1038,1805 1062,1802 1107,1799 1152,1796 1196,1793 1241,1787 1286,1784 1331,1781 1375,1778 1420,1775 1465,1772 1510,1766 1555,1763 1599,1760 1644,1758 1689,1758 1734,1755 1778,1752 1823,1746 1868,1743 1913,1740 1957,1740"/>
                <TextEquiv>
                    <Unicode>BRIEFTRÄGER. Guten Abend.</Unicode>
                </TextEquiv>
            </TextLine>
            <TextLine id="tr_1_tl_19" custom="readingOrder {index:18;}">
                <Coords points="1032,1884 1079,1898 1125,1873 1161,1896 1220,1880 1254,1896 1496,1846 1712,1850 1718,1773 1557,1765 1418,1797 1038,1814"/>
                <Baseline points="1044,1874 1047,1874 1092,1868 1137,1865 1181,1862 1226,1859 1271,1856 1316,1853 1361,1850 1405,1847 1450,1841 1495,1838 1540,1832 1584,1832 1629,1829 1674,1829 1719,1826"/>
                <TextEquiv>
                    <Unicode>EDUARD. Grüß' Gott.</Unicode>
                </TextEquiv>
            </TextLine>
            <TextLine id="tr_1_tl_20" custom="readingOrder {index:19;}">
                <Coords points="1555,1934 1600,1941 1631,1968 1708,1926 1752,1947 1879,1915 1909,1934 1915,1850 1805,1863 1771,1879 1699,1846 1651,1869 1638,1858 1606,1862 1589,1846 1560,1856"/>
                <Baseline points="1566,1931 1602,1928 1647,1925 1692,1922 1737,1919 1781,1916 1826,1910 1871,1910 1916,1907"/>
                <TextEquiv>
                    <Unicode>Briefträger ab.</Unicode>
                </TextEquiv>
            </TextLine>
            <TextLine id="tr_1_tl_21" custom="readingOrder {index:20;}">
                <Coords points="1045,2102 2433,2005 2483,1994 2488,1913 2123,1962 1911,1939 1477,2019 1057,1954"/>
                <Baseline points="1059,2074 1101,2071 1146,2068 1190,2065 1235,2065 1280,2062 1325,2059 1369,2056 1414,2050 1459,2047 1504,2044 1549,2041 1593,2041 1638,2035 1683,2035 1728,2029 1772,2026 1817,2023 1862,2020 1907,2017 1952,2017 1996,2011 2041,2008 2086,2002 2131,1999 2175,1996 2220,1993 2265,1987 2310,1984 2354,1978 2399,1975 2444,1969 2489,1969"/>
                <TextEquiv>
                    <Unicode>GUSTI noch am Zaun, bat den Brief geöffnet, der ein Doku-</Unicode>
                </TextEquiv>
            </TextLine>
            <TextLine id="tr_1_tl_22" custom="readingOrder {index:21;}">
                <Coords points="973,2157 2250,2102 2492,2062 2496,2000 1269,2098 979,2068"/>
                <Baseline points="984,2151 1020,2149 1065,2149 1110,2143 1155,2140 1199,2137 1244,2134 1289,2128 1334,2128 1378,2125 1423,2122 1468,2119 1513,2116 1558,2113 1602,2107 1647,2107 1692,2101 1737,2098 1781,2092 1826,2092 1871,2086 1916,2083 1960,2080 2005,2080 2050,2074 2095,2071 2140,2068 2184,2065 2229,2059 2274,2056 2319,2053 2363,2050 2408,2044 2453,2041 2498,2035"/>
                <TextEquiv>
                    <Unicode>ment entbält; sie liest es, steckt es wieder ins Kuvert, zu Eduard.</Unicode>
                </TextEquiv>
            </TextLine>
            <TextLine id="tr_1_tl_23" custom="readingOrder {index:22;}">
                <Coords points="1004,2242 1142,2212 1331,2204 1401,2225 1530,2214 1553,2193 1668,2204 1674,2123 1619,2115 1564,2144 1530,2121 1413,2134 1352,2163 1184,2144 1051,2180 1009,2159"/>
                <Baseline points="1014,2223 1047,2214 1092,2211 1137,2211 1181,2205 1226,2202 1271,2199 1316,2196 1361,2190 1405,2190 1450,2184 1495,2184 1540,2178 1584,2175 1629,2175 1674,2172"/>
                <TextEquiv>
                    <Unicode>Jetzt ist einer neugierig.</Unicode>
                </TextEquiv>
            </TextLine>
            <TextLine id="tr_1_tl_24" custom="readingOrder {index:23;}">
                <Coords points="1051,2284 1257,2271 1303,2290 1519,2255 1693,2269 1737,2242 1801,2261 1807,2174 1394,2227 1312,2202 1055,2225"/>
                <Baseline points="1062,2280 1092,2280 1137,2274 1181,2271 1226,2268 1271,2265 1316,2262 1361,2259 1405,2256 1450,2253 1495,2250 1540,2247 1584,2247 1629,2244 1674,2238 1719,2235 1763,2235 1808,2232"/>
                <TextEquiv>
                    <Unicode>EDUARD zuckt die Achseln.</Unicode>
                </TextEquiv>
            </TextLine>
            <TextLine id="tr_1_tl_25" custom="readingOrder {index:24;}">
                <Coords points="1068,2352 1221,2358 1240,2341 1532,2318 1716,2341 1720,2276 1562,2255 1477,2259 1454,2280 1367,2267 1299,2291 1257,2271 1072,2293"/>
                <Baseline points="1080,2345 1095,2345 1140,2343 1184,2340 1229,2337 1274,2334 1319,2331 1364,2328 1408,2325 1453,2322 1498,2319 1543,2316 1587,2313 1632,2310 1677,2307 1722,2307"/>
                <TextEquiv>
                    <Unicode>GUSTI. Mein Vertrag.</Unicode>
                </TextEquiv>
            </TextLine>
            <TextLine id="tr_1_tl_26" custom="readingOrder {index:25;}">
                <Coords points="1066,2424 1312,2430 1500,2388 1572,2405 1774,2377 1810,2403 1945,2382 1951,2295 1837,2263 1695,2343 1528,2320 1365,2356 1072,2348"/>
                <Baseline points="1077,2417 1101,2414 1146,2411 1190,2408 1235,2405 1280,2402 1325,2399 1369,2399 1414,2393 1459,2390 1504,2387 1549,2384 1593,2381 1638,2378 1683,2375 1728,2372 1772,2366 1817,2363 1862,2360 1907,2357 1952,2351"/>
                <TextEquiv>
                    <Unicode>EDUARD. So. Mit Innsbruck?</Unicode>
                </TextEquiv>
            </TextLine>
            <TextLine id="tr_1_tl_27" custom="readingOrder {index:26;}">
                <Coords points="1078,2490 2074,2445 2519,2399 2522,2354 2148,2369 2038,2329 1805,2405 1083,2433"/>
                <Baseline points="1089,2486 1092,2483 1137,2480 1181,2477 1226,2474 1271,2474 1316,2471 1361,2465 1405,2462 1450,2462 1495,2456 1540,2456 1584,2450 1629,2450 1674,2444 1719,2441 1763,2438 1808,2435 1853,2432 1898,2429 1943,2426 1987,2423 2032,2417 2077,2414 2122,2411 2166,2405 2211,2405 2256,2399 2301,2396 2345,2393 2390,2387 2435,2384 2480,2381 2525,2381"/>
                <TextEquiv>
                    <Unicode>GUSTI ganz erfüllt, nimmt den Vertrag wieder aus dem Kuvert.</Unicode>
                </TextEquiv>
            </TextLine>
            <TextLine id="tr_1_tl_28" custom="readingOrder {index:27;}">
                <Coords points="1034,2577 2524,2471 2530,2386 1040,2504"/>
                <Baseline points="1047,2560 1053,2560 1098,2557 1143,2551 1187,2548 1232,2545 1277,2540 1322,2540 1367,2534 1411,2531 1456,2528 1501,2525 1546,2525 1590,2522 1635,2519 1680,2513 1725,2510 1769,2507 1814,2504 1859,2498 1904,2495 1949,2489 1993,2486 2038,2486 2083,2483 2128,2480 2172,2474 2217,2471 2262,2468 2307,2462 2351,2456 2396,2453 2441,2450 2486,2450 2531,2450"/>
                <TextEquiv>
                    <Unicode>ja, jetzt bin ich engagiert. — Fest engagièrt. Auf ein</Unicode>
                </TextEquiv>
            </TextLine>
            <TextLine id="tr_1_tl_29" custom="readingOrder {index:28;}">
                <Coords points="1043,2649 2509,2540 2530,2471 1049,2570"/>
                <Baseline points="1053,2629 1098,2623 1143,2620 1187,2620 1232,2614 1277,2608 1322,2605 1367,2602 1411,2599 1456,2596 1501,2593 1546,2590 1590,2590 1635,2584 1680,2581 1725,2578 1769,2575 1814,2569 1859,2566 1904,2563 1949,2557 1993,2557 2038,2554 2083,2551 2128,2545 2172,2542 2217,2540 2262,2537 2307,2534 2351,2528 2396,2525 2441,2519 2486,2516 2531,2516"/>
                <TextEquiv>
                    <Unicode>Jahr. Das heißt, eigentlich nur bis Ostern. Dann sperren</Unicode>
                </TextEquiv>
            </TextLine>
            <TextLine id="tr_1_tl_30" custom="readingOrder {index:29;}">
                <Coords points="1023,2723 2462,2611 2524,2602 2528,2540 1028,2651"/>
                <Baseline points="1035,2695 1053,2695 1098,2692 1143,2689 1187,2686 1232,2683 1277,2680 1322,2677 1367,2671 1411,2671 1456,2668 1501,2662 1546,2659 1590,2656 1635,2653 1680,2650 1725,2647 1769,2644 1814,2641 1859,2638 1904,2635 1949,2632 1993,2629 2038,2626 2083,2620 2128,2614 2172,2611 2217,2608 2262,2602 2307,2599 2351,2596 2396,2593 2441,2587 2486,2584 2531,2575"/>
                <TextEquiv>
                    <Unicode>sie zu. Aber für den Sommer krieg’ ich sicher ein En-</Unicode>
                </TextEquiv>
            </TextLine>
            <TextLine id="tr_1_tl_31" custom="readingOrder {index:30;}">
                <Coords points="1028,2789 2536,2670 2541,2604 1034,2714"/>
                <Baseline points="1041,2772 1062,2766 1107,2763 1152,2760 1196,2754 1241,2748 1286,2748 1331,2742 1375,2739 1420,2736 1465,2736 1510,2734 1555,2731 1599,2728 1644,2722 1689,2719 1734,2716 1778,2713 1823,2707 1868,2704 1913,2701 1957,2698 2002,2695 2047,2692 2092,2689 2137,2683 2181,2680 2226,2677 2271,2671 2316,2668 2360,2665 2405,2662 2450,2656 2495,2653 2540,2650"/>
                <TextEquiv>
                    <Unicode>gagement in irgendeinem Badeort. Wahrscheinlich in</Unicode>
                </TextEquiv>
            </TextLine>
            <TextLine id="tr_1_tl_32" custom="readingOrder {index:31;}">
                <Coords points="1032,2846 1985,2772 2074,2816 2538,2736 2541,2680 1036,2782"/>
                <Baseline points="1044,2832 1068,2832 1113,2826 1158,2823 1202,2820 1247,2817 1292,2814 1337,2814 1381,2811 1426,2808 1471,2805 1516,2799 1561,2793 1605,2793 1650,2787 1695,2787 1740,2784 1784,2781 1829,2778 1874,2772 1919,2769 1963,2766 2008,2760 2053,2760 2098,2757 2143,2751 2187,2748 2232,2751 2277,2751 2322,2745 2366,2739 2411,2734 2456,2728 2501,2725 2545,2716"/>
                <TextEquiv>
                    <Unicode>Deutschland. Und in der nächsten Saison — ja, wer</Unicode>
                </TextEquiv>
            </TextLine>
            <TextLine id="tr_1_tl_33" custom="readingOrder {index:32;}">
                <Coords points="1049,2913 1307,2882 1615,2892 1710,2861 1873,2875 2019,2850 2024,2780 1053,2856"/>
                <Baseline points="1059,2901 1083,2898 1128,2895 1172,2892 1217,2889 1262,2886 1307,2880 1352,2880 1396,2877 1441,2874 1486,2871 1531,2868 1575,2868 1620,2862 1665,2859 1710,2856 1755,2850 1799,2847 1844,2844 1889,2838 1934,2838 1978,2832 2023,2835"/>
                <TextEquiv>
                    <Unicode>weiß, wo ich im nächsten Jahr bin.</Unicode>
                </TextEquiv>
            </TextLine>
            <TextLine id="tr_1_tl_34" custom="readingOrder {index:33;}">
                <Coords points="1110,2966 2354,2920 2551,2875 2558,2772 2138,2801 1869,2880 1115,2909"/>
                <Baseline points="1122,2963 1125,2963 1170,2960 1214,2954 1259,2951 1304,2948 1349,2945 1393,2945 1438,2942 1483,2939 1528,2936 1572,2933 1617,2931 1662,2928 1707,2925 1752,2922 1796,2919 1841,2919 1886,2913 1931,2910 1975,2904 2020,2901 2065,2895 2110,2895 2154,2892 2199,2889 2244,2886 2289,2880 2334,2877 2378,2874 2423,2871 2468,2865 2513,2859 2557,2853"/>
                <TextEquiv>
                    <Unicode>EDUARD künstlich unbefangen. Möchte mich nicht</Unicode>
                </TextEquiv>
            </TextLine>
            <TextLine id="tr_1_tl_35" custom="readingOrder {index:34;}">
                <Coords points="2674,2903 2789,2932 2860,2886 3064,2886 3068,2778 2975,2805 2916,2752 2878,2755 2860,2771 2841,2755 2780,2746 2718,2774 2680,2755"/>
                <Baseline points="2686,2883 2731,2880 2778,2878 2778,2878 2799,2874 2844,2877 2889,2874 2933,2877 2978,2874 3023,2868 3068,2862"/>
                <TextEquiv>
                    <Unicode>X Pest</Unicode>
                </TextEquiv>
            </TextLine>
            <TextLine id="tr_1_tl_36" custom="readingOrder {index:35;}">
                <Coords points="1055,3041 1345,3024 1401,3043 1557,3009 1824,3005 1858,3000 1863,2937 1059,2992"/>
                <Baseline points="1065,3038 1104,3035 1149,3029 1193,3026 1238,3023 1283,3020 1328,3017 1372,3017 1417,3014 1462,3011 1507,3008 1552,3005 1596,2999 1641,2996 1686,2993 1731,2990 1775,2984 1820,2984 1865,2981"/>
                <TextEquiv>
                    <Unicode>mitnehmen nach Innsbruck?</Unicode>
                </TextEquiv>
            </TextLine>
            <TextLine id="tr_1_tl_37" custom="readingOrder {index:36;}">
                <Coords points="1117,3132 1697,3070 1816,3098 1886,3058 2015,3079 2070,3043 2170,3077 2178,2975 1123,3053"/>
                <Baseline points="1131,3101 1149,3098 1193,3095 1238,3095 1283,3092 1328,3089 1372,3086 1417,3086 1462,3083 1507,3080 1552,3077 1596,3074 1641,3068 1686,3065 1731,3065 1775,3059 1820,3056 1865,3050 1910,3047 1954,3044 1999,3038 2044,3038 2089,3035 2134,3029 2178,3029"/>
                <TextEquiv>
                    <Unicode>GUSTI lustig. Aber selbstverständlich.</Unicode>
                </TextEquiv>
            </TextLine>
            <TextLine id="tr_1_tl_38" custom="readingOrder {index:37;}">
                <Coords points="1458,3265 1477,3278 1610,3250 1674,3261 1704,3238 1778,3255 1898,3236 1901,3183 1865,3174 1729,3202 1691,3183 1661,3195 1627,3176 1604,3182 1543,3151 1502,3170 1468,3164"/>
                <Baseline points="1468,3256 1501,3256 1546,3250 1590,3244 1635,3241 1680,3235 1725,3232 1769,3229 1814,3220 1859,3217 1904,3211"/>
                <TextEquiv>
                    <Unicode>Fischer-Verlag, Berlin</Unicode>
                </TextEquiv>
            </TextLine>
            <TextLine id="tr_1_tl_39" custom="readingOrder {index:38;}">
                <Coords points="1314,3373 1454,3346 1479,3365 1587,3325 1642,3348 1699,3318 1873,3314 1916,3289 2045,3308 2053,3235 1937,3197 1814,3252 1328,3271"/>
                <Baseline points="1328,3348 1337,3345 1381,3345 1426,3336 1471,3333 1516,3327 1561,3322 1605,3319 1650,3313 1695,3307 1740,3304 1784,3298 1829,3292 1874,3286 1919,3283 1963,3277 2008,3271 2053,3271"/>
                <TextEquiv>
                    <Unicode>Im Spiel der Sommerlüfte</Unicode>
                </TextEquiv>
            </TextLine>
            <TextLine id="tr_1_tl_40" custom="readingOrder {index:39;}">
                <Coords points="1413,3405 1536,3414 1674,3382 1970,3365 1992,3360 1998,3310 1907,3295 1814,3322 1687,3324 1579,3360 1547,3341 1479,3365 1462,3344 1417,3358"/>
                <Baseline points="1423,3405 1462,3399 1507,3393 1552,3387 1596,3381 1641,3375 1686,3372 1731,3369 1775,3363 1820,3357 1865,3354 1910,3348 1954,3342 1999,3342"/>
                <TextEquiv>
                    <Unicode>1. Fahnenkorr. am 20. 8. 29</Unicode>
                </TextEquiv>
            </TextLine>
            <TextLine id="tr_1_tl_41" custom="readingOrder {index:40;}">
                <Coords points="1365,3484 1443,3500 1678,3441 1712,3464 1767,3452 1814,3484 1913,3458 1962,3486 2007,3473 2021,3341 1845,3382 1706,3380 1653,3405 1373,3405"/>
                <Baseline points="1378,3465 1393,3462 1438,3456 1483,3453 1528,3453 1572,3447 1617,3441 1662,3432 1707,3429 1752,3423 1796,3420 1841,3417 1886,3411 1931,3408 1975,3405 2020,3399"/>
                <TextEquiv>
                    <Unicode>Bibliographi.hes Institut, Leipzig</Unicode>
                </TextEquiv>
            </TextLine>
        </TextRegion>
    </Page>
</PcGts>
