3528 4072
724 551 2238 686 Aber du kannst dir seine Aufregung vorstellen. Er hat
732 650 2253 764 sogar die Idee gehabt, noch hineinzufahren in die Stadt.
726 709 2132 811 Aber das hätte natürlich gar keinen Sinn gehabt.
802 775 2153 884 GUSTI. Schau, Josefa, du mußt ja nichts reden.
794 853 2139 971 JOSEFA. Wieso? Warum soll ich nichts reden?
804 935 2257 1026 GUSTI in gleichem Tonfall wie früber Josefa die gleichen
730 996 2253 1089 Worte zu ihr. Ich glaub' halt, es ist besser, du redest
730 1058 2250 1159 nichts. Sie seben einander an, dann lächeln beide. Dann nimmt
745 1127 1896 1226 Gusti Josefas Kopf in ihre Hände und küßt sie.
790 1176 2265 1294 VINCENZ ist wieder auf die Veranda getreten, befremdet.
750 1269 2259 1383 Ja, was habt ihr denn? Warum so gerührt? Wir fahren
752 1345 1526 1438 doch alle zusammen hinein.
808 1379 2263 1495 GUSTI. Ich will mich nur geschwind fertigmachen.
745 1478 1543 1583 Rasch binein, an Vincenz vorüber.
804 1495 2270 1647 VINCENZ nocb auf der Veranda, zu Josefa. Es geht
750 1617 1493 1702 dem Mädel doch sehr nah.
821 1680 1556 1778 JOSEFA unbestimmter Blick.
813 1723 2270 1847 VINCENZ in den Garten. Die Geschichte mit dem
752 1818 1288 1913 Doktor mein' ich.
825 1843 2280 1986 JOSEFA nickt mit der Geste: Das ist doch selbstverständlich.
821 1936 2278 2042 VINCENZ näber zu ihr. Auch dir, wie es scheint?
836 2010 2284 2096 JOSEFA. Sie haben sich doch eigentlich sehr gern
770 2079 2282 2187 gehabt die zwei So ein Abschied ist immer was
777 2138 2284 2242 Trauriges — auch zum Zuschaun. Sie wird’s nicht
770 2189 2295 2310 leicht haben, die Gusti, im Anfang... Auch jetzt die
775 2290 1490 2396 letzten Tage in der Stadt
834 2326 2291 2449 VINCENZ. Ist das vielleicht der Grund — daß
781 2421 1974 2510 auch du nicht mehr herauskommen willst?
842 2497 2297 2595 JOSEFA. Nicht gerade das. Aber ich denk mir,
783 2554 2291 2685 wenn wir ohnedies schon hineinfahren — auf die paar
792 2630 1714 2747 Tage kommt's am Ende nicht an
840 2704 1434 2801 VINCENZ. Schade.
855 2734 2189 2875 JOSEFA in wachsender Verlegenbeit. Wieso schade?
849 2822 2310 2939 VINCENZ. Daß du gerade jetzt auf die Idee
788 2882 2293 3004 kommst, in die Stadt binnenzuziehen, wo ich mir vor-
787 2962 2312 3068 genommen habe, einmal vierzehn Tage lang in Ruhe
806 3034 1944 3148 da heraußen auf dem Land zu verleben.
876 3105 1875 3222 JOSEFA. Das wolltest du wirklich?
1239 3232 1708 3321 Fischer-Verlag, Berlin
1117 3253 1847 3410 Im Spiel der Sommerlüfte
2075 3274 2219 3414 64
1186 3357 1773 3456 1. Fahnenkorr. am 22. 8. 29
1136 3412 1835 3544 Bibliographisches Institut, Leipzig
2996 1799 3173 2050 e
2833 1910 2977 2067 r
2974 2162 3091 2307 l
2708 2174 2936 2314 r
