3544 4056
1969 357 2624 539 nach Seite 52
1656 426 1862 623 well
617 494 2800 748 Und als ich endlich in den Jas erwachte, da war
634 652 2860 846 alle irdische Sehnsucht dahin. Ich mit umso hel¬
1799 828 1963 929 der
1248 840 1537 956 wird
631 903 2791 1117 leren Sinnen vor ich mir xxx Sünde bewusst,
649 1060 1451 1230 die ich begangen.
646 1209 2770 1373 Josefa: Welcher Sünde? - (verstehend, doch wie
649 1355 2782 1525 mit Staunen) -dass wir einander- beinahe - ver-
649 1540 1379 1659 standen hätten?
637 1653 3029 1796 Kaplan: Ja,Frau Josefa. Dieser - und dieser allein.
673 1799 2913 1981 (Pause) Noch weiss ich von der Busse nichts, die
658 1984 2928 2124 der Himmel über mich verhängt,- doch zum Zeichen
661 2145 2997 2255 inbrünstiger Bereitschaft und Heue habe ich mir
694 2297 2928 2440 gelobt:- wenn jemals wieder Zweifel meine Seele
676 2425 2880 2574 versuchen sollten mich demütig xxxx
670 2562 3009 2720 καζοχκεκαχεόκατεχουσταόχα·ατακακταικαιστεικεις
3163 2571 3280 2788 le
667 2782 1066 2889 XXXXXXX
