3512 3992
828 461 2284 608 JOSEFA. Wofür denn, Hochwürden? Ich habe
761 562 1884 675 nichts als meine herzliche Anteilnahme.
782 619 2295 715 KAPLAN. Auch Anteil ist Gebet. Wie tief emp¬
759 709 2288 789 finde ich das, seit ich hier bin. Und es ist nicht dieser
761 768 2284 858 Anteil allein, aus der es mir wie eine Hoffnung ent¬
770 851 2280 929 gegenströmt. Die Geborgenheit dieses Hauses, der
774 921 1940 1001 Friede eines reinen Herzens, Frau Josefa
824 961 2286 1066 JOSEFA abwehrend. Daran wird es kaum liegen, Hoch¬
770 1047 2297 1135 würden. Wer ist denn überhaupt geborgen, wer in
774 1116 2299 1214 dieser Welt? Wein ist ein friedliches Herz geschenkt?
822 1170 2295 1256 KAPIAN. Damit mögen Sie wohl recht haben.
764 1246 2297 1338 Niemandem bleiben innere Kämpfe ganz erspart. Aber
774 1305 2295 1391 ohne die wäre wohl auch der innere Friede nicht viel
2552 1323 2940 1497 ich
776 1389 2294 1474 wert. Das ist ja erst der rechte, den manserkämpft hat.
776 1454 2066 1533 Erst Selbstüberwindung ist Friede, ist Glück.
837 1510 2299 1617 JOSEFA. Immer, Hochwürden? Ich frage mich
766 1579 2295 1680 manchmal, ob nicht die Leute besser dran sind, die sich
764 1653 2294 1734 nicht überwunden, die alles auf sich genommen haben,
776 1737 2297 1814 was ihnen das Leben gebracht oder über sie verhängt
780 1783 2299 1883 hat, Freude und Leid — Gutes und Böses — Schönes
839 1865 1468 1957 und Häßliches auch.
837 1927 1686 2009 KAPLAN siebt sie befremdet an.
837 1980 2290 2114 JOSEFA mit einem Blick vorbei. Freilich — manch¬
776 2068 1682 2167 mal gehört schon courage dazu.
837 2129 2301 2230 KAPLAN. Eine courage, um die wir niemanden
780 2198 2301 2290 beneiden wollen, Frau Josefa. Eine Art von Mut, der
789 2282 2074 2364 dann oft der Sünde verzweifelt ähnlich sieht.
841 2315 2305 2439 J congressA. Und ob die Sünde nicht wieder manch¬
782 2397 2211 2506 mal dem Glück ahnlich sieht, verzweifelt ähnlich?
837 2446 2309 2559 KAPLAN. Bestimmt, aber nicht bart. Wo hinterher die
782 2540 2313 2624 Reue kommt, kann man wohl kaum von Glück sprechen.
866 2603 2309 2731 JOSEFA. Sind Hochwürden denn so sicher, daß
789 2685 1340 2789 Ihr Bruder bereut?
843 2699 2315 2850 KAPLAN auf den Brief deutend. Absolution hat er sich
791 2821 2297 2915 von mir geholt. Darum war er da. Da steht es. Abso¬
786 2869 2311 2982 lution. Was er auch gefehlt haben mag — jetzt bereut
789 2968 2311 3054 er. Nicht weil — es etwa schlimm ausgehen könnte,
789 3024 2313 3119 nein, er bereut, weil er gesündigt hat. Er bält den Brief
791 3115 1825 3209 in der Hand. Ich weiß es, ich fühl' es.
1210 3224 1659 3324 Fischer-Verlag, Berlin
1078 3284 1812 3404 Im Spiel der Sommerlüfte
1122 3371 1728 3465 1. Fahnenkorr. am 21. 8. 29
1095 3429 1762 3542 Bibliographisches Institut, Leipzig
