4664 3848
544 413 1998 581 LANDBRIETRAGER von rechts am Zaun vorbei. Gu¬
492 534 1138 642 ten Morgen. Will weiter.
551 576 1399 695 VINCENZ. Nichts für mich?
557 627 1932 767 BRIEFTRÄGER. Nichts ist da, Herr Professor.
555 742 1854 850 JOSEFA. Und für meine Nichte auch nichts?
557 784 2002 909 BRIETRÄGER. Nichts ist da fürs Fräulein Pfleg¬
487 879 1329 987 ner. Guten Morgen. Ab rechts.
555 918 1907 1034 VINCENZ siebt auf die Ubr. Viertel neun schon.
559 1013 1913 1115 JOSEFA. Kannst ja mit dem Omnibus fahren.
559 1047 2015 1172 VINCENZ. Mit dem Rumpelkasten, Gott behüt!
490 1132 2013 1276 Stebt auf. Ich geh lieber zu Fuß, ist auch gesünder.
489 1240 2009 1354 Die Rainer-Mädeln, zwei junge Mädchen, beinahe noch Kinder
621 1331 1880 1426 von 14 und 13, nett gekleidet, von links vorbei am Zaun.
555 1418 1487 1509 DIE ALTERE. Guten Morgen.
559 1470 1536 1591 DIE JUNGERE. KÜB die Hand!
562 1534 2017 1646 VINCENZ winkt mit der Hand einen Gruß zu. Grüß
504 1638 1547 1721 Gott, Kinder. Über die Veranda ins Haus.
570 1695 1841 1803 JOSEFA bleibt sitzen. Wie geht’s der Mutter?
562 1756 2024 1858 DIE ALTERE. Dank schön, sie hat noch geschlafen,
509 1845 1248 1943 wie wir weggegangen sind.
572 1909 1481 2013 JOSEFA. Ward ihr schon weit?
562 1970 1572 2079 DIE JUNGERE. Bis zur Aussicht.
568 1992 2032 2165 DIE ALTERE. Man muß die Zeit ausnützen, der
506 2127 1155 2214 Sommer ist eh so kurz.
566 2165 2034 2282 DIE JUNGERE. Heut acht Tag müssen wir schon
572 2261 1057 2354 die Stadt hinein.
566 2316 1714 2424 JOSEFA. Wir auch — wegen der Schul.
566 2367 2030 2485 DIE ALTERE. Richtig, der Herr Eduard geht ja
511 2471 1168 2545 auch noch in die Schul.
572 2532 2043 2649 VINCENZ kommt wieder, Überzieber über dem Arm, Hut
509 2615 822 2700 in der Hand.
574 2636 2051 2778 DIE JUNGERE. Einen schönen Gruß an den
509 2744 932 2831 Herrn Eduard.
572 2780 1818 2892 VINCENZ lacht. An den „Herrn“ Eduard!
578 2884 1460 2975 DIE ALTERE. KÜB die Hand!
568 2941 1729 3051 DIE JUNGERE. Adieu, Herr Professor.
581 2986 1916 3144 Jostera ihnen nacbrufend. Grüßt mir die Mutter.
589 3151 682 3269 12
2789 358 4039 487 Die Rainer-Mädeln sind nach rechts verschwunden.
2708 468 4166 581 JOSEFA zu Vincenz. Den Überzieher bei der Tem¬
2651 553 2896 655 peratur!
2700 589 4164 714 VINCENZ. Ich trau heut dem Wetter nicht. Und
2651 667 3778 775 wenn ich abends drin in der Stadt bleib
2721 710 4174 864 JOSEFA. Was willst du denn heute abend in der
2657 818 3079 915 Stadt machen?
2706 848 4170 973 VINCENZ. Wenn die Exzellenz aus Kassel viel-
2657 943 4178 1055 leicht schon da ist — es wär ja möglich. — Wo steckt
2657 1015 3464 1119 denn eigentlich der Eduard?
2714 1060 3846 1182 JOSEFA. Der ist längst auf und davon.
2721 1138 4183 1242 VINCENZ. Ich hab überhaupt nichts von dem
2670 1208 4181 1318 Buben da heraußen. Zum Frühstück könnt er einem
2670 1303 4178 1390 doch wenigstens die Ehre erweisen. — Und das Fräu-
2668 1354 4189 1453 lein Nichte schlaft wieder einmal bis in den hellichten
2680 1437 3011 1549 Tag hinein.
2748 1468 4189 1602 JOSEFA. Aber die ist auch schon um halb sechs
2670 1559 3486 1676 ausgeflogen mit dem Doktor.
2729 1625 4126 1744 VINCENZ. Der muß doch in die Stadt hinein
2680 1704 3602 1814 spätestens mit dem Neunuhrzug.
2736 1759 4197 1854 JOSEFA. Nein, was du für Sorgen hast! Er wird
2680 1841 4068 1945 schon zurechtkommen. Und die Gusti auch. Pause.
2742 1884 4183 2000 VINCENZ. Was sagt denn eigentlich deine Schwe-
2676 1975 3814 2057 ster zu der Geschichte mit dem Doktor?
2740 2019 4202 2157 JOSEFA. Die hat nie viel zu sagen gehabt. Und
2685 2108 3983 2218 gar jetzt, wo die Gusti ins Engagement geht.
2761 2185 3632 2272 VINCENZ. Hat sie denn eins?
2757 2252 4200 2350 JOSEFA. Freilich. Am Innsbrucker Stadttheater.
2691 2307 4206 2447 Aber bitt dich, verplausch dich nicht. Der Doktor
2693 2397 3384 2500 weiß noch nichts davon.
2757 2468 4064 2545 VINCENZ. Der weiß wohl manches nicht.
2754 2534 4041 2623 JOSEFA. Es gibt nicht gar so viel zu wissen.
2761 2589 3818 2695 VINCENZ. Na, mir kann's egal sein.
2771 2661 3708 2769 JOSEFA. Das denk ich mir auch.
2750 2721 4210 2824 VINCENZ lächelnd. Ich hab sie ja nicht eingeladen,
2706 2793 3634 2890 die Gusti. Das war ja deine Idee.
2771 2837 4225 2977 JOSEFA. Meiner Schwester zulieb. Du glaubst ja
2706 2939 4219 3079 gar nicht, wie dankbar sie uns ist, daß wir dem Mädel,
4062 3087 4161 3183 13
