3544 4056
702 519 2224 651 im Freien den ganzen Tag, und dann sind wir gestern
693 619 2135 702 noch alle zusammen gesessen beim Straußen bis elf
702 687 2197 810 Wenn die Kathi nicht um fünf bei meinem Bett ge¬
691 748 1578 846 standen wär — ich weiß nicht —
751 795 2218 903 FELIX. Mich hat keiner wecken müssen. Wie du
691 895 2207 994 ans Fenster geklopft hast, war ich schon eine Stund’
604 948 1226 1058 lang fix und fertig.
757 1012 2224 1115 GUSTI. Du bist überhaupt ein Engerl. Nimmt seine
693 1086 1166 1188 Hand und küßt sie.
744 1137 2209 1255 FELIX. Ach Gott, Gusti, diese Morgenstunden mit
700 1236 2207 1315 dir im Wald — das ist doch schließlich der einzige
696 1315 2209 1395 positive Gewinn dieser Ausflüge nach Kirchau. Ich hab’
687 1374 2209 1467 früher nie gealint, daß Morgenstunden so schön sein
687 1442 2203 1540 können. Sie sind nabe nebeneinander. Pause. Zögernd. Sag’ mir
685 1508 2192 1607 übrigens, Gusti — keine Briefe bekommen in der letz¬
685 1573 967 1675 ten Zeit?
755 1626 1607 1732 GUSTI. Was denn für Briefe?
744 1709 2199 1800 FELIX. Hat dir deine Mutter keine nachgeschickt?
679 1769 2197 1892 Liegen keine neuen Engagement santräge vor? Deutsch-
687 1851 1410 1947 land, Amerika,ie Australien
751 1923 1974 2017 GUSTI. Wie sich die Theater schon reißen.
738 1964 2201 2069 FELIX unbeberrscht. Du darfst nicht fort! Absolut
681 2061 2186 2144 nicht. Du wirst schon in Wien ein Engagement be
687 2118 2203 2209 kommen. Es müßt’ doch mit dem Teufel zugehen, wenn
685 2188 2137 2288 das nicht zu erreichen wär'. Und wenn nicht heuer
687 2256 2199 2347 im nächsten Jahr. Und du bleibst den näcisten Winter
683 2335 2201 2413 noch in Wien und studierst weiter. Kannst dann im
679 2402 1900 2479 nächsten Jahr um so mehr Gage verlangen.
757 2475 2209 2559 GUSTI. Du hast leicht reden, Felix. Ich kann der
691 2519 2207 2610 Mutter nicht noch ein Jahr in der Tasche liegen. Die
687 2608 2199 2702 alte Frau hat genug Sorgen und Kummer gehabt im
683 2682 2192 2771 Leben. Mein Bruder verdient noch keinen Groschen,
691 2748 2205 2837 ist heuer noch Volontär bei der Post. Jetzt ist ihr gan-
679 2810 1849 2903 zes Sinnen und Trachten meine Karrière.
738 2839 2203 2964 FELIX. Und deins vielleicht nicht? Man sieht’s
685 2950 2199 3026 doch. Du wärst wirklich imstand, irgendwo draußen in
685 3015 2193 3130 der Welt Komödie zu spielen und mich hier allein zu
683 3083 880 3189 lassen.
