3496 3976
1030 459 2385 607 gendwoher, so laufen sie ins Wetter, in die Nacht
885 546 2264 668 und ins Leben hinaus — und man bleibt allein.
912 583 2368 729 KAPLAN läcbelnd, als verstünde er erst jetzt ganz. Nicht
870 687 2382 807 für lange.— Sie werden beide recht bald zurückkommen
927 767 1868 864 - Eduard und der Herr Professor.
940 830 2159 950 JOSEFA. Und werden beide nicht da sein.
923 880 2383 1003 KAPLAN nach einer Pause, bewegt, beinabe herzlieb. Glauben
878 954 2380 1078 Sie nicht, Frau Josefa, daß ich nicht fähig wäre, Stim-
872 1028 2399 1137 mungen solcher Art durchaus zu verstehen. Das Leben
881 1106 2389 1224 ist ja nicht einfach. Was sieht und hört man nicht alles
956 1169 2399 1283 auch hier in diesem weltabgeschiedenen Nest. Was
887 1232 2321 1352 vertrauen die Menschen nicht alles dem Priester an
880 1317 2397 1424 und begreifen ihre Regungen manchmal selber nicht,
887 1373 2397 1481 nehmen sie bald zu leicht und oft zu schwer. Aber es
891 1443 2414 1567 tut ihnen wohl, ja, es befreit sie manchmal, daß sie sich
891 1500 2408 1612 ausgesprochen, daß sie gebeichtet haben. Und wenn
887 1574 2317 1683 es auch nicht gerade Ihre Absicht war, Frau Josefa
885 1656 2418 1757 ich habe jetzt doch von Ihnen eine Beichte gehört, eine
893 1725 2418 1822 Art von Beichte, sagen wir. Jeder ist fromm auf seine
906 1776 2414 1881 Weise — ob er will oder nicht, hätt' ich bald gesagt.
906 1841 2416 1957 Und glauben Sie mir, liebe Frau Josefa — morgen wird
908 1900 2420 2027 Ihre unruhvolle Stimmung — an der ich leider auch
906 1986 2420 2109 mir einige Schuld zumessen muß —, morgen wird sie
906 2071 1435 2180 wieder vorbei sein.
967 2102 2429 2241 JOSEFA. Ja, das wird sie, gewiß. Und man wird
912 2208 2218 2298 sich wieder belügen, sich und die andern dazu.
961 2252 2441 2372 KAPLAN betroffen, will etwas erwidern, besinnt sieb dann,
914 2321 2418 2450 wieder in fremdem Ton. Es ist nun Zeit, daß ich gehe, Frau Jo-
918 2385 2429 2505 sefa. Meine Pflicht ruft mich anderswohin. Gute Nacht.
918 2488 1504 2587 Wendet sich zum Geben.
984 2511 2441 2654 JOSEFA. Und wenn ich Hochwürden das alles in
939 2589 2446 2722 einer wirklichen Beichte gesagt hätte — würden Sie
935 2692 1546 2793 auch dann — fliehen?
2126 2703 2450 2816 Und Ihre
980 2730 2045 2858 KAPLAN ernst. Es ist keine Flucht.
944 2812 2444 2917 Worte waren keine Beichte und wollten keine sein, Frau
942 2890 2003 2998 Josefa. Stärber. Ihre Worte gingen nicht
942 2962 1651 3107 nicht um Absolution war
1296 3094 1759 3206 Fischer-Verlag, Berlin
1163 3168 1883 3282 Im Spiel der Sommerlüfte
1243 3242 1816 3332 1. Fahnenkorr. am 21. 8. 29
1188 3305 1860 3402 Bibliographisches Institut, Leipzig
