3528 4072
759 557 2223 698 JOSEFA. Liegt dir denn was dran, daß ich bei
694 673 1207 766 so was dabei bin?
751 722 2219 823 VINCENZ. Komische Frage. Vor drei Jahren bei
700 804 2221 909 der Einweihung des Brunnens in Graz bist du doch
705 878 1283 956 auch mitgekommen?
766 935 1513 1040 JOSEFA. Vor drei Jahren
772 981 2217 1095 VINCENZ. Und vor allem möcht’ ich, daß du dir
705 1057 2223 1169 das Modell noch einmal anschaust, ehe es in die Gießerei
698 1152 2226 1232 kommt. Doch besser gleich heut, als extra deswegen
698 1217 2224 1310 noch einmal hineinzufahren. Ich hab’ Rendezvous mit
715 1285 1937 1371 dem Intendanten im Atelier um zwölf Uhr.
781 1337 2221 1445 JOSEFA. Da müßten wir ja spätestens mit dem
707 1420 1299 1517 Elf-Uhr-Zug hinein.
768 1453 2010 1576 VINCENZ. Den erreichen wir noch leicht.
778 1542 2242 1656 JOSEFA. Weißt du, Vincenz — da könnt' ich
724 1622 1561 1715 eigentlich gleich drin bleiben.
783 1690 1508 1783 VINCENZ. Wieso? Wo?
787 1757 1696 1846 JOSEFA In der Stadtwohnung.
783 1806 2110 1909 VINCENZ sehr erstaunt. Was fallt dir denn ein?
783 1871 2232 1998 GUSTI aus dem Hause, fix und fertig zur Abreise gekleidet.
730 1968 1378 2050 Guten Morgen, Onkel.
787 2002 2242 2112 VINCENZ. Guten Morgen. Wie schaust du denn
726 2080 2243 2209 aus? So bin ich dich gar nicht mehr gewöhnt! Eine
726 2175 1088 2264 Stadtfäuln!
799 2213 2249 2327 GUSTI. Ich fahr’ ja hinein. Hat dir denn die Tante
724 2306 1126 2401 nichts gesagt?
793 2361 1515 2466 VINCENZ. Heut schon?
795 2415 2251 2555 GUSTI. Ich hab* noch eine Masse zu tun, eh ich
732 2512 1331 2601 nach Innsbruck fahr’.
791 2557 2192 2660 VINCENZ. Und kommst gar nicht mehr heraus
730 2650 970 2738 zu uns?
802 2662 2259 2795 GUSTI. Leider — nein. In dem Jahr gewiß nicht
738 2763 2249 2863 mehr. Wärmer. Es war ja wunderschön. Ich bin euch
747 2835 2242 2956 ja so dankbar. Blick in die Runde. Ich werd oft zurück
741 2899 2249 3006 denken an den Garten, an das liebe Haus, an die Land-
745 2981 1791 3071 schaft— Trischer. und so an allerhand.
804 3050 2268 3135 VINCENZ. Ganz was Ähnliches muß ich heut
751 3114 1618 3253 schon von wem gehört haben.
1088 3249 1546 3352 Fischer-Verlag, Berlin
954 3316 1688 3432 Im Spiel der Sommerlüfte
1907 3312 2070 3474 60
1061 3401 1612 3493 1. Fahnenkorr. am 22. 8: 29
954 3460 1696 3540 Bibliographisches Institut in Leipzig
