3560 4008
789 448 1996 583 VINCENZ. Guten Morgen, Hochwürden.
793 577 2237 662 JOSEFA saß so, daß sie den Kaplan nicht kommen seben
727 634 1789 736 konnte, wendet den Kopf. Guten Morgen.
778 683 2230 816 KAPLAN im Weitergeben. Das wird heut wieder ein
742 770 1247 860 wundervoller Tag.
789 822 2127 918 VINCENZ. Schon ein biss’l gar zu wundervoll.
789 880 2231 1008 KAPIAN. Und Sie müssen auch heute in die glüh¬
732 970 1729 1070 heiße Stadt hinein, Herr Professor?
778 1040 2239 1121 VINCENZ. Das geht schon nicht anders. Aber
731 1095 2233 1205 wollen Sie nicht einen Moment hereinspazieren, Hoch¬
738 1186 990 1271 würden?
778 1190 2249 1347 KAPIAN. Wenn’s erlaubt ist. In den Garten, reicht
727 1317 1129 1408 beiden die Hand.
780 1345 2243 1495 JOSEFA. Wo kommen Hochwürden denn heute
729 1461 1032 1550 schon her?
787 1495 2252 1649 KAPLAN. Ich war oben beim Hofrat Fallenböck
723 1588 1074 1691 in der Villa.
789 1624 2252 1774 VINCENZ. Geht’s ihm wieder schlechter, dem
727 1732 1091 1827 alten Herrn?
784 1778 2250 1890 KAPLAN. Immer im gleichen. Aber er verlangt
727 1869 1723 1960 in der letzten Zeit öfters nach mir.
799 1932 2252 2040 JOSEFA. Ist er vielleicht fromm geworden auf
727 2006 1233 2102 seine alten Tage?
787 2070 2249 2156 KAPLAN. Meine Besuche sind, wenn ich so sagen
742 2140 2254 2224 darf, vorläufig mehr freundschaftlicher als amtlicher
732 2205 2256 2285 Natur. Zu Josefa. Fromm kann man den Hofrat eigent¬
736 2281 2254 2385 lich nicht nennen, eher — in einem gewissen höheren
742 2355 1256 2450 Sinn — neugierig.
799 2393 2250 2507 JOSEFA. Daß Hochwürden nur nichts ausplau-
738 2471 2101 2588 schen am End'. So was spricht sich dann herum.
801 2552 1598 2636 VINCENZ mabnend. Josefa!
801 2590 2258 2713 JOSEFA. Berufsgeheimnisse gibt’s überall. Auch
748 2693 1742 2780 bei Bildhauern. — Zu Vincenz. Was?
801 2729 2252 2850 KAPIAN. Was macht denn die Arbeit, Herr Pro-
742 2835 1586 2911 fessor, wenn man fragen darf?
805 2897 1706 2992 VINCENZ. Ich danke, es geht.
799 2918 2260 3045 KAPLAN. Die Frau Professor hat mir erzählt, Sie
751 3023 2262 3154 machen jetzt eine große Skulptur für ein Theater in
744 3108 1140 3226 Deutschland?
1023 3243 1556 3381 Fischer-Vorlag, Berlin
939 3343 1664 3459 Im Spiel der Sommerlüfte
1019 3417 1605 3522 1. Fahnonkorr. am 19. 8. 29
962 3486 1628 3613 Bibliographisches Institut, Leipzig
