4648 3800
544 349 2079 488 eh sie ins Engagement geht, den Sommeraufenthalt da
540 448 1146 551 heraußen spendieren.
597 505 2077 608 VINCENZ. Sie hat sich auch wirklich gut erholt
469 597 1713 700 in den paar Wochen, das muß man sagen.
547 666 2073 753 Eduard kommt von draußen gelaufen, 17jäbriger bübscher Junge.
610 731 2066 841 EDUARD/ Guten Morgen, Vater, guten morgen,
553 807 1200 898 Mutter. Küßt die Mutter.
196 834 431 980 (etwas etc)
601 845 2079 967 VINGENZ küßt ihn flüchtig auf die Stirn. Wie schaust
551 950 1505 1028 du denn aus! — Zum Auswinden
195 950 490 1066 dée parler
612 988 2077 1087 EDUARD. Ich komm vom Katzenstein, in fünf-
559 1070 2077 1171 viertel Stunden hin und zurück. Vor acht Tagen hab
221 1072 370 1183 his
559 1139 2075 1234 ich noch fünfundzwanzig Minuten nur bis zur Fallen¬
563 1223 1492 1303 böckhütte gebraucht, nur hinauf.
616 1291 1495 1398 VINCENZ. Fallenböckhütte?
618 1375 2077 1469 JOSEFA. Sie haben die Hütte so getauft, nach dem
553 1454 2079 1541 alten Hofrat. Er hat sich doch so verdient gemacht
563 1522 925 1606 um den Ort.
622 1583 2070 1675 VINCENZ. Und ich hab sie noch immer nicht ge¬
559 1665 2073 1763 sehen, diese berühmte neue Hütte. Ich komm über-
563 1736 1867 1822 haupt nicht mehr dazu, Bewegung zu machen.
618 1787 2085 1888 JOSEFA. Ja, wenn du immer so spät am Abend
563 1860 2072 1959 herauskommst, leiser, auch ohne daß grad eine Exzel-
565 1938 1146 2028 lenz zu erwarten ist.
629 1999 2089 2127 VINCENZ streicht ihr beschwichtigend, lächelnd über die
559 2083 744 2175 Haare.
631 2152 2087 2236 EDUARD. Es ist eine großartige Aussicht, Vater.
584 2218 2091 2341 Wenn der Himmel ganz rein ist, bis zum Hochschwab.
584 2300 977 2394 Was, Mutter?
635 2371 1064 2464 JOSqFA nickt.
639 2449 1776 2548 VINCENZ. Warst du denn schon oben?
637 2533 1623 2625 7OSEFA. Freilich. Schon zweimal.
635 2579 2096 2674 EDUARD. Vorgestern waren wir alle oben, auch
574 2659 1843 2745 die Gusti und der Herr Kaplan waren mit.
633 2718 1866 2817 VINCENZ. Was, Seine Hochwürden auch!
639 2787 2096 2873 EDUARD. Und nächstens wollen wir bis gegen das
578 2865 2108 2974 Geisental, wo jetzt so schöne Orchideen blühen, wie
568 2938 2096 3046 außerdem nur in den Dolomiten. Du könntest mir
649 3092 742 3207 14
2609 324 4137 448 übrigens einen großen Gefallen tun, Vater. Schmeicbelnd.
2615 448 4010 515 Ich brauch so dringend einen botanischen Atlas.
2672 511 4130 603 VINCENZ. Jetzt, wo der Sommer schon bald zu
2617 565 3031 650 End’ geht —?
2672 628 4135 725 EDUARD. Aber, Vater; der Atlas hält sich ja'auch
2611 698 4124 801 bis zum nächsten Jahr. Das ist ja nicht wie in der Geo¬
2615 776 4130 868 graphie, die kann beim nächsten Krieg ungültig werden.
2606 845 4130 940 Der Herr Kaplan hat zwar einen atlas, aber der ist
2604 902 3041 996 nicht koloriert.
2669 952 4132 1089 VINCENZ. Ich hab gar nicht gewußt, daß Seine
2606 1053 3619 1133 Hochwürden auch Botanik versteht.
2663 1108 4122 1190 EDUARD. Aber ein Gelehrter, sag ich dir! Er hätt
2604 1185 4120 1284 überhaupt eigentlich Botaniker oder Geolog oder Welt-
2600 1251 3285 1333 reisender werden sollen.
2663 1305 4122 1421 VINCENZ. Wenn er dir lieber im Griechischen
2600 1375 4114 1505 helfen tät, damit du bei der Nachprüfung nicht durch-
2598 1455 2770 1551 fallst.
2657 1509 4120 1610 EDUARD. Tut er ja auch, was Mutter? Zum Vater.
2606 1597 4116 1671 Die Mutter hat neulich zugehört, wie er mich aus-
2598 1667 2949 1751 gefragt hat.
2657 1715 3847 1820 VINCENZ. Hast wenigstens was können?
2657 1784 4116 1896 KATHI kommt mit einer Tasse, darauf Kaffee, Butter usw.,
2594 1869 4120 1946 strablt Eduard an. Da ist das Frühstück für den jungen Herrn.
2657 1942 4124 2020 EDUARD. Ich hab noch keins ang’schafft, und
2604 2012 4120 2089 Kaffee trink ich überhaupt keinen, und außerdem geh
2592 2083 3493 2180 ich jetzt g’schwind noch baden.
2661 2129 4111 2234 VINCENZ. Was, eine Badeanstalt habt ihr auch?
2663 2222 4114 2289 EDUARD. Aber du weißt doch, Vater, mein
2592 2283 4116 2365 Platzerl im Wald, am Bach, private Badeanstalt für
2598 2360 3924 2438 mich allein. Grüß dich Gott, Vater. Eilt davon.
3010 2463 3687 2583 VINCENZ, JOSFFA.
2657 2537 4111 2632 VINCENZ lächelnd. Also Madame interessieren
2594 2627 4111 2705 sich auch für Botanik? oder für Griechisch? ober für
2594 2684 4103 2812 Religion? Das wäre ja das Allerneueste! oder für ver-
2590 2760 3258 2844 hinderte Weltreisende?
2657 2827 4114 2962 JOSEFA nach einer kurzen Pause. Du hast’s nötig,
2592 2892 2854 2999 Vincenz!
3962 3056 4050 3166 15
