3512 4008
627 525 2867 743 gab, ist ihm nichts bekannt. Als Priester wird er
621 707 2369 910 mich empfangen - der ich für ihn bin.
618 862 1847 1003 Josefa:/ (leise) Vielleicht.
618 991 3011 1149 Kaplan: Gewiss. Und wenn es mir vergönnt wäre, heute
134 1107 465 1241 ännet
624 1202 2873 1370 das heilige Werk zu vollenden, das ich begonnen -
113 1211 513 1429 possenier
624 1331 1763 1522 Josefa: (fragender Blick)
143 1331 445 1581 votter
621 1492 2993 1668 Kaplan: Wenn es mir gelänge ihn zu Gott zu führen,
2548 1581 2838 1695 darfe
943 1593 1256 1701 wnd
633 1653 3008 1796 dann - darf es mir vielleicht ein Zeichen sein dass
621 1763 2858 1957 mir die himmlische Gnade noch nicht völlig ver-
630 1960 1107 2133 loren ist.
633 2062 2184 2280 Josefa: Gehen Sie hin,Hochwürden.
624 2253 2790 2438 Kaplan: Leben Sie wohl,Frau Josefal. (er geht
627 2435 1062 2539 rasch ab)
633 2521 2885 2772 Josefa: (bleibt allein zurück, tritt in den Garten
621 2736 2784 2939 hinaus. Das Wetter hat sich beruhigt, sie atmet
627 2894 2981 3097 tief, blickt zur Mansarde auf, dann über die Veranda
627 3055 1068 3193 ins Haus)
618 3181 2405 3422 Die Bühne ist leer,der Vorhang fällt.
