3592 4040
780 560 2216 706 VINCENZ. Ja, einen Fries für das neue Schau¬
759 678 1955 768 pielhaus in Kassel. Zwölfeinhalb Meter lang.
755 746 2224 872 KAPIAN. Und was stellt er denn vor, Herr Pro¬
704 836 895 922 fessor?
774 848 1684 992 VINCENZ. Einen Dionysoszug.
763 967 1544 1060 KAPLAN. In antiker Art?
774 994 2222 1126 VINCENZ. In ziemlich freier Auffassung. Wollen
710 1094 1843 1194 Sie ihn einmal anschauen, Hochwürden?
765 1170 2237 1298 KAPLAN. Würde mich sehr interessieren — nur
706 1226 1217 1325 leider meine Zeit
768 1266 2226 1378 VINCENZ. Müßte bald sein. In der nächsten
729 1361 1944 1467 Woche kommt das Modell in die Gießerei.
785 1429 2082 1539 JOSEFA. Und ich darf's nicht früher sehen?
783 1476 2224 1590 VINCENZ. Ich kann dir doch nicht zumuten, daß
717 1567 2226 1667 du deswegen bei der Hitze in die Stadt hineinfahrst,
732 1637 2220 1752 wo du das Modell erst vor drei Wochen mit der Gusti
729 1718 1154 1821 besichtigt hast.
783 1741 2241 1872 KAPLAN. Und zur Enthüllung fahren Sie wohl
717 1847 1522 1945 nach Kassel, Herr Professor?
789 1885 2241 2008 VINCENZ. Ich denk schon. Zu Josefa, einfach. Und
734 1981 2235 2089 du fahrst mit — diesmal! ——Wenn’s dir Spaß macht.
791 2055 1889 2161 JOSEFA etwas befremdet, schaut ibn nur an.
789 2106 2243 2226 KAPLAN. Sie kommen wohl viel in der Welt
731 2197 1440 2286 herum, Herr Professor?!
791 2229 2239 2362 VINCENZ. Berufsreisen — Geschäftsreisen sozu-
734 2315 2229 2421 sagen. Eine wirkliche Reise, so zu meinem Vergnügen,
732 2390 2239 2491 hab’ ich schon lang nicht gemacht. In Italien zum Bei¬
732 2453 2156 2579 spiel bin ich seit meiner Jugendzeit nicht gewesen.
804 2551 1802 2617 KAPLAN. Ich überhaupt noch nie.
801 2606 1875 2706 JOSEFA ziemlich leise. Ich auch nicht.
804 2682 2178 2761 VINCENZ. Wird auch noch einmal kommen...
801 2742 2214 2854 JOSEFA auckt die Achseln, Geste: Ich glaub’s nicht mehr.
793 2824 2237 2945 EDUARD kommt von rückwärts oben gelaufen, über die Wiese
734 2926 2258 3011 wie er den Kaplan siebt, verlangsamt er seine Schritte, tritt dann in
948 2983 2025 3104 den Garten, will dem Kaplan die Hand küssen.
797 3085 2019 3215 KAPLAN berzlieb. Guten Morgen, Eduard.
1092 3215 1546 3346 Fischer-Verlag. Be. lin
967 3301 1692 3425 Im Spiel der Sommerlüfte
997 3389 1643 3471 I. Fahnenkorrektur am 19: 8. 29
988 3450 1645 3548 Bibliographisches Institut. Leipzig
