3496 3976
1099 475 1775 641 DRITTER AUFZU
1050 635 1871 800 Gleiche Dekoration. Früber Morgen.
1204 736 1725 845 Bübne ist zuerst leer.
706 770 2189 953 Dann EDUARD und GUSTI von rechts, außerhalb des Zauns
1238 891 1725 1031 mit einiger Vorsicht.
2076 966 2166 1028 G.C.F.P.
2119 896 2243 1060 G.C.F.P.
804 1003 1648 1129 GUSTI. Es schlaft noch alles.
783 1030 2221 1193 EDUARD mit ihr durch die Gartentür berein. Daß wir
727 1148 2223 1261 bei dem Wetter nicht herunter können mitten in der
721 1204 2179 1330 Nacht, wird sich die Mutter doch gedacht haben.
791 1283 2226 1415 GUSTI. Geh du lieber vielleicht vorn beim Haus
729 1362 1644 1465 herein, nicht über die Veranda.
778 1403 2258 1522 EDUARD. Warum denn? Wir müssen uns doch
727 1471 2232 1612 nicht verstecken? Jetzt, wo wir fürs Leben zusammen¬
736 1563 1644 1691 gehören. Oder vielleicht nicht?
800 1586 2258 1745 GUSTI. Ja, ja. Aber das muß nicht gleich
746 1727 1122 1826 jeder wissen.
797 1757 1657 1888 EDUARD. Sie sollen’s wissen.
804 1774 2256 1933 GUSTI. Sei vernünftig, Eduard! — Das bist du mir
753 1886 2253 2022 schuldig. Das sind wir beide deiner Mutter schuldig:
813 1958 2258 2070 EDUARD. Aber dem Doktor mußt du’s sofort
763 2025 2268 2146 sagen. Schreiben. Heut noch. Er darf überhaupt
759 2108 1973 2230 nicht mehr herauskommen in die Kirchau.
823 2142 2035 2281 GUSTI. Das kann ich ihm nicht verbieten.
813 2202 2275 2371 EDUARD obstinat. Unbedingt mußt du ihm die
770 2286 2262 2427 ganze Wahrheit schreiben. Rekommandiert darauf be¬
768 2380 2072 2478 steh ich. Daß er sich nicht vielleicht einbildet
2127 2410 2247 2504 — hö
825 2446 2069 2544 GUSTI ibn unterbrechend, bestimmt. Also jetzt
774 2486 2285 2621 einmal zu. Keinen Menschen geht es etwas an, wie es
776 2566 2281 2692 zwischen dir und mir steht, auch den Doktor nicht.
789 2623 2298 2766 Du bist ein junger Mann, Eduard, Diskretion ist die
795 2687 2268 2826 erste Pflicht. Alles übrige wird sich finden. Wenn du
793 2777 2211 2906 dich aber verrätst, — auch nur mit einem Wort
789 2846 2266 2983 und mich — du, ich sag’s dir, dann ist alles aus. Ver¬
797 2901 2288 3042 standen? Nimmt plötzlich seinen Kopf zwischen beide Hände,
808 2985 2281 3143 siebt ihn zärtlich an, küßt ihn aber nicht, tritt zurück. So
1199 3153 1648 3237 Fischer-Verlag, Berlin
1077 3201 1728 3322 Im Spiel der Sommerlüf
1137 3278 1710 3382 1. Fahnenkorr. am 21. 8. 29
1219 3348 1740 3476 graphisches Institut, Leipak
