3528 4040
1686 341 2693 510 Statt Seite 46 und 47
1416 456 2592 667 (also Schluss des Aktes).
675 693 3057 821 Josefa: Wäre es mir doch nur beschieden Ihnen die
670 838 2868 998 sen Trost zu geben,Ihre ungerechten Selbstvor-
672 969 1623 1146 würfe zu zerstreuen.
670 1149 1929 1298 Kaplan: schüttelt den Kopf)
1588 1256 1703 1345 r
675 1238 2957 1511 Josefa: Was Ihnen sträflicher Zweifel scheint, das
678 1458 2933 1600 ist doch nichts als die so begreifliche Sorge um
681 1609 2974 1763 einen Menschen, den Sie lieben.
678 1751 2278 1961 sakxxi xxx
672 1929 3010 2100 Kaplan: Doch Sorge nur um sein irdisches Wohl
678 2109 2945 2240 um sein Leben - nicht um sein Seelenheil. Darum
675 2281 2930 2411 wollte der Himmel mich nicht hören, darum verwarf
684 2411 3022 2577 er mein Gebet. (lebhafter) Noch als ich die Kirche
1416 2530 1502 2616 A
678 2563 2957 2734 verliess,glaubte ich mich entschlossen zu dem al-
678 2693 3010 2903 ten Mann zu eilen, dessen suchenen Seele ich zu Gott
681 2865 2888 3063 geleiten wollte. War ich nicht schon auf halbem
670 3019 2918 3217 Wege zu ihm? -Was lenkte meine Schritte ab? Jetzt
675 3167 2871 3351 weiss ich's. Das dunkle Gefühl, dass ich nicht
658 3279 2965 3516 mehr würdig sei des Mittleremts zwischen Gott und
1386 3416 2009 3608 Nikler zu sein.
655 3502 1096 3620 Menschen.
