3528 4056
694 527 2192 614 davon gesagt habe. Ich glaube, das hat ihn mehr ge¬
690 592 1739 692 kränkt als daß ich überhaupt fortgeh.
747 639 2194 762 JOSEFA. Sie sind schon eine merkwürdige Ein-
690 728 1619 825 richtung der Natur, die Männer.
751 793 2203 884 KAPLAN in siebtlich freudig erregter Stimmung von links,
694 878 2205 963 erscheint am Zaun. Guten Morgen, Frau Professor. Guten
704 922 2198 1026 Morgen, Fräulein. — Ich wollte Ihnen nur im Vor-
1864 982 2215 1092 es ist eine
704 1003 1758 1109 beigehen mitteilen, Frau Professor
700 1054 2109 1157 Depesche da. Gegen seinen Willen sehr laut. Er lebt!
768 1143 1752 1221 GUSTI böchst erstaunt, etwas näber bin.
779 1202 2137 1308 JOSEFA Also, was hab' ich gesagt, Hochwürden
777 1280 1248 1367 KAPLAN Geste.
777 1318 2215 1447 JOSEFA. Man muß die Zeichen nur richtig deuten.
762 1409 2217 1502 KAPLAN zu Gusti, erklärend. Mein Bruder hat sich
705 1473 1904 1566 nämlich in einer großen Gefahr befunden.
777 1534 2215 1642 GUSTI. Er war doch gestern — Versteht plötzlich. Ein
709 1610 948 1724 Duell?!
779 1667 2221 1764 KAPLAN. Sie haben es erraten, Fräulein. Dem
709 1750 2226 1836 Allmächtigen sei Dank, es ist alles gut ausgegangen.
711 1822 2236 1917 Zu Josefa. Es ist ihm nichts geschehen, und — der andere
717 1894 1418 1991 ist nur leicht verwundet.
777 1936 2234 2044 EDUARD wieder auf dem Balkon der Mansarde. Nein,
711 2012 2230 2118 Hochwürden sind so pünktlich. Küß die Hand. Sofort
726 2103 1106 2194 bin ich fertig.
783 2126 2236 2276 KAPLAN. Es eilt nicht so. Nach dem Mittagessen
721 2238 1181 2329 hol' ich dich ab.
791 2260 2234 2412 JOSEFA. Von uns aus kann es auch früher sein.
726 2370 2234 2461 Zu Eduard. Wir fahren nämlich in die Stadt hinein, der
738 2439 2239 2556 Vater und ich, wir sind vom Intendanten zum Essen
732 2514 1058 2598 eingeladen.
791 2535 2236 2672 VINCENZ ist oben bei Eduard erschienen, stebt neben ihm
741 2619 2249 2719 auf dem Balkon. Du kannst mit uns hineinkommen und
747 2696 2241 2797 dir bei dieser Gelegenheit das Relief anschauen, ehe es
741 2782 1398 2873 in die Gießerei kommt.
791 2824 2251 2943 JOSEFA. Seine Hochwürden ist so gut und nimmt
736 2909 2247 3034 ihn auf einen kleinen Ausflug mit. Das wird ihm viel¬
741 2990 1225 3074 leicht lieber sein.
796 3004 2251 3136 EDUARD nickt bestätigend. Ja — wenn-ich die Wahr-
741 3129 1153 3231 heit sagen soll
1195 3254 1722 3349 Fischer-Verlag, Berlin
1100 3337 1826 3442 Im Spiel der Sommerlüfte
2050 3311 2202 3463 62
1193 3398 1773 3497 1. Fahnenkorr. am 22. 8. 29
1117 3444 1794 3588 Bibliographisches Institut, Leipzig
