3496 4072
797 438 2251 604 FELIX. Ohne Abschied wolltest du fort? Siebt auf.
744 546 1575 655 Ohne Abschied fort auf ewig?
793 618 2242 706 GUSTI nicht obne lronie. Ewig? Du hast doch immer
739 701 2250 803 gesagt, daß du mich besuchen wirst. Daß du mindestens
735 759 1906 831 alle vierzehn Tage oder alle vier Wochen
786 823 2251 924 FELIX rasch. Du weißt sehr gut, daß das unmöglich
727 884 2242 986 ist. Ich hab’ ja einen Beruf. Und wenn ich es auch er¬
727 961 2240 1048 möglichen könnte — die Zeit dazwischen, die Tage
727 1041 2248 1122 und Wochen ohne dich — die ewige Unruhe, die
735 1092 1643 1175 Angst, die qualvollen Gedanken
789 1167 2236 1248 GUSTI. An denen bin ich nicht schuld. Das ist nur
739 1222 2234 1352 deine unglückselige Natur. Wenn du mehr Vertrauen
727 1292 939 1390 hättest
776 1326 2223 1460 FELIX. Vertrauen! Woher soll ich Vertra uen neh-
729 1434 2238 1513 men? Eine Person, die sich so verstellen kann! Und dort
735 1500 2234 1583 bin ich nicht bei dir! Versuchungen, Verführungen von
722 1575 2233 1662 allen Seiten — eine schöne, junge Künstlerin/ Nein,
729 1647 2059 1734 Gusti, ich ertrag' es nicht, du darfst nicht fort
795 1709 2231 1806 GUSTI ibn unterbrechend. Anfangen muß man in der
727 1783 1632 1881 Provinz, das weißt du sehr gut.
786 1819 2234 1942 FELIX kindisch. Aber wenn ich dir sage, daß ich
733 1902 2087 1985 ohne dich nicht leben kann — daß ich ohne dich
784 1978 2223 2063 GUSTI ibn unterbrechend. Das kommt dir heute nui
727 2055 2236 2127 so vor, daß du ohne mich nicht leben kannst, mir geht’s
727 2114 2234 2214 ja grad so.— Aber es muß halt sein. Wir haben’s doch
729 2185 2242 2280 immer gewußt, vom ersten Moment an, Felix. Du
729 2263 2225 2342 genau so gut wie ich, daß es so kommen wird... Des¬
733 2325 2231 2397 wegen haben wir uns um nichts weniger gern gehabt
723 2393 2225 2467 und sind um nichts weniger glücklich gewesen. Viel¬
722 2463 2221 2576 leicht sogar mehr — als wenn wir an die Ewigkeit ge-
727 2520 1301 2614 glaubt hätten. Pause.
763 2580 1717 2693 FELIX. Gusti! Findet keine Worte.
793 2642 2231 2742 GUSTI näber zu ibm. Es war sehr schön, Felix. Wenn
729 2733 2229 2812 du mich auch ein biss’l viel sekiert hast. Aber es war
723 2801 2093 2894 schön, Felix, und ich hab' dich sehr lieb gehabt.
776 2871 1326 2958 FELIX. Gehabt!!
786 2897 2236 3022 GUSTI. Ich sag' lieber gleich gehabt... Denn,
723 2960 2236 3135 schau, Felix, wir wollen doch nicht noch einmal... Es
1094 3118 1545 3220 Fischer-Ver ag. Berlin
942 3179 1690 3313 Im Spiel der Sommerlüfte
1896 3211 2049 3373 56
1052 3285 1617 3360 1. Fahnenkorr. am 22. 8. 29
939 3328 1706 3449 Bibliographisches Institut in Leipzig
