3512 4024
765 447 1902 586 JOSEFA ergreift seine Hand, die er ihr anso=
718 537 2165 653 zieben sucht. Vergeben Sie mir, Hochwürden. Wenn ic
702 634 2098 782 geahnt hätte — Stärker. Hochwürden, verzeihen
702 714 845 784 mir.
775 704 1849 845 KAPLAN. Nennen Sie mich nicht so.
765 792 2193 931 JOSEFA. Verdammen Sie mich, aber nicht sich
706 895 2039 1007 Hochwürden. Noch einmal, verzeihen Sie mir.
758 952 2132 1068 KAPLAN. Ich habe Ihnen nichts zu verzeihen;
708 1028 2206 1121 so wenig mir das Recht zustand, Sie wegen Ihrer
708 1087 2206 1236 Zweifel zurechtzuweisen. Nicht zu stark. Der Zweifler
714 1182 952 1274 ein ich.
763 1196 2039 1373 JOSEFA. Ich allein trage Schuld daran, daß
712 1306 1397 1405 sich für einen halten.
765 1354 2222 1460 KAPLAN. Ich bin es! Von dem Augenblick an,
720 1428 2218 1523 da ich den Brief meines unglückseligen Bruders in
714 1519 2218 1593 Händen hielt, begannen Zweifel sich in mir zu regen.
725 1582 2225 1675 Ich suchte Zuflucht — bei Ihm, aber sie wollten nicht
720 1641 2224 1738 schweigen. — Zweifel —? Das Wort ist zu schwach,
714 1725 2222 1799 Auflehnung. Und nicht Auflehnung allein, Schlim¬
718 1784 2245 1877 meres noch, — Unzufriedenheit — ja — irgend etwas
718 1835 2224 1930 wie Neid. Und nicht zum ersten Male! Unzufrieden¬
727 1923 2218 2008 heit mit meinem stillen Dasein; Neid auf das Leben,
723 2003 2256 2077 das ihm beschieden ist, mit seiner Vielfältigkeit, mit
727 2060 2227 2144 seinen Abenteuern, mit seinen Gefahren. Und die
729 2119 2205 2210 Worte, die ich zum Himmel sandte, wurden kein Ge
727 2178 2243 2288 bet sinnlos, im Leeren verwehten sie, denn sie waren
727 2248 2229 2361 ohne Demut und ohne Glauben. Dasum wollte Gott
727 2324 2256 2431 sie nicht hören (darum wandte er sich ab von mir,
733 2389 2239 2500 darum jagte es mich auf von den Stufen des Altars,
735 2462 2235 2553 trieb mich davon — hieher — als dürfte ich mir Trost,
2745 2422 2979 2578 kand
744 2534 2233 2629 trügerischen Trost nur mehr von menschlichen Lip¬
758 2595 1928 2698 pen, — sündigen, wie den meinen holen.
809 2673 2229 2770 JOSEFA. Und ich, die verdammt war, statt Sie zu
748 2724 2224 2850 beruhigen, Selbstvorwürfe, ungerechte SelbtvorwÜrfe
739 2814 1365 2909 in Ihnen aufzustören.
798 2844 2208 2960 KAPLAN. Gerechte. Und das war gut. Denn s
750 2949 2180 3065 erkannt ich mich in meiner Schwäche ganz; und dan
750 3017 1803 3153 ist vielleicht ein Weg zur Bühne frei.
1148 3147 1612 3269 Fischer-Verlag, Berlin
1026 3208 1757 3354 Im Spiel der Sommerlüfte
1100 3307 1711 3412 1. Fahnenkorr, am 21. 8. 29.
1072 3375 1643 3497 Bibliographisches Institut, Le###
