3528 4088
783 565 2232 717 VINCENZ absichtlich frischer. Ich hab’ mir’s doch
732 685 1347 781 verdient. Oder nicht?
775 698 2249 861 JOSEFA. Das wär' ja freilich — das war' natürlich
732 806 2247 930 ganz was anderes. Und du kämst schon heute abend
726 889 1390 974 mit mir wieder heraus?
777 927 1916 1057 VINCENZ. Ja, das war meine Absicht.
787 1019 1640 1120 JOSEFA. Und — bliebst da?
789 1050 2232 1197 VINCENZ. Ja. Zwei oder drei Wochen lang, je
722 1150 2243 1261 nach dem Wetter. Und später können wir immer noch
730 1220 2243 1335 eine kleine Reise nach Italien unternehmen oder wohin
738 1311 1002 1390 du willst.
794 1318 2243 1460 JOSEFA. Warum — warum hast du denn das nicht
741 1424 1867 1536 gleich gesagt? Sie bat Tränen in der Stimme.
804 1487 1878 1592 VINCENZ fast erschrocken. Aber Josefa!
804 1538 2258 1668 JOSEFA. Ach Gott, Vincenz! Näber zu ihm, ohne jede
741 1647 1299 1738 Emphase in seine Arme.
815 1678 2264 1800 VINCENZ sie leicht an sich ziebend. Es muß doch
753 1770 1954 1861 ziemlich arg gewittert haben da heraußen.
808 1789 2262 1944 JOSEFA ins Haus rufend, neuer, friscberer Ton. Kathi!
821 1889 2268 1997 EDUARD kommt über die Veranda in den Garten. Ich
756 1954 2254 2061 hab' der Kathi g’sagt, sie soll uns was zum Essen mit-
758 2018 2268 2137 geben, Hochwürden und mir. Sie streicht jetzt grad
762 2094 2147 2200 Butterbrote, und eine Salami war auch noch da.
815 2152 2277 2264 KATHI kommt auf die Veranda mit einem Päckchen. Ist
758 2258 1244 2341 schon alles fertig.
821 2326 1343 2419 JOSEFA ins Haus.
828 2349 2279 2476 EDUARD in den Garten, bemerkt auf dem Tisch denorlas,
774 2432 2078 2546 den der Vater mitgebracht bat. Ja, was ist denn das?
834 2504 2270 2614 VINCENZ. Wie du gewünscht hast — der Ber-
770 2587 1772 2674 natzik. Große illustrierte Ausgabe.
1800 2612 2283 2723 — ich dank' dir.
830 2655 1740 2754 EDUARD. Meiner Seel’! Vater
779 2722 2298 2829 ja tausendmal, Vater. Umarmt ihn. Und der Herr Kaplan
783 2795 1625 2888 wird auch eine Freud’ haben.
840 2839 2298 2973 KAPLAN kommt von links im Touristenanzug. So, da
781 2935 1017 3037 bin ich.
843 2962 2294 3104 EDUARD. Denken sich Hochwürden — Weist auf
781 3088 1131 3164 den Ailas bin.
853 3104 2304 3219 KAPLAN.Ah,der Bernatzik. Das ist ja ein Prachtwerk.
1061 3336 1532 3444 Fischer-Verlag, Berlin
923 3397 1666 3527 Im Spiel der Sommerlüfte
1886 3380 2022 3535 65
1036 3476 1608 3582 1. Fahnenkorr. am 22. 8. 29
966 3548 1632 3658 Bibliographishes Institut, Leipzig
