<?xml version="1.0" encoding="UTF-8" standalone="yes"?>
<PcGts xmlns="http://schema.primaresearch.org/PAGE/gts/pagecontent/2013-07-15" xmlns:xsi="http://www.w3.org/2001/XMLSchema-instance" xsi:schemaLocation="http://schema.primaresearch.org/PAGE/gts/pagecontent/2013-07-15 http://schema.primaresearch.org/PAGE/gts/pagecontent/2013-07-15/pagecontent.xsd">
    <Metadata>
        <Creator>prov=READ-COOP:name=TrHtr:version=2.1.0:model_id=51170:date=25_07_2023_21:42</Creator>
        <Created>2023-05-10T13:56:19.567+02:00</Created>
        <LastChange>2023-07-25T21:42:27.004+02:00</LastChange>
        <TranskribusMetadata docId="1428599" pageId="55415671" pageNr="62" tsid="130829106" status="IN_PROGRESS" userId="64420" imgUrl="https://files.transkribus.eu/Get?id=CGZZSAHNQDHXNYQWLGCIPDGQ&amp;fileType=view" xmlUrl="https://files.transkribus.eu/Get?id=CNBSBDWNKVEVMSPYYIULMMLD" imageId="44689778"/>
    </Metadata>
    <Page imageFilename="1428599_0062.jpg" imageWidth="3528" imageHeight="3992">
        <ReadingOrder>
            <OrderedGroup id="ro_1711789672128" caption="Regions reading order">
                <RegionRefIndexed index="0" regionRef="tr_1"/>
                <RegionRefIndexed index="1" regionRef="tr_2"/>
            </OrderedGroup>
        </ReadingOrder>
        <TextRegion id="tr_1" custom="readingOrder {index:0;}">
            <Coords points="829,430 2482,430 2482,2011 829,2011"/>
            <TextLine id="tr_1_tl_1" custom="readingOrder {index:0;}">
                <Coords points="911,515 1967,507 1969,430 1456,396 1312,451 1216,411 913,417"/>
                <Baseline points="921,504 966,504 1011,501 1056,501 1100,501 1145,501 1190,501 1235,498 1279,498 1324,501 1369,498 1414,498 1458,498 1503,492 1548,492 1593,492 1637,489 1682,489 1727,486 1772,486 1816,489 1831,486 1840,486 1885,483 1930,480 1975,480"/>
                <TextEquiv>
                    <Unicode>in Schatz, und jetzt geh schlafen, und</Unicode>
                </TextEquiv>
            </TextLine>
            <TextLine id="tr_1_tl_2" custom="readingOrder {index:1;}">
                <Coords points="876,594 1183,574 1203,594 1420,573 1443,590 1531,574 1533,515 1470,525 1362,501 1291,526 1237,503 1109,526 1053,509 989,540 878,515"/>
                <Baseline points="886,572 909,575 954,572 999,569 1044,569 1088,569 1133,569 1178,569 1223,566 1268,563 1312,563 1357,563 1402,563 1447,563 1491,560 1536,563"/>
                <TextEquiv>
                    <Unicode>Wärm beim Hinaufgehen.</Unicode>
                </TextEquiv>
            </TextLine>
            <TextLine id="tr_1_tl_3" custom="readingOrder {index:2;}">
                <Coords points="876,671 2261,644 2263,569 2013,530 1335,605 878,592"/>
                <Baseline points="889,629 924,638 969,638 1014,638 1059,638 1103,638 1148,638 1193,638 1238,635 1282,635 1327,635 1372,635 1417,635 1461,635 1506,632 1551,632 1596,626 1640,629 1685,626 1730,626 1775,626 1819,623 1864,620 1909,620 1954,620 1998,617 2043,617 2088,614 2133,614 2177,611 2222,608 2267,611"/>
                <TextEquiv>
                    <Unicode>JOSEFA aus dem Hause, auf die Veranda, bleibt eine Sekun-</Unicode>
                </TextEquiv>
            </TextLine>
            <TextLine id="tr_1_tl_4" custom="readingOrder {index:3;}">
                <Coords points="834,720 2190,705 2323,688 2325,628 836,657"/>
                <Baseline points="844,713 850,713 895,713 939,713 984,710 1029,710 1074,710 1118,707 1163,707 1208,707 1253,704 1297,704 1342,704 1387,701 1432,701 1476,698 1521,698 1566,698 1611,698 1655,695 1700,695 1745,695 1790,695 1834,689 1879,689 1924,689 1969,686 2013,683 2058,683 2103,680 2148,680 2192,680 2237,677 2282,677 2327,677"/>
                <TextEquiv>
                    <Unicode>stehen, in ihrem Blick drückt sich sofort das Verständnis für die</Unicode>
                </TextEquiv>
            </TextLine>
            <TextLine id="tr_1_tl_5" custom="readingOrder {index:4;}">
                <Coords points="836,790 1500,774 1622,809 1743,759 1948,761 2286,822 2311,703 838,722"/>
                <Baseline points="847,781 883,781 927,778 972,778 1017,778 1062,778 1106,778 1151,775 1196,775 1241,772 1285,772 1330,769 1375,769 1420,769 1464,766 1509,766 1554,766 1599,763 1643,763 1688,763 1733,760 1778,760 1822,757 1867,757 1912,754 1957,754 2001,751 2046,751 2091,748 2136,748 2180,745 2225,745 2270,745 2315,745"/>
                <TextEquiv>
                    <Unicode>Situation aus. Sie spricht, noch ebe die beiden sie bemerkt haben</Unicode>
                </TextEquiv>
            </TextLine>
            <TextLine id="tr_1_tl_6" custom="readingOrder {index:5;}">
                <Coords points="828,872 872,884 949,855 1005,851 1028,861 1072,851 1162,878 1164,782 1135,792 1107,782 1097,792 1076,782 1066,792 989,790 949,813 915,811 865,786 830,793"/>
                <Baseline points="838,853 853,850 898,847 942,847 987,844 1032,844 1077,844 1121,841 1166,844"/>
                <TextEquiv>
                    <Unicode>Na endlich!</Unicode>
                </TextEquiv>
            </TextLine>
            <TextLine id="tr_1_tl_7" custom="readingOrder {index:6;}">
                <Coords points="884,924 2259,913 2263,832 1864,807 1708,842 1600,805 1414,861 886,868"/>
                <Baseline points="895,912 924,912 969,912 1014,912 1059,912 1103,909 1148,909 1193,909 1238,909 1282,909 1327,907 1372,907 1417,904 1461,904 1506,901 1551,901 1596,904 1640,901 1685,901 1730,898 1775,895 1819,898 1864,895 1909,892 1954,889 1998,889 2043,886 2088,886 2133,883 2177,883 2222,880 2267,877"/>
                <TextEquiv>
                    <Unicode>GUSTI rasch ihr entgegen. Du hast dich doch hoffer</Unicode>
                </TextEquiv>
            </TextLine>
            <TextLine id="tr_1_tl_8" custom="readingOrder {index:7;}">
                <Coords points="832,1018 1487,970 2263,982 2265,915 836,918"/>
                <Baseline points="844,984 883,984 927,981 972,981 1017,981 1062,978 1106,981 1151,981 1196,981 1241,975 1285,978 1330,975 1375,975 1420,972 1464,972 1509,969 1554,972 1599,969 1643,966 1688,963 1733,963 1778,963 1822,963 1867,960 1912,960 1957,957 2001,957 2046,957 2091,954 2136,954 2180,951 2225,948 2270,945"/>
                <TextEquiv>
                    <Unicode>lich nicht geängstigt? Wir haben natürlich gewart</Unicode>
                </TextEquiv>
            </TextLine>
            <TextLine id="tr_1_tl_9" custom="readingOrder {index:8;}">
                <Coords points="832,1074 1437,1045 1577,1099 1727,1045 2121,1045 2206,1028 2208,980 834,1016"/>
                <Baseline points="844,1053 868,1053 912,1050 957,1050 1002,1050 1047,1047 1091,1047 1136,1047 1181,1044 1226,1044 1270,1044 1315,1044 1360,1041 1405,1044 1450,1041 1494,1041 1539,1038 1584,1038 1629,1035 1673,1032 1718,1032 1763,1032 1808,1032 1852,1029 1897,1029 1942,1026 1987,1023 2031,1023 2076,1023 2121,1023 2166,1020 2210,1017"/>
                <TextEquiv>
                    <Unicode>mit dem Heruntergehen, bis es hell geworden ist.</Unicode>
                </TextEquiv>
            </TextLine>
            <TextLine id="tr_1_tl_10" custom="readingOrder {index:9;}">
                <Coords points="897,1141 947,1122 1178,1116 1293,1151 1385,1116 1468,1112 1468,1051 1433,1045 1403,1062 1220,1064 1201,1049 899,1062"/>
                <Baseline points="907,1118 936,1115 981,1115 1026,1115 1071,1115 1115,1112 1160,1112 1205,1112 1250,1112 1294,1109 1339,1109 1384,1106 1429,1106 1473,1106"/>
                <TextEquiv>
                    <Unicode>JOSEFA. Natürlich.</Unicode>
                </TextEquiv>
            </TextLine>
            <TextLine id="tr_1_tl_11" custom="readingOrder {index:10;}">
                <Coords points="872,1195 2332,1176 2334,1091 2110,1118 1885,1062 1575,1132 874,1132"/>
                <Baseline points="883,1184 904,1184 948,1184 993,1184 1038,1184 1083,1181 1127,1181 1172,1181 1217,1181 1262,1181 1306,1181 1351,1178 1396,1178 1441,1178 1485,1178 1530,1175 1575,1175 1620,1172 1664,1172 1709,1172 1754,1169 1799,1166 1843,1166 1888,1163 1933,1163 1978,1160 2022,1160 2067,1157 2112,1154 2157,1154 2201,1154 2246,1154 2291,1151 2336,1148"/>
                <TextEquiv>
                    <Unicode>EDUARD von der Gartentüre ber, näber. Das war ein</Unicode>
                </TextEquiv>
            </TextLine>
            <TextLine id="tr_1_tl_12" custom="readingOrder {index:11;}">
                <Coords points="840,1266 2190,1249 2350,1232 2352,1185 842,1185"/>
                <Baseline points="850,1253 856,1253 901,1253 945,1253 990,1253 1035,1253 1080,1253 1124,1250 1169,1250 1214,1250 1259,1247 1303,1247 1348,1247 1393,1250 1438,1247 1482,1244 1527,1241 1572,1241 1617,1238 1661,1238 1706,1235 1751,1235 1796,1235 1840,1232 1885,1229 1930,1229 1975,1229 2019,1226 2064,1220 2079,1220 2085,1223 2130,1223 2175,1220 2219,1220 2264,1220 2309,1220 2354,1217"/>
                <TextEquiv>
                    <Unicode>Wetter heut nacht, was, Mutter? Es war noch ein</Unicode>
                </TextEquiv>
            </TextLine>
            <TextLine id="tr_1_tl_13" custom="readingOrder {index:12;}">
                <Coords points="824,1347 1931,1335 2323,1305 2348,1239 826,1255"/>
                <Baseline points="835,1321 847,1321 892,1321 936,1321 981,1321 1026,1324 1071,1318 1115,1318 1160,1318 1205,1315 1250,1315 1294,1315 1339,1315 1384,1315 1429,1315 1473,1315 1518,1312 1563,1309 1608,1309 1652,1306 1697,1309 1742,1306 1787,1306 1831,1303 1876,1300 1921,1300 1966,1297 2010,1294 2055,1291 2100,1291 2118,1291 2127,1288 2172,1288 2216,1288 2261,1288 2306,1288 2351,1285"/>
                <TextEquiv>
                    <Unicode>Glück, daß die Gusti ganz nah von der Hütte gewesen</Unicode>
                </TextEquiv>
            </TextLine>
            <TextLine id="tr_1_tl_14" custom="readingOrder {index:13;}">
                <Coords points="818,1410 2348,1395 2361,1303 820,1349"/>
                <Baseline points="829,1390 844,1390 889,1393 933,1390 978,1390 1023,1390 1068,1387 1112,1387 1157,1384 1202,1384 1247,1384 1291,1384 1336,1384 1381,1384 1426,1384 1470,1381 1515,1381 1560,1378 1605,1378 1649,1375 1694,1375 1739,1375 1784,1372 1828,1372 1873,1369 1918,1366 1963,1366 2007,1363 2052,1363 2097,1360 2142,1360 2186,1357 2231,1357 2276,1357 2321,1354 2365,1354"/>
                <TextEquiv>
                    <Unicode>ist, wie es so arg geworden ist. Ich bin nämlich schon</Unicode>
                </TextEquiv>
            </TextLine>
            <TextLine id="tr_1_tl_15" custom="readingOrder {index:14;}">
                <Coords points="2390,1399 2411,1408 2442,1404 2446,1410 2463,1412 2501,1276 2488,1270 2461,1283 2423,1280"/>
                <Baseline points="2404,1384 2434,1372 2482,1362"/>
                <TextEquiv>
                    <Unicode>G.P.</Unicode>
                </TextEquiv>
            </TextLine>
            <TextLine id="tr_1_tl_16" custom="readingOrder {index:15;}">
                <Coords points="828,1479 2352,1449 2352,1387 2217,1370 830,1410"/>
                <Baseline points="838,1461 880,1461 924,1461 969,1458 1014,1458 1059,1458 1103,1455 1148,1455 1193,1455 1238,1452 1282,1450 1327,1450 1372,1450 1417,1450 1461,1450 1506,1450 1551,1447 1596,1444 1640,1444 1685,1444 1730,1441 1775,1441 1819,1438 1864,1438 1909,1438 1954,1435 1998,1435 2043,1432 2088,1429 2133,1426 2177,1426 2222,1426 2267,1426 2312,1423 2357,1420"/>
                <TextEquiv>
                    <Unicode>lang unter Dach gewesen, wie’s zu schütten angefangen</Unicode>
                </TextEquiv>
            </TextLine>
            <TextLine id="tr_1_tl_17" custom="readingOrder {index:16;}">
                <Coords points="832,1543 845,1539 851,1543 861,1539 876,1541 882,1535 905,1543 909,1539 924,1543 934,1533 939,1537 955,1533 955,1481 938,1481 928,1487 920,1483 901,1489 886,1476 868,1485 859,1476 830,1477"/>
                <Baseline points="841,1527 886,1527 930,1527 960,1530"/>
                <TextEquiv>
                    <Unicode>hat.</Unicode>
                </TextEquiv>
            </TextLine>
            <TextLine id="tr_1_tl_18" custom="readingOrder {index:17;}">
                <Coords points="897,1608 1942,1577 2037,1620 2352,1566 2352,1508 2052,1491 1671,1543 1435,1485 899,1543"/>
                <Baseline points="907,1593 924,1593 969,1593 1014,1593 1059,1593 1103,1593 1148,1593 1193,1590 1238,1590 1282,1587 1327,1587 1372,1587 1417,1584 1461,1584 1506,1584 1551,1581 1596,1581 1640,1581 1685,1578 1730,1578 1775,1578 1819,1575 1864,1575 1909,1575 1954,1572 1998,1569 2043,1569 2088,1569 2133,1566 2177,1563 2222,1560 2267,1560 2312,1560 2357,1560"/>
                <TextEquiv>
                    <Unicode>GUSTI. Aber mich hat’s noch ordentlich erwischt.</Unicode>
                </TextEquiv>
            </TextLine>
            <TextLine id="tr_1_tl_19" custom="readingOrder {index:18;}">
                <Coords points="853,1695 991,1662 1205,1685 1260,1658 1973,1654 1988,1587 1625,1579 1358,1620 855,1598"/>
                <Baseline points="865,1661 871,1661 915,1661 960,1661 1005,1661 1050,1661 1094,1658 1139,1658 1184,1658 1229,1658 1273,1658 1318,1655 1363,1655 1408,1652 1452,1652 1497,1652 1542,1649 1587,1649 1632,1646 1676,1646 1721,1646 1766,1646 1811,1643 1855,1643 1900,1640 1945,1637 1990,1637"/>
                <TextEquiv>
                    <Unicode>Und hineingeregnet hat’s übrigens auch.</Unicode>
                </TextEquiv>
            </TextLine>
            <TextLine id="tr_1_tl_20" custom="readingOrder {index:19;}">
                <Coords points="890,1744 1437,1727 1760,1793 2094,1710 2332,1760 2352,1614 1785,1648 1727,1687 1604,1654 890,1693"/>
                <Baseline points="901,1730 921,1730 966,1727 1011,1727 1056,1727 1100,1727 1145,1724 1190,1724 1235,1721 1279,1721 1324,1721 1369,1721 1414,1721 1458,1721 1503,1718 1548,1718 1593,1718 1637,1715 1682,1715 1727,1712 1772,1712 1816,1712 1861,1712 1906,1709 1951,1709 1996,1709 2040,1706 2085,1703 2130,1703 2175,1700 2219,1697 2264,1697 2309,1694 2354,1688"/>
                <TextEquiv>
                    <Unicode>EDUARD. Und so was heißt sich dann eine Schutz-</Unicode>
                </TextEquiv>
            </TextLine>
            <TextLine id="tr_1_tl_21" custom="readingOrder {index:20;}">
                <Coords points="840,1825 1061,1800 1214,1798 1268,1819 1364,1798 1383,1816 1570,1787 1527,1746 1476,1756 1414,1727 1280,1758 1153,1739 1110,1764 842,1739"/>
                <Baseline points="850,1802 859,1799 904,1799 948,1799 993,1799 1038,1799 1083,1796 1127,1796 1172,1796 1217,1796 1262,1793 1306,1793 1351,1790 1396,1790 1441,1787 1485,1787 1530,1784 1575,1778"/>
                <TextEquiv>
                    <Unicode>hütte. Lacht ungeschickt.</Unicode>
                </TextEquiv>
            </TextLine>
            <TextLine id="tr_1_tl_22" custom="readingOrder {index:21;}">
                <Coords points="907,1875 1149,1862 1272,1887 1424,1862 1574,1908 1671,1867 1877,1866 1877,1804 1775,1808 1712,1775 1560,1821 1481,1791 909,1818"/>
                <Baseline points="918,1864 939,1864 984,1864 1029,1864 1074,1864 1118,1864 1163,1861 1208,1861 1253,1861 1297,1861 1342,1861 1387,1858 1432,1858 1476,1855 1521,1855 1566,1858 1611,1855 1655,1855 1700,1852 1745,1849 1790,1849 1834,1849 1879,1849"/>
                <TextEquiv>
                    <Unicode>GUSTI wirft einen Blick auf Eduard.</Unicode>
                </TextEquiv>
            </TextLine>
            <TextLine id="tr_1_tl_23" custom="readingOrder {index:22;}">
                <Coords points="916,1962 964,1939 1049,1950 1120,1935 1208,1952 1295,1933 1333,1946 1370,1937 1372,1871 1341,1881 1291,1871 1270,1889 1214,1875 1047,1883 1001,1871 964,1883 918,1871"/>
                <Baseline points="927,1930 972,1933 1017,1930 1062,1933 1106,1933 1151,1933 1196,1930 1241,1930 1285,1927 1330,1927 1375,1924"/>
                <TextEquiv>
                    <Unicode>JOSEFA lächelt.</Unicode>
                </TextEquiv>
            </TextLine>
            <TextLine id="tr_1_tl_24" custom="readingOrder {index:23;}">
                <Coords points="909,2025 2096,1977 2194,2010 2359,1990 2361,1906 1940,1873 911,1964"/>
                <Baseline points="921,1998 930,2001 975,2001 1020,2001 1065,2001 1109,1998 1154,1998 1199,1998 1244,1998 1288,1996 1333,1996 1378,1993 1423,1993 1467,1993 1512,1993 1557,1993 1602,1990 1646,1987 1691,1987 1736,1987 1781,1987 1825,1984 1870,1981 1915,1981 1960,1981 2004,1981 2049,1978 2094,1975 2139,1975 2183,1972 2228,1972 2273,1969 2318,1966 2362,1969"/>
                <TextEquiv>
                    <Unicode>GUSTI wird gleich wieder xxx Der Weg ist in einem</Unicode>
                </TextEquiv>
            </TextLine>
        </TextRegion>
        <TextRegion id="tr_2" custom="readingOrder {index:1;}">
            <Coords points="853,1999 2374,1999 2374,3390 853,3390"/>
            <TextLine id="tr_2_tl_1" custom="readingOrder {index:0;}">
                <Coords points="840,2088 1756,2088 1873,2054 1908,2077 1931,2006 1086,2010 997,2037 842,2013"/>
                <Baseline points="853,2073 859,2073 904,2073 948,2070 993,2070 1038,2070 1083,2067 1127,2067 1172,2064 1217,2067 1262,2064 1306,2064 1351,2064 1396,2064 1441,2061 1485,2061 1530,2058 1575,2058 1620,2055 1664,2055 1709,2052 1754,2052 1799,2052 1843,2052 1888,2049 1933,2049"/>
                <TextEquiv>
                    <Unicode>Zustand — schau dir meine Schuh an.</Unicode>
                </TextEquiv>
            </TextLine>
            <TextLine id="tr_2_tl_2" custom="readingOrder {index:1;}">
                <Coords points="920,2167 2292,2144 2371,2119 2373,2013 2215,2073 922,2086"/>
                <Baseline points="930,2133 942,2136 987,2139 1032,2139 1077,2139 1121,2136 1166,2136 1211,2136 1256,2136 1300,2136 1345,2133 1390,2133 1435,2133 1479,2130 1524,2130 1569,2127 1614,2127 1658,2124 1703,2124 1748,2121 1793,2121 1837,2121 1882,2118 1927,2118 1972,2118 2016,2118 2061,2115 2106,2115 2151,2112 2195,2109 2240,2106 2285,2103 2330,2103 2374,2106"/>
                <TextEquiv>
                    <Unicode>JOSEFA zu Eduard. Und du siehst auch gut aus!</Unicode>
                </TextEquiv>
            </TextLine>
            <TextLine id="tr_2_tl_3" custom="readingOrder {index:2;}">
                <Coords points="872,2227 2173,2208 2361,2190 2363,2115 874,2156"/>
                <Baseline points="883,2213 889,2210 933,2210 978,2207 1023,2207 1068,2207 1112,2204 1157,2204 1202,2204 1247,2204 1291,2204 1336,2201 1381,2198 1426,2198 1470,2198 1515,2198 1560,2195 1605,2195 1649,2195 1694,2192 1739,2189 1784,2189 1828,2189 1873,2186 1918,2186 1963,2183 2007,2183 2052,2180 2097,2180 2142,2177 2186,2177 2231,2175 2276,2175 2321,2172 2365,2169"/>
                <TextEquiv>
                    <Unicode>Jetzt schau vor allem, daß du ins Bett kommst. Zu Gusti.</Unicode>
                </TextEquiv>
            </TextLine>
            <TextLine id="tr_2_tl_4" custom="readingOrder {index:3;}">
                <Coords points="851,2313 2359,2259 2361,2190 853,2240"/>
                <Baseline points="862,2279 889,2279 933,2276 978,2276 1023,2276 1068,2273 1112,2273 1157,2273 1202,2273 1247,2270 1291,2270 1336,2270 1381,2267 1426,2267 1470,2267 1515,2264 1560,2264 1605,2264 1649,2261 1694,2261 1739,2261 1784,2258 1828,2258 1873,2255 1918,2255 1963,2252 2007,2249 2052,2249 2097,2249 2142,2246 2186,2246 2231,2243 2276,2243 2321,2237 2365,2234"/>
                <TextEquiv>
                    <Unicode>Dir wird’s auch nicht schaden. Die Kathi soll euch nur</Unicode>
                </TextEquiv>
            </TextLine>
            <TextLine id="tr_2_tl_5" custom="readingOrder {index:4;}">
                <Coords points="870,2377 951,2348 1892,2344 1908,2269 872,2302"/>
                <Baseline points="880,2348 883,2348 927,2345 972,2345 1017,2345 1062,2342 1106,2342 1151,2342 1196,2342 1241,2339 1285,2339 1330,2339 1375,2339 1420,2336 1464,2336 1509,2336 1554,2333 1599,2333 1643,2330 1688,2330 1733,2327 1778,2327 1822,2324 1867,2324 1912,2324"/>
                <TextEquiv>
                    <Unicode>geschwind noch einen Kaffee kochen.</Unicode>
                </TextEquiv>
            </TextLine>
            <TextLine id="tr_2_tl_6" custom="readingOrder {index:5;}">
                <Coords points="913,2442 1744,2402 1950,2442 2075,2394 2336,2394 2338,2319 915,2369"/>
                <Baseline points="924,2413 954,2413 999,2410 1044,2410 1088,2407 1133,2407 1178,2407 1223,2407 1268,2407 1312,2407 1357,2404 1402,2404 1447,2404 1491,2401 1536,2401 1581,2401 1626,2398 1670,2395 1715,2398 1760,2398 1805,2395 1849,2392 1894,2392 1939,2392 1984,2392 2028,2389 2073,2386 2118,2383 2163,2383 2207,2380 2252,2377 2297,2377 2342,2371"/>
                <TextEquiv>
                    <Unicode>EDUARD rasch. Mutter, weck’ sie nicht auf. Ich hab</Unicode>
                </TextEquiv>
            </TextLine>
            <TextLine id="tr_2_tl_7" custom="readingOrder {index:6;}">
                <Coords points="865,2525 936,2488 1351,2482 1376,2509 1422,2475 1568,2501 1848,2475 1881,2500 1915,2494 1917,2403 1047,2446 868,2407"/>
                <Baseline points="877,2485 892,2485 936,2482 981,2482 1026,2479 1071,2482 1115,2479 1160,2476 1205,2479 1250,2476 1294,2476 1339,2473 1384,2476 1429,2473 1473,2470 1518,2470 1563,2470 1608,2470 1652,2467 1697,2464 1742,2464 1787,2464 1831,2461 1876,2461 1921,2461"/>
                <TextEquiv>
                    <Unicode>jetzt gar keine Lust auf einen Kaffee.</Unicode>
                </TextEquiv>
            </TextLine>
            <TextLine id="tr_2_tl_8" custom="readingOrder {index:7;}">
                <Coords points="928,2557 1983,2557 2363,2519 2365,2455 1962,2436 1760,2500 930,2498"/>
                <Baseline points="939,2550 981,2547 1026,2547 1071,2544 1115,2547 1160,2547 1205,2544 1250,2541 1294,2544 1339,2544 1384,2544 1429,2541 1473,2541 1518,2539 1563,2539 1608,2536 1652,2536 1697,2536 1742,2536 1787,2533 1831,2533 1876,2530 1921,2530 1966,2530 2010,2527 2055,2524 2100,2521 2145,2518 2189,2518 2234,2515 2279,2512 2324,2512 2368,2509"/>
                <TextEquiv>
                    <Unicode>GUSTI. Wenn wir dort oben einen gehabt hätten</Unicode>
                </TextEquiv>
            </TextLine>
            <TextLine id="tr_2_tl_9" custom="readingOrder {index:8;}">
                <Coords points="920,2623 2023,2646 2204,2605 2334,2651 2357,2528 922,2561"/>
                <Baseline points="930,2616 975,2616 1020,2613 1065,2613 1109,2616 1154,2613 1199,2613 1244,2610 1288,2610 1333,2613 1378,2613 1423,2610 1467,2607 1512,2607 1557,2607 1602,2607 1646,2604 1691,2607 1736,2604 1781,2601 1825,2601 1870,2601 1915,2601 1960,2598 2004,2595 2049,2592 2094,2589 2139,2586 2183,2586 2228,2583 2273,2580 2318,2580 2362,2577"/>
                <TextEquiv>
                    <Unicode>EDUARD lacht wieder etwas dumm. Ja, das wär’ fein</Unicode>
                </TextEquiv>
            </TextLine>
            <TextLine id="tr_2_tl_10" custom="readingOrder {index:9;}">
                <Coords points="876,2724 907,2722 943,2694 978,2701 1009,2692 1037,2705 1049,2696 1128,2697 1130,2638 1101,2623 1072,2636 1059,2626 1016,2624 999,2638 984,2626 974,2636 945,2640 924,2632 911,2638 895,2623 878,2624"/>
                <Baseline points="886,2691 909,2688 954,2685 999,2685 1044,2685 1088,2682 1133,2685"/>
                <TextEquiv>
                    <Unicode>gewesen.</Unicode>
                </TextEquiv>
            </TextLine>
            <TextLine id="tr_2_tl_11" custom="readingOrder {index:10;}">
                <Coords points="932,2788 1852,2744 2279,2788 2367,2765 2371,2653 934,2703"/>
                <Baseline points="942,2747 987,2750 1032,2750 1077,2753 1121,2750 1166,2750 1211,2750 1256,2750 1300,2747 1345,2747 1390,2747 1435,2744 1479,2744 1524,2744 1569,2744 1614,2741 1658,2741 1703,2738 1748,2738 1793,2738 1837,2735 1882,2735 1927,2732 1972,2732 2016,2729 2061,2726 2106,2726 2151,2723 2195,2721 2240,2721 2285,2718 2330,2715 2374,2709"/>
                <TextEquiv>
                    <Unicode>JOSEFA. Aber es ist halt nur eine Schutzhütte und</Unicode>
                </TextEquiv>
            </TextLine>
            <TextLine id="tr_2_tl_12" custom="readingOrder {index:11;}">
                <Coords points="901,2838 949,2843 999,2824 1014,2838 1062,2826 1155,2838 1247,2822 1326,2826 1326,2761 1116,2765 1099,2778 1082,2761 1016,2761 955,2792 901,2793"/>
                <Baseline points="912,2819 957,2822 1002,2822 1047,2819 1091,2819 1136,2819 1181,2819 1226,2819 1270,2816 1315,2819 1330,2819"/>
                <TextEquiv>
                    <Unicode>ein Restaurant.</Unicode>
                </TextEquiv>
            </TextLine>
            <TextLine id="tr_2_tl_13" custom="readingOrder {index:12;}">
                <Coords points="922,2899 2217,2886 2267,2876 2269,2776 2111,2830 2027,2784 1869,2824 1652,2747 1306,2838 924,2840"/>
                <Baseline points="933,2891 972,2888 1017,2888 1062,2888 1106,2888 1151,2888 1196,2888 1241,2885 1285,2885 1330,2882 1375,2885 1420,2885 1464,2882 1509,2879 1554,2879 1599,2879 1643,2879 1688,2879 1733,2876 1778,2876 1822,2873 1867,2870 1912,2870 1957,2867 2001,2867 2046,2864 2091,2864 2136,2861 2180,2861 2225,2861 2270,2864"/>
                <TextEquiv>
                    <Unicode>EDUARD lachf. Leider. Also, Adieu, Mutter,</Unicode>
                </TextEquiv>
            </TextLine>
            <TextLine id="tr_2_tl_14" custom="readingOrder {index:13;}">
                <Coords points="888,2976 2161,2966 2252,2945 2254,2872 1816,2884 1718,2932 1597,2891 890,2890"/>
                <Baseline points="898,2959 912,2956 957,2956 1002,2959 1047,2956 1091,2956 1136,2956 1181,2956 1226,2956 1270,2953 1315,2953 1360,2953 1405,2953 1450,2953 1494,2950 1539,2950 1584,2950 1629,2950 1673,2947 1718,2944 1763,2947 1808,2941 1852,2941 1897,2941 1942,2938 1987,2938 2031,2932 2076,2932 2121,2929 2166,2929 2210,2926 2255,2929"/>
                <TextEquiv>
                    <Unicode>Nacht hätt ich bald gesagt... Ungeschickt. Schlaf</Unicode>
                </TextEquiv>
            </TextLine>
            <TextLine id="tr_2_tl_15" custom="readingOrder {index:14;}">
                <Coords points="907,3057 1379,3062 1474,3030 1769,3066 1771,2963 909,2976"/>
                <Baseline points="918,3028 921,3028 966,3025 1011,3028 1056,3028 1100,3025 1145,3028 1190,3028 1235,3025 1279,3025 1324,3025 1369,3025 1414,3022 1458,3019 1503,3022 1548,3022 1593,3019 1637,3016 1682,3016 1727,3013 1772,3010"/>
                <TextEquiv>
                    <Unicode>Gusti. Uber die Veranda ins Haus.</Unicode>
                </TextEquiv>
            </TextLine>
            <TextLine id="tr_2_tl_16" custom="readingOrder {index:15;}">
                <Coords points="1230,3205 1354,3205 1429,3185 1497,3187 1520,3205 1583,3182 1612,3193 1660,3176 1681,3184 1683,3134 1593,3128 1552,3099 1525,3111 1485,3099 1389,3147 1318,3128 1232,3159"/>
                <Baseline points="1241,3195 1282,3192 1327,3189 1372,3186 1417,3186 1461,3186 1506,3183 1551,3180 1596,3174 1640,3171 1685,3171"/>
                <TextEquiv>
                    <Unicode>Fischer-Verlag, Berlin</Unicode>
                </TextEquiv>
            </TextLine>
            <TextLine id="tr_2_tl_17" custom="readingOrder {index:16;}">
                <Coords points="1099,3285 1233,3306 1376,3268 1452,3293 1698,3249 1793,3258 1825,3251 1829,3197 1733,3155 1652,3191 1520,3203 1487,3185 1203,3216 1151,3191 1105,3201"/>
                <Baseline points="1112,3275 1115,3275 1160,3272 1205,3272 1250,3269 1294,3266 1339,3261 1384,3258 1429,3255 1473,3252 1518,3249 1563,3249 1608,3246 1652,3243 1697,3237 1742,3234 1787,3231 1831,3225"/>
                <TextEquiv>
                    <Unicode>Im Spiel der Sommerlüfte</Unicode>
                </TextEquiv>
            </TextLine>
            <TextLine id="tr_2_tl_18" custom="readingOrder {index:17;}">
                <Coords points="1212,3355 1276,3358 1354,3335 1506,3339 1566,3318 1664,3326 1704,3308 1746,3330 1750,3257 1577,3258 1552,3280 1462,3291 1376,3268 1214,3301"/>
                <Baseline points="1223,3335 1262,3332 1306,3329 1351,3326 1396,3323 1441,3320 1485,3320 1530,3314 1575,3314 1620,3311 1664,3308 1709,3302 1754,3302"/>
                <TextEquiv>
                    <Unicode>Fahnenkorr. am 21. 8. 29</Unicode>
                </TextEquiv>
            </TextLine>
            <TextLine id="tr_2_tl_19" custom="readingOrder {index:18;}">
                <Coords points="1339,3426 1393,3418 1404,3428 1497,3379 1574,3378 1608,3401 1639,3379 1673,3397 1706,3374 1739,3378 1743,3328 1695,3306 1654,3330 1572,3320 1506,3339 1345,3345"/>
                <Baseline points="1354,3380 1387,3377 1432,3377 1476,3371 1521,3365 1566,3365 1611,3365 1655,3362 1700,3362 1745,3356"/>
                <TextEquiv>
                    <Unicode>isches Institut in Le</Unicode>
                </TextEquiv>
            </TextLine>
        </TextRegion>
    </Page>
</PcGts>
