3608 4136
1189 484 2647 623 GUSTI balb für sich. So ein — Rasch ins Haus. Bübne eine
1126 577 2641 692 kurze Weile leer. Katbi kommt, räumt das Kaffeegeschirr usw. ab,
1131 648 2657 770 ebenso das Tuch auf dem Tisch draußen. Josefa kommt langsam, etwas
1131 724 1842 841 gedrückt, durch die Gartentür.
1198 753 2441 889 KATHI. Küß die Hand, gnä' Frau. Gebt ab.
1198 854 2393 963 JOSEFA will auch über die Veranda ins Haus.
1204 915 2670 1017 GUSTI kommt wieder, bat ein Cape übergeworfen und den
1131 988 2664 1088 kuvertierten Brief in der Hand, zu Josefa. Was, du bist schon
1149 1072 2655 1170 wieder da? Ich hab’ gemeint, du gehst auf die Bahn,
1139 1139 1785 1235 deinen Mann abholen.
1200 1151 2653 1315 JOSEFA. Ich bin auf dem Weg dem Telegraphen¬
1149 1254 2659 1359 boten begegnet. Sie nimmt die Depesche und siebt sie flüchtig
1143 1334 2662 1430 noch einmal an. Die Exzellenz ist richtig angekommen, und
1147 1422 2659 1495 der Vincenz bleibt in der Stadt. — Sonst wüßt' ja so
1141 1462 2664 1579 eine Exzellenz absolut nicht, was sie am Abend in Wien
1143 1552 1539 1651 anfangen soll.
1204 1598 2668 1718 GUSTI. Da ist übrigens ein Brief für den Onkel
1154 1674 2456 1785 gekommen, aus Kassel, glaub’ ich. Reicht ihn ihr.
1217 1747 2662 1877 JOSEFA liest auf dem Kuvert: „Die Intendanz des
1147 1818 2114 1923 königlichen Hoftheaters“ — na ja.
1212 1871 2674 2005 GUSTI. Es ist ja nicht das erstemal, daß der Onkel
1152 1961 1659 2057 drin übernachtet.
1219 2003 2668 2137 JOSEFA. Nein. Es kommt sogar ziemlich oft vor.
1156 2074 2680 2209 In einem andern Ton. Aber manchmal muß man’s im Ge¬
1156 2167 1579 2265 fühl haben...
1231 2232 1789 2324 GUSTI. Was denn?
1216 2265 2680 2401 JOSEFA. Ob man einen allein lassen darf oder
1149 2376 1334 2462 nicht.
1219 2406 2683 2546 GUSTI. Wird dir schon nichts geschehen — und
1149 2509 1617 2632 ihm auch nicht.
1844 2574 2013 2680 Pause.
1221 2680 2146 2815 JOSEFA. Wo ist denn der Bub?
1225 2729 2685 2882 GUSTI. Fortgegangen. Natürlich mit der Botani¬
1158 2831 2693 2934 sierbüchse. Schon vor einer halben Stund’. Gegen die
1164 2917 2055 3018 Fallenböckhütte zu, glaube ich.
1233 2918 2697 3079 JOSEFA zum Himmel blickend. Na, hoffentlich halt
1170 3045 1818 3182 sich's noch eine Weile.
1512 3178 1967 3305 Fischer-Verlag, Berlin
1368 3230 2116 3392 Im Spiel der Sommerlüfte
2332 3261 2467 3398 34
1407 3347 2045 3442 1. Fahnenkorr. am 20. 8. 29
1395 3410 2087 3521 Bibliographisches Institut, Leipzig
