3528 4008
774 328 2082 462 JOSFFA. Gewiß nicht, Hochwürden. Nur-um
672 429 2225 529 Iständnis Zu einem Freund glaubt' ich sprechen zu
715 518 929 601 dürfen.
769 521 1922 655 KAPLAN. Ich bin Priester, Frau Josefa.
774 603 2097 742 JOSEFA. Doch auch ein Mensch wie andere.
759 713 2229 792 KAPLAN. Sie müssen mir das nicht sagen, Frau
732 759 2225 861 Josefa. Wir alle sind es. Fehlbare, sündige Menschen.
716 836 2213 933 Ich fühle mich keineswegs erhaben über andere in mei¬
707 904 2225 1012 nem irdischen Wandel. Nicht höhere Tugenden,
715 991 2233 1064 nicht höhere Rechte habe ich mit den Weihen
715 1027 2234 1130 empfangen, doch höhere Pflichten sind mir auferlegt.
738 1112 2234 1205 Nicht in des Kirche um und in der Austübung meines
732 1182 2233 1278 Amtes hab? ich sie zu erfüllen — wie armselig wäre das.
730 1250 2231 1340 Auch hier und in dieser Stunde sind wir mit Gott, und
715 1317 2236 1408 Gott st bei uns — Mild. Kommen Sie zur Besinnung,
713 1398 2229 1483 Frau Josefa. Versuchen Sie Ihre abirrenden Gedanken
716 1470 1837 1562 wieder auf den richtigen Weg zu leiten.
771 1516 2234 1622 JOSEFA. Wissen das Hochwürden ganz bestimmt,
726 1582 2146 1682 welches der richtige Weg ist? Mein rechter Weg?
778 1645 2240 1754 KAPLAN. Der ist vorgezeichnet, wie nur je einer
720 1725 2093 1817 war, es ist der Weg einer Gattin, einer Mutter.
784 1777 2227 1889 JOSEFA einfach. Ich bin auch eine Frau, Hoch-
732 1860 2231 1945 würden, und ich bin nicht so sicher, ob ich meinen Weg
716 1943 2240 2049 als Frau so gehe und gegangen bin, wie Gott ihn mir
728 2010 1244 2107 vorgezeichnet hat.
2586 1980 2918 2180 stark
786 2024 2252 2165 KAPLAN ### Lassen Sie Gott aus dem Spiel,
732 2144 2248 2261 Frau Josefa, mit solchen Gedanken hat Gott nichts
724 2223 944 2306 zu tun.
792 2225 2234 2372 JOSEFA. Von wem kommen sie denn als von ihm
732 2348 2248 2447 Und woher wissen wir denn so genau, welche Gedanken
730 2406 2250 2499 vom Himmel, welche aux der Hölle und welche aus uns
732 2484 2248 2567 selber kommen? Und wenn wir beten — wissen wir
732 2538 2252 2626 denn jedesmal, wohin wir unsere Gebete richten? Ob
738 2619 1927 2696 der Himmel oder die Hölle sie hören soll?
778 2650 2258 2775 KAPLAN wie erschrocken. Was wollen Sie damit
736 2756 1278 2852 sagen, Frau Josefa?
798 2785 2250 2916 JOSEFA. Es ist nicht alles so einfach, Hoch¬
744 2895 2250 2982 würden. Sie selbst haben es früher bemerkt. Und wenn
736 2957 2252 3094 Sie zum Beispiel jetzt für Ihren Bruder beten, wissen
1082 3094 1615 3231 Fischer-Verlag, Berlin
991 3181 1734 3322 Im Spiel der Sommerlüfte
1074 3270 1653 3374 1. Fahnenkorr. am 21. 8. 29.
1074 3337 1628 3465 Obliographisches Institut, Leip.
