3512 4056
803 501 2269 639 GUSTI wehrt durch eine Geste ab, der sie eine Geste folgen
738 619 1632 715 läßt: Geb! — Verschwindet im Haus.
797 677 2249 780 FELIX bleibt eine kurze Weile steben, dann rasch zur Gar¬
742 763 905 858 tentiür.
738 816 2252 935 Im gleichen Augenblick erscheint PROFESSOR FRIEDLEIN,
801 899 2218 1027 uberzieber am Arm, Hut, ein verpacktes Buch in der Hand.
801 989 2256 1106 VINCENZ. Oh, der Herr Doktor! In aller Früh’
742 1070 2262 1188 schon heraußen! Die Gusti schlaft wahrscheinlich noch?
803 1159 2266 1254 FELIXe. Nein, Herr Professor, ich habe Fräulein
748 1224 2268 1313 Gusti schon gesprochen. Und ich bin eben im Begriff,
753 1300 1402 1395 wieder zurückzufahren.
801 1323 2275 1444 VINCENZ. So. Das ist aber ein kurzer Besuch
751 1436 2262 1520 heute. Na, besser als nichts — haben Sie sich wahr¬
753 1491 1808 1583 scheinlich gedacht. Dienst im Spital?
806 1548 2269 1681 FELIX. Ja, ich hab' ihn plötzlich übernehmen
744 1653 983 1736 müssen.
812 1670 1983 1797 VINCENZ. Da laßt sich nichts machen.
810 1772 2275 1882 FELIX. Leider. Also — Adieu, Herr Professor.
761 1839 1283 1928 Auf Wiedersehen!
827 1865 2063 2006 VINCENZ. Nächsten Sonntag hoffentlich.
825 1960 2279 2089 FELIX. Ich glaube, ich fürchte — da wird es mir
2524 1947 2662 2112 a
751 2049 1463 2144 nicht mehr möglich sein.
818 2082 2271 2203 VINCENZ. Das tät’ mir aber leid. Selbstverständ-
765 2159 2214 2292 lich sind Sie uns jederzeit willkommen, Herr Doktor
765 2216 2288 2345 auch wenn die Gusti nicht mehr unser Logiergast sein
770 2309 2205 2408 sollte. Sie muß ja wahrscheinlich schon dieser Tage
776 2374 2057 2482 oh, mir scheint, da hab' ich mich verplauscht.
818 2429 2281 2548 FELIX. Wieso denn? Es ist mir bekannt, daß Fräu-
770 2501 2288 2617 lein Gusti nach Innsbruck engagiert ist. Mübseliges Lächeln.
776 2573 2286 2681 Für den Anfang ein ganz gutes Engagement. Adieu,
780 2664 1214 2757 Herr Professor.
827 2679 2302 2814 VINCENZ, Felix Hand in der seinen bebaltend, berzlich.
789 2786 2300 2877 Es geht Ihnen halt nah, Herr Doktor, nicht wahr? Es
784 2844 2304 2954 wär' ja lächerlich, wenn ich so täte, als merkt' ich's nicht.
776 2922 2298 3021 Sie ist ja wirklich ein scharmantes Mädel, die Gusti. Es
797 2981 2302 3125 wird uns allen leid tun um sie. Besonders meiner
795 3078 979 3192 Frau —
1165 3175 1632 3290 Fischer-Verlag, Berlin
1036 3273 1778 3374 Im Spiel der Sommerlüfte
2004 3241 2110 3376 58
1127 3330 1700 3417 1. Fahnenkorr, am 22. 8. 29
1038 3393 1780 3499 Bibliographisches Institut in Leipzig
