3528 4024
723 502 1786 608 KAPLAN von rechts, längs des Zauns, eilig
722 579 2155 687 JOSEFA als füblie sie seine Näbe, wendet sich um. Sie
646 661 1756 761 haben schon Nachricht aus der Stadt?
699 714 2149 860 KAPLAN. Ich gehe dem Boten entgegen. Jeden
693 799 1579 911 Augenblick kann sie da sein.
733 865 1720 962 JOSEFA. Eine gute — ich fühl’ es.
727 913 2166 1032 KAPLAN schüttelt den Kopf. Heute nacht — zu dem
663 994 2168 1095 alten Mann kam ich zu spät. In der Sekunde, da ich
653 1055 2098 1176 eintrat, floh seine Seele dahin. Sie entfloh vor mir.
657 1148 1570 1239 Ist das Zeichen deutlich genug?
712 1178 2138 1292 JOSEFA. Wenn es durchaus ein Zeichen sein soll —
655 1278 2163 1381 ich kann es nicht anders deuten, als daß es den Ster¬
667 1333 1911 1439 benden nach einem Priester nicht verlangte.
718 1411 2180 1543 KAPLAN acbselzuckend, schwer. Wir können uns nicht
676 1488 1316 1577 verstehen, Frau Josefa.
723 1543 1776 1651 JOSEFA. Und waren so nahe daran.
723 1617 1791 1695 KAPLAN rasch. Allzu nahe. Hält inne.
739 1687 1350 1784 JOSEFA schaut ihn an.
729 1750 1538 1862 KAPLAN wendet den Blick ab.
727 1822 1221 1924 JOSEFA verstebt.
735 1852 2180 1983 KAPLAN. Das ist es. Daß mir in diesem Garten,
667 1951 2176 2034 er stebt außerhalb daß mir in Ihrer Nähe, Frau Jo-
670 2026 2191 2100 seta, geborgener, heimatlicher zumute war als auf den
670 2094 2191 2201 Stufen des Altars im Gebet — das — vielleicht nur
687 2159 1661 2257 das — dies erst war meine Sünde.
742 2229 2185 2320 JOSEFA kopfschüttelnd. Wie —? Daß es Sie in einer
682 2284 2178 2386 schmerzensvollen Stunde drängte, sich einem mit-
676 2352 2197 2454 fühlenden Herzen anzuvertrauen — das sollte vor—Gott
684 2437 2201 2557 eine Sünde sein? So sehr ich begreifen möchte
686 2511 1360 2604 vermag ich es nicht mehr
744 2541 2197 2683 KAPLAN. Sie werden es, Frau Josefa, wenn Sie
693 2646 1231 2742 guten Willens sind.
758 2689 1748 2812 JOSEFA sebr befremdet, erwidert nichts.
748 2765 2197 2860 KAPLAN. Heute morgen, nach schlaflosen Stun-
725 2843 1530 2949 len, sandte mir der Himmel
759 2913 1848 3021 JOSEFA siebt bei diesem Wort zu ibm auf.
750 2956 2202 3066 KAPLAN wiederbolt. Sandte mir der Himmel einen
722 3034 2201 3183 Traum. Es war einer jener Träume, die nicht trügen,
1021 3134 1479 3286 Fischer-Verlag, Berlin
907 3253 1583 3361 Im Spiel der Sommerlüft
971 3337 1545 3422 1. Fahnenkorr. am 22. 8. 29
964 3377 1585 3500 bliographisches Institut, Leipzig
2460 1043 2566 1184 at
2557 1115 3077 1305 offert de rien.
2445 1229 2899 1382 G.C.R
2367 2435 3092 2611 d'o
2490 2579 3324 2789 er verlet ich nicht
