3304 3960
1532 459 2557 587 Statt Seite 46 und 47
1557 508 2750 697 (also Schluss des Aktes).
609 688 2756 856 Josefa: Wäre es mir doch nur beschieden Ihnen
609 853 2780 1034 diesen Trost zu geben,Ihre ungerechten Selbst-
612 1009 1713 1159 vorwürfe zu zerstreuen!
609 1159 1893 1337 Kaplan(schüttelt den Kopf)
612 1337 3071 1502 Josefa: Was Ihnen als sträflicher Zweifel erscheint,
606 1514 2936 1646 das ist doch nichts als die so begreifliche Sorge
606 1639 2196 1817 um einen Menschen, den Sie lieben.
606 1805 2897 1948 Kaplan: Doch Sorge nur um sein irdisches Wohl, um
609 1945 2719 2150 sein Leben - nicht um sein Seelenheil. Darum
603 2141 2887 2279 wollte der Himmel mich nicht hören, darum verwarf
609 2312 2658 2496 er mein Gebet. (lebhafter] Noch als ich die
600 2471 2909 2624 Kirche verliess, glaubte ich mich entschlossen zu
606 2615 2943 2793 dem alten Mann zu eilen, dessen suchende Seele ich
603 2768 2884 2952 zu Gott geleiten wollte. War ich nicht schon auf
593 2912 2845 3062 halbem Wege zu ihm? - Was lenkte meine Schritte
603 3068 2756 3270 ab? Jetzt weise ich's. Das dunkle Gefühl, dass
600 3242 2982 3398 ich nicht mehr würdig sei Mittler zu sein zwischen
593 3374 1450 3585 Gott und Menschen.
