3576 4104
811 449 2252 621 GUSTI. So ein verrückter Bub. Sie deklamiert weiter.
838 537 2100 693 „O Glück, ein jeder nennt dich unbeständig;
843 605 2178 744 Wenn du es bist, was tust du mit dem Treuen?
849 676 2085 832 Sei unbeständig, Glück! Dann hältst du ihn
853 744 2045 904 Nicht lange, hoff' ich, sendest ihn zurück.
765 841 2283 1001 Sie wiederbolt die beiden letzten Verse mit besserem Ausdruck.
771 929 2281 1064 Indessen, schon kurz nach dem Verschwinden Eduards, ist am Zaun
777 973 2275 1163 vorübergebend ein junger Offizier von rechts her erschienen, sieben-
1256 1079 1828 1197 geblieben und ruft jetzt.
860 1178 1622 1296 Offiziek. Bravo! Bravo!
855 1232 2199 1361 GUSTI wendet sieb um, erblickt ibn, schaut ibn nur an.
853 1336 1426 1435 Offiziek. Bravo!
864 1407 1413 1510 GUSTI. Wie bitte?
864 1413 2323 1574 OffiziER. Bitte tausendmal um Entschuldigung,
800 1498 2298 1658 gnädiges Fräulein, da mich ein glücklicher Zufall ge
807 1550 2334 1715 wissermaßen zum Publikum gemacht hat, fühle ich
807 1624 2338 1780 mich berechtigt, beziehungsweise verpflichtet, mich
811 1708 2319 1850 auch in diesem Sinne zu benehmen. Darf ich fragen,
821 1755 2334 1927 welcher Komödie ich beizuwohnen das Glück hatte?
885 1826 2328 1978 GUSTI ibn messend. Und darf ich vielleicht fragen —?
883 1904 2342 2056 OffiziER sich vorstellend. Leutnant im k. und k.
822 1978 2340 2123 österreichischen Infanterieregiment Herzog von Bra¬
832 2014 2361 2197 ganza. — Auf ihren Blick in anderem Ton. Das Regiment
828 2125 2130 2265 heißt nämlich so, mein Name ist Robert Holl.
906 2159 2361 2332 GUSTI. Holl! Da sind Sie ja wahrscheinlich der
843 2271 1830 2391 Bruder von unserm Herrn Kaplan.
912 2275 2374 2450 OffiziER. Jawohl, gnädiges Fräulein, der bin
849 2382 2380 2547 ich. Und ich habe wohl die Ehre mit der Tochter des
921 2502 2391 2671 GUSTI. Nein, das bin ich nicht. Hier wohnt der
862 2522 1089 2631 Hauses
881 2580 2399 2739 berühmte Bildhauer Professor Vincenz Friedlein. Ich
889 2656 2387 2802 bin nur die Nichte, ein Logierbesuch — Gusti Pflegner
891 2751 2178 2882 ist mein Name. Sie ist näber an den Zaun getreten.
948 2755 2406 2936 OffiziER. Sehr erfreut. Fräulein sind jedenfalls
969 2890 2403 3082 GUSTI. Herr Leutnant sind außerordentlich scharf¬
902 2924 1323 3017 Schauspielerin.
963 3054 2422 3221 OffiziER. Fräulein sind an einer Wiener Bühne
900 3065 1098 3162 sinnig.
912 3177 1738 3309 tätig oder draußen im Reich?
1222 3326 1671 3450 Fischer-Ver ag, Berlin
1093 3368 1826 3537 Im Spiel der Sommerlüfte
1186 3469 1757 3606 1. Fahnenkorr. am 19. 8. 29
1190 3518 1784 3663 ographisches Institut in Leip.
