<?xml version="1.0" encoding="UTF-8" standalone="yes"?>
<PcGts xmlns="http://schema.primaresearch.org/PAGE/gts/pagecontent/2013-07-15" xmlns:xsi="http://www.w3.org/2001/XMLSchema-instance" xsi:schemaLocation="http://schema.primaresearch.org/PAGE/gts/pagecontent/2013-07-15 http://schema.primaresearch.org/PAGE/gts/pagecontent/2013-07-15/pagecontent.xsd">
    <Metadata>
        <Creator>prov=READ-COOP:name=TrHtr:version=2.1.0:model_id=51170:date=25_07_2023_21:41</Creator>
        <Created>2023-05-10T13:56:10.609+02:00</Created>
        <LastChange>2023-07-25T21:41:05.877+02:00</LastChange>
        <TranskribusMetadata docId="1428599" pageId="55415361" pageNr="5" tsid="130828880" status="IN_PROGRESS" userId="64420" imgUrl="https://files.transkribus.eu/Get?id=RCYWBLZIPHVXDNARIESVAHDD&amp;fileType=view" xmlUrl="https://files.transkribus.eu/Get?id=RDRKQOEJOFPECDKYWWQVFMQQ" imageId="44689494"/>
    </Metadata>
    <Page imageFilename="1428599_0005.jpg" imageWidth="3320" imageHeight="4008">
        <ReadingOrder>
            <OrderedGroup id="ro_1711789610228" caption="Regions reading order">
                <RegionRefIndexed index="0" regionRef="tr_1"/>
                <RegionRefIndexed index="1" regionRef="tr_2"/>
            </OrderedGroup>
        </ReadingOrder>
        <TextRegion id="tr_1" custom="readingOrder {index:0;}">
            <Coords points="648,574 3073,574 3073,2300 648,2300"/>
            <TextLine id="tr_1_tl_1" custom="readingOrder {index:0;}">
                <Coords points="645,696 2291,717 2966,645 2966,578 2790,545 2106,505 1749,596 648,584"/>
                <Baseline points="660,671 689,668 734,671 779,671 824,671 869,668 913,668 958,668 1003,666 1048,666 1093,663 1137,663 1182,663 1227,663 1272,663 1317,663 1361,663 1406,660 1451,660 1496,657 1541,654 1585,657 1630,657 1675,657 1720,657 1765,657 1809,654 1854,654 1899,654 1944,654 1989,651 2033,651 2078,651 2123,651 2168,651 2213,651 2257,651 2302,648 2347,645 2392,645 2437,645 2481,642 2526,642 2571,642 2616,639 2661,639 2705,639 2750,639 2795,639 2840,636 2885,633 2929,627 2974,624"/>
                <TextEquiv>
                    <Unicode>Josefa: Der Hofrat - sagten Sie es nicht selbst -</Unicode>
                </TextEquiv>
            </TextLine>
            <TextLine id="tr_1_tl_2" custom="readingOrder {index:1;}">
                <Coords points="629,884 2597,859 2869,823 2872,696 632,778"/>
                <Baseline points="648,836 677,836 722,833 767,836 812,836 857,833 901,830 946,830 991,830 1036,830 1081,827 1125,830 1170,830 1215,827 1260,827 1305,827 1349,827 1394,827 1439,824 1484,824 1529,821 1573,821 1618,821 1663,821 1708,818 1753,818 1797,818 1842,818 1887,815 1932,812 1977,812 2021,809 2066,809 2111,812 2156,809 2201,809 2245,809 2290,806 2335,806 2380,806 2425,806 2469,806 2514,806 2559,806 2604,806 2649,806 2693,806 2738,809 2783,806 2828,806 2873,809"/>
                <TextEquiv>
                    <Unicode>hat niemals nach kirchlichem Beistand verlangt.</Unicode>
                </TextEquiv>
            </TextLine>
            <TextLine id="tr_1_tl_3" custom="readingOrder {index:2;}">
                <Coords points="639,1032 2615,1014 2651,859 639,941"/>
                <Baseline points="654,991 680,994 725,994 770,997 815,997 860,997 904,997 949,997 994,997 1039,994 1084,994 1128,994 1173,994 1218,991 1263,991 1308,988 1352,991 1397,991 1442,988 1487,988 1532,988 1576,988 1621,988 1666,988 1711,985 1756,985 1800,982 1845,979 1890,979 1935,979 1980,979 2024,979 2069,973 2114,976 2159,976 2204,973 2248,973 2293,973 2338,973 2383,973 2428,976 2472,973 2517,973 2562,973 2607,970 2654,965"/>
                <TextEquiv>
                    <Unicode>Sie sind doch immer nur als Freund bei ihm</Unicode>
                </TextEquiv>
            </TextLine>
            <TextLine id="tr_1_tl_4" custom="readingOrder {index:3;}">
                <Coords points="654,1201 705,1186 738,1220 790,1232 847,1198 908,1214 941,1183 1002,1214 1050,1207 1050,1092 1005,1108 974,1086 923,1099 878,1074 859,1089 799,1074 754,1102 681,1065 654,1071"/>
                <Baseline points="671,1164 716,1164 761,1161 806,1164 851,1161 895,1161 940,1161 985,1161 1030,1164 1057,1167"/>
                <TextEquiv>
                    <Unicode>gewesen.</Unicode>
                </TextEquiv>
            </TextLine>
            <TextLine id="tr_1_tl_5" custom="readingOrder {index:4;}">
                <Coords points="651,1338 2730,1341 2893,1322 2893,1214 651,1220"/>
                <Baseline points="666,1314 707,1314 752,1317 797,1314 842,1314 887,1314 931,1314 976,1314 1021,1314 1066,1311 1111,1311 1155,1308 1200,1308 1245,1308 1290,1308 1335,1311 1379,1308 1424,1308 1469,1311 1514,1305 1558,1305 1603,1305 1648,1302 1693,1302 1738,1305 1782,1305 1827,1302 1872,1302 1917,1299 1962,1302 2006,1299 2051,1299 2096,1296 2141,1296 2186,1296 2230,1293 2275,1293 2320,1293 2365,1293 2410,1293 2454,1293 2499,1293 2544,1293 2589,1293 2634,1287 2678,1287 2723,1287 2768,1284 2813,1284 2858,1284 2902,1281"/>
                <TextEquiv>
                    <Unicode>Kaplan: Heute morgens - als ich an seinem Bette</Unicode>
                </TextEquiv>
            </TextLine>
            <TextLine id="tr_1_tl_6" custom="readingOrder {index:5;}">
                <Coords points="651,1513 2845,1486 2923,1471 2926,1344 1307,1431 654,1380"/>
                <Baseline points="668,1481 692,1481 737,1478 782,1478 827,1475 872,1472 916,1472 961,1472 1006,1472 1051,1472 1096,1472 1140,1475 1185,1472 1230,1472 1275,1472 1320,1472 1364,1472 1409,1472 1454,1472 1499,1472 1544,1472 1588,1469 1633,1466 1678,1469 1723,1469 1768,1469 1812,1466 1857,1466 1902,1466 1947,1463 1992,1463 2036,1463 2081,1463 2126,1460 2171,1457 2216,1454 2260,1457 2305,1454 2350,1451 2395,1451 2440,1451 2484,1451 2529,1451 2574,1454 2619,1451 2664,1451 2708,1451 2753,1451 2798,1451 2843,1451 2888,1448 2932,1454"/>
                <TextEquiv>
                    <Unicode>sass - war in seinen Augen ein neuer - ein himm-</Unicode>
                </TextEquiv>
            </TextLine>
            <TextLine id="tr_1_tl_7" custom="readingOrder {index:6;}">
                <Coords points="657,1652 2960,1677 3066,1571 660,1540"/>
                <Baseline points="674,1642 698,1642 743,1642 788,1639 833,1636 878,1636 922,1636 967,1633 1012,1633 1057,1636 1102,1633 1146,1636 1191,1633 1236,1633 1281,1633 1326,1630 1370,1633 1415,1633 1460,1633 1505,1633 1550,1633 1594,1630 1639,1630 1684,1630 1729,1630 1774,1630 1818,1630 1863,1630 1908,1627 1953,1624 1998,1624 2042,1624 2087,1621 2132,1621 2177,1621 2222,1618 2266,1618 2311,1618 2356,1615 2401,1618 2446,1615 2490,1615 2535,1618 2580,1621 2625,1618 2670,1618 2714,1618 2759,1618 2804,1615 2849,1615 2894,1615 2938,1618 2983,1621 3028,1627 3073,1630"/>
                <TextEquiv>
                    <Unicode>lischer Glanz, wie ich ihn früher niemals gesehen.-</Unicode>
                </TextEquiv>
            </TextLine>
            <TextLine id="tr_1_tl_8" custom="readingOrder {index:7;}">
                <Coords points="672,1813 2966,1816 2993,1670 672,1707"/>
                <Baseline points="689,1797 713,1797 758,1794 803,1794 848,1794 892,1794 937,1791 982,1791 1027,1791 1072,1788 1116,1788 1161,1788 1206,1782 1251,1785 1296,1788 1340,1788 1385,1788 1430,1785 1475,1785 1520,1785 1564,1785 1609,1785 1654,1785 1699,1782 1744,1782 1788,1782 1833,1782 1878,1780 1923,1780 1968,1780 2012,1777 2057,1777 2102,1777 2147,1774 2192,1774 2236,1774 2281,1774 2326,1771 2371,1774 2416,1774 2460,1774 2505,1771 2550,1774 2595,1774 2640,1774 2684,1771 2729,1771 2774,1771 2819,1771 2864,1768 2908,1768 2953,1771 2998,1771"/>
                <TextEquiv>
                    <Unicode>(lebhafter) Was wissen wir von den Stunden, da ein</Unicode>
                </TextEquiv>
            </TextLine>
            <TextLine id="tr_1_tl_9" custom="readingOrder {index:8;}">
                <Coords points="654,1967 2657,1991 2860,1967 2863,1864 654,1894"/>
                <Baseline points="671,1953 713,1953 758,1956 803,1956 848,1959 892,1959 937,1959 982,1959 1027,1956 1072,1956 1116,1956 1161,1956 1206,1956 1251,1953 1296,1956 1340,1956 1385,1953 1430,1953 1475,1953 1520,1953 1564,1953 1609,1950 1654,1953 1699,1950 1744,1947 1788,1950 1833,1950 1878,1947 1923,1947 1968,1950 2012,1947 2057,1947 2102,1947 2147,1944 2192,1941 2236,1941 2281,1938 2326,1938 2371,1941 2416,1941 2460,1938 2505,1938 2550,1938 2595,1941 2640,1941 2684,1941 2729,1938 2774,1941 2819,1938 2864,1941"/>
                <TextEquiv>
                    <Unicode>Mensch sich dem Ende nahe fühlt? - was von dem</Unicode>
                </TextEquiv>
            </TextLine>
            <TextLine id="tr_1_tl_10" custom="readingOrder {index:9;}">
                <Coords points="669,2137 2990,2121 2990,2055 2766,1997 1634,2076 669,2028"/>
                <Baseline points="686,2120 713,2120 758,2123 803,2126 848,2123 892,2123 937,2123 982,2123 1027,2120 1072,2120 1116,2120 1161,2120 1206,2120 1251,2120 1296,2120 1340,2120 1385,2120 1430,2120 1475,2120 1520,2117 1564,2117 1609,2117 1654,2117 1699,2120 1744,2117 1788,2114 1833,2114 1878,2114 1923,2114 1968,2114 2012,2114 2057,2111 2102,2108 2147,2108 2192,2108 2236,2108 2281,2105 2326,2102 2371,2105 2416,2105 2460,2105 2505,2105 2550,2108 2595,2108 2640,2108 2684,2108 2729,2105 2774,2105 2819,2105 2864,2105 2908,2102 2953,2096 2998,2096"/>
                <TextEquiv>
                    <Unicode>Augenblick zwischen Leben und Tod? - Sein Hände-</Unicode>
                </TextEquiv>
            </TextLine>
            <TextLine id="tr_1_tl_11" custom="readingOrder {index:10;}">
                <Coords points="669,2327 2663,2327 2957,2288 2957,2194 669,2212"/>
                <Baseline points="686,2287 725,2290 770,2290 815,2290 860,2287 904,2290 949,2290 994,2287 1039,2284 1084,2284 1128,2284 1173,2281 1218,2284 1263,2284 1308,2284 1352,2284 1397,2284 1442,2284 1487,2281 1532,2281 1576,2281 1621,2284 1666,2281 1711,2284 1756,2284 1800,2281 1845,2281 1890,2281 1935,2281 1980,2281 2024,2281 2069,2278 2114,2281 2159,2281 2204,2278 2248,2275 2293,2278 2338,2278 2383,2278 2428,2275 2472,2275 2517,2278 2562,2278 2607,2278 2652,2275 2696,2278 2741,2275 2786,2275 2831,2275 2876,2275 2920,2275 2965,2272"/>
                <TextEquiv>
                    <Unicode>druck zum Abschied heute morgens war ein anderer</Unicode>
                </TextEquiv>
            </TextLine>
        </TextRegion>
        <TextRegion id="tr_2" custom="readingOrder {index:1;}">
            <Coords points="674,2387 3115,2387 3115,3564 674,3564"/>
            <TextLine id="tr_2_tl_1" custom="readingOrder {index:0;}">
                <Coords points="675,2491 2708,2488 2957,2454 2957,2357 675,2373"/>
                <Baseline points="692,2451 722,2451 767,2449 812,2451 857,2451 901,2449 946,2449 991,2449 1036,2449 1081,2449 1125,2449 1170,2446 1215,2446 1260,2446 1305,2446 1349,2446 1394,2446 1439,2443 1484,2446 1529,2446 1573,2446 1618,2446 1663,2446 1708,2446 1753,2446 1797,2446 1842,2446 1887,2446 1932,2446 1977,2443 2021,2443 2066,2443 2111,2443 2156,2443 2201,2443 2245,2443 2290,2440 2335,2443 2380,2443 2425,2443 2469,2440 2514,2440 2559,2443 2604,2440 2649,2440 2693,2440 2738,2440 2783,2440 2828,2437 2873,2437 2917,2437 2962,2440"/>
                <TextEquiv>
                    <Unicode>als sonst. Eine Bitte, ein Flehen war darin. Ich</Unicode>
                </TextEquiv>
            </TextLine>
            <TextLine id="tr_2_tl_2" custom="readingOrder {index:1;}">
                <Coords points="657,2639 2833,2636 2914,2630 2914,2512 657,2536"/>
                <Baseline points="674,2607 683,2607 728,2607 773,2604 818,2604 863,2604 907,2607 952,2604 997,2604 1042,2601 1087,2601 1131,2601 1176,2598 1221,2601 1266,2604 1311,2601 1355,2604 1400,2604 1445,2601 1490,2604 1535,2604 1579,2601 1624,2601 1669,2601 1714,2604 1759,2604 1803,2604 1848,2601 1893,2601 1938,2598 1983,2598 2027,2598 2072,2595 2117,2592 2162,2595 2207,2598 2251,2598 2296,2598 2341,2598 2386,2598 2431,2598 2475,2598 2520,2598 2565,2598 2610,2598 2655,2595 2699,2595 2744,2595 2789,2595 2834,2595 2879,2595 2923,2595"/>
                <TextEquiv>
                    <Unicode>höre seine Worte noch: "Kommen Sie heute Abend</Unicode>
                </TextEquiv>
            </TextLine>
            <TextLine id="tr_2_tl_3" custom="readingOrder {index:2;}">
                <Coords points="681,2796 1065,2772 1226,2814 1440,2772 1546,2811 1828,2772 1964,2814 1943,2672 1129,2715 681,2669"/>
                <Baseline points="698,2762 743,2762 788,2762 833,2762 878,2762 922,2762 967,2765 1012,2765 1057,2765 1102,2765 1146,2765 1191,2762 1236,2762 1281,2759 1326,2762 1370,2762 1415,2762 1460,2762 1505,2762 1550,2762 1594,2759 1639,2759 1684,2759 1729,2759 1774,2759 1818,2759 1863,2762 1908,2762 1953,2765 1971,2762"/>
                <TextEquiv>
                    <Unicode>wieder" - er wartet meiner.</Unicode>
                </TextEquiv>
            </TextLine>
            <TextLine id="tr_2_tl_4" custom="readingOrder {index:3;}">
                <Coords points="678,2960 3014,2938 3014,2842 2690,2790 1223,2866 678,2808"/>
                <Baseline points="695,2917 737,2917 782,2917 827,2920 872,2920 916,2920 961,2917 1006,2917 1051,2917 1096,2917 1140,2914 1185,2914 1230,2914 1275,2914 1320,2914 1364,2914 1409,2917 1454,2917 1499,2914 1544,2914 1588,2914 1633,2920 1678,2914 1723,2911 1768,2914 1812,2914 1857,2914 1902,2914 1947,2917 1992,2917 2036,2917 2081,2914 2126,2914 2171,2917 2216,2917 2260,2914 2305,2911 2350,2914 2395,2914 2440,2911 2484,2911 2529,2911 2574,2911 2619,2911 2664,2911 2708,2911 2753,2911 2798,2911 2843,2911 2888,2914 2932,2911 2977,2908 3022,2902"/>
                <TextEquiv>
                    <Unicode>Josefa: Des Freundes, Gewiss, Gibt es ein heilige</Unicode>
                </TextEquiv>
            </TextLine>
            <TextLine id="tr_2_tl_5" custom="readingOrder {index:4;}">
                <Coords points="675,3123 763,3135 869,3084 911,3111 1083,3114 1086,2981 1017,3005 1002,2993 962,3023 911,2987 878,3011 820,3002 757,3029 678,3026"/>
                <Baseline points="695,3082 734,3082 779,3082 824,3082 869,3082 913,3079 958,3079 1003,3079 1048,3079 1093,3079"/>
                <TextEquiv>
                    <Unicode>res Amt?</Unicode>
                </TextEquiv>
            </TextLine>
            <TextLine id="tr_2_tl_6" custom="readingOrder {index:5;}">
                <Coords points="678,3280 3069,3265 3099,3114 678,3126"/>
                <Baseline points="695,3234 740,3237 785,3240 830,3240 875,3240 919,3240 964,3240 1009,3240 1054,3237 1099,3237 1143,3237 1188,3237 1233,3237 1278,3237 1323,3240 1367,3240 1412,3240 1457,3237 1502,3237 1547,3237 1591,3234 1636,3234 1681,3234 1726,3234 1771,3234 1815,3234 1860,3234 1905,3237 1950,3234 1995,3234 2039,3234 2084,3237 2129,3237 2174,3237 2219,3237 2263,3234 2308,3237 2353,3234 2398,3231 2443,3234 2487,3234 2532,3231 2577,3231 2622,3231 2667,3234 2711,3234 2756,3231 2801,3231 2846,3231 2891,3234 2935,3237 2980,3234 3025,3234 3070,3237 3106,3243"/>
                <TextEquiv>
                    <Unicode>Kaplan: Des Priesters wartet er, Frau Josefa. Er met</Unicode>
                </TextEquiv>
            </TextLine>
            <TextLine id="tr_2_tl_7" custom="readingOrder {index:6;}">
                <Coords points="690,3417 2781,3441 2932,3417 2932,3277 2612,3338 2097,3256 1465,3335 690,3302"/>
                <Baseline points="707,3392 746,3392 791,3395 836,3395 881,3395 925,3395 970,3395 1015,3395 1060,3395 1105,3395 1149,3395 1194,3395 1239,3395 1284,3395 1329,3395 1373,3392 1418,3392 1463,3392 1508,3392 1553,3392 1597,3392 1642,3392 1687,3392 1732,3389 1777,3389 1821,3392 1866,3392 1911,3392 1956,3389 2001,3389 2045,3392 2090,3389 2135,3389 2180,3389 2225,3389 2269,3389 2314,3389 2359,3389 2404,3389 2449,3389 2493,3386 2538,3386 2583,3386 2628,3386 2672,3386 2717,3386 2762,3386 2807,3386 2852,3386 2896,3386 2941,3389"/>
                <TextEquiv>
                    <Unicode>weiss, dass ich es bin. Von einem Mal zum andern</Unicode>
                </TextEquiv>
            </TextLine>
            <TextLine id="tr_2_tl_8" custom="readingOrder {index:7;}">
                <Coords points="678,3604 1949,3650 3111,3562 2836,3453 678,3471"/>
                <Baseline points="695,3554 740,3551 785,3551 830,3551 875,3551 919,3551 964,3551 1009,3551 1054,3551 1099,3551 1143,3551 1188,3551 1233,3551 1278,3551 1323,3548 1367,3551 1412,3551 1457,3551 1502,3551 1547,3554 1591,3551 1636,3551 1681,3551 1726,3551 1771,3551 1815,3548 1860,3548 1905,3548 1950,3548 1995,3548 2039,3551 2084,3551 2129,3548 2174,3548 2219,3548 2263,3551 2308,3548 2353,3551 2398,3551 2443,3551 2487,3551 2532,3551 2577,3548 2622,3548 2667,3551 2711,3551 2756,3551 2801,3551 2846,3554 2891,3554 2935,3554 2980,3551 3025,3551 3070,3548 3115,3545"/>
                <TextEquiv>
                    <Unicode>hab ich dringender, hoffnungsvoller in meiner Eigen</Unicode>
                </TextEquiv>
            </TextLine>
        </TextRegion>
    </Page>
</PcGts>
