2472 3752
677 302 1356 433 VINCENZ siebt sie an.
681 414 2126 510 JOSassA rasctb. Übrigens den Atlas — es wär mir
608 472 2131 578 ganz recht, wenn du dem Buben einen mitbringen
610 542 1732 629 möchtest — es ist doch eine Ablenkung.
681 597 2040 728 VINCENZ scherzend. Für den Herrn Kaplan
610 686 1030 764 oder für dich?
681 762 2126 850 JOSEFA. Solche Späße hab ich nicht gern, Vincenz.
679 837 2133 913 VINCENZ. Also für den Eduard, meinst du? Wozu
616 886 1859 964 braucht denn der eine Ablenkung, der Bub?
684 943 2127 1053 JOSEFA. Der ist kein Bub mehr. Das ist ein väter-
612 1030 2131 1122 licher Wahn. Ein junger Herr ist er, ein Jüngling. „Ein
612 1110 2135 1181 schlanker Jüngeling“ hat gestern der Doktor gesagt.
610 1165 2135 1281 Hast du denn noch gar nicht bemerkt, wie die Weiber
610 1247 1029 1333 ihn anschaun?
684 1287 1365 1384 VINCENZ. Die Gusti?
690 1361 2135 1470 JOSEFA. An die hab ich gar nicht gedacht. Eher
610 1435 1409 1540 noch an die Rainer-Mädeln.
688 1500 1624 1610 VINCENZ. Auch schon Weiber?
690 1578 2143 1679 JOSEFA. — Oder an die Kathi. An die Gusti
616 1650 1418 1745 denkst du nur gleich wieder.
681 1702 2139 1821 VINCENZ stebend, eigentlich immer zum Fortgeben bereit.
624 1785 1759 1884 Oh, Madame sind am End' eifersüchtig?
684 1856 2137 1958 JOSEFA. Erstens bitt ich dich, sag nicht immer
616 1922 1985 2021 Madame Und wenn ich eifersüchtig sein wollte
260 1960 544 2078 zu mir.
684 1993 2137 2093 VINCENZ ebrlich verwunderter Blick. Was hast du
616 2065 953 2143 denn heut?
681 2116 2135 2230 JOSEFA. — Für deinen Dionysùszug, da hast du
287 2135 420 2230 10
616 2192 2139 2289 wahrscheinlich manches Modell gehabt, das noch schö¬
618 2266 1947 2358 ner war — als † sogar die Gusti — sein dürfte.
681 2321 2129 2430 VINCENZ. Also das kann ich beschwören, Jo-
306 2302 420 2439 10
618 2401 2129 2485 sefa vn ein schöneres Modell hab ich nie wieder ge-
616 2481 947 2559 funden als -
266 2491 397 2601 FJ
688 2542 2141 2637 JOSEFA fortsetzend, — als ich einmal gewesen bin.
679 2631 2141 2694 VINCENZ. Also, Josefa, auf die ältere Dame
622 2677 2141 2759 brauchst du dich wirklich noch nicht hinauszuspielen.
684 2753 1776 2858 JOSEFA. Fällt mir auch gar nicht ein.
618 2825 2147 2922 Kaplan erscheint draußen am Zaun, von rechts oben kommend, grüßt.
684 2898 1454 3012 KAPLAN. Guten Morgen.
696 3038 789 3129 16
