3592 4120
918 457 2381 612 EDUARD. Aha, so wie der vom vorigen Jahr. Der
869 575 1574 671 war übrigens viel fescher.
933 625 2379 737 JOSEFA immer mit der Handarbeit beschäftigt. Kümmer
867 695 2376 800 dich nicht um Sachen, die dich nichts angehen. Schau
855 760 2383 867 lieber, daß du bei der Nachprüfung nicht durchfallst.
918 836 2324 937 EDUARD acbselzuckend. Die überflüssige Plackerei
857 905 2276 1002 ich werd' ja doch nicht auf die Universität gehen.
937 991 2257 1088 JOSEFA. Sag' so was nur nicht vor dem Vater.
926 1053 2358 1160 EDUARD. Der Vater hat auch keine Matura ge
867 1132 2377 1212 macht und ist ein berühmter Mann geworden und Pro-
867 1200 1208 1297 fessor dazu.
939 1208 2395 1366 JOSEFA. Dein Vater ist ein Bildhauer, ein Künst-
876 1318 2183 1414 ler, dazu braucht man kein Griechisch können.
939 1381 2381 1484 EDUARD. Ich kann ja auch ein Künstler werden.
945 1455 1975 1574 JOSEFA. Geh! Was denn für einer?
939 1537 1648 1629 EDUARD. Schauspieler.
947 1604 1661 1709 JOSEFA. Dummer Bub.
954 1654 2396 1768 GUSTI erwacht, sitzt aufrecht in der Hängematte. Habe
756 1735 1652 1840 die Ehre, die Herrschaften.
945 1772 2147 1905 JOSEFA leichtbin scherzend. Guten Morgen.
952 1833 2307 1962 GUSTI. Nein, was ich zusammengeträumt hab'!
954 1937 2132 2029 EDUARD mebr für sich. Alleweil träumt s’.
962 1993 2267 2109 JOSEFA zerstreut. Was hat dir denn geträumt?
954 2076 2410 2168 GUSTI. Von einem Luftballon. Von einem riesigen
897 2137 2414 2256 roten Ballon. Und die Welt hat von oben ausgesehen
897 2217 1459 2336 wie eine Landkarte.
960 2278 2046 2372 EDUARD. Warst du in einer Gondel?
956 2339 2115 2446 GUSTI. Nein, ich hab' mich angehalten.
956 2377 2406 2541 EDUARD. Wie kann man sich denn an einem Bal-
897 2496 1297 2585 lon anhalten?
968 2509 2421 2637 GUSTI. An einem Seil natürlich. Ich bin immer
899 2625 1903 2728 hin und her gebaumelt in der Luft.
972 2675 2416 2802 EDUARD. Und hast gar keine Angst gehabt —?
972 2768 1646 2856 GUSTI. Dummer Bub.
973 2791 2435 2938 JOSEFA. Ja, sag's ihm nur, mir glaubt er’s nicht.
977 2877 2433 2989 GUSTI ist indes von der Hängematte berunter, in weiß-rot-
924 2955 2431 3069 getupftem Leinenkleid, um den Hals einen weißen Seidenschal.
924 3012 2446 3176 Schwül ist es wieder. Es wär' schon gut, wenn einmal
1335 3181 1785 3296 Fischer-Verlag, Berlin
1183 3252 1937 3374 Im Spiel der Sommerlüfte
2170 3263 2273 3404 20
1183 3338 1890 3418 I. Fahnenkorrektur am 20. 8. 29
1204 3404 1892 3501 Bibliographisches Institut, Leipzig
