3544 4008
1338 555 1899 691 GUSTI, JOSEFA.
918 651 2354 778 GUSTI rasch. Wirklich, grad noch im richtigen Mo¬
847 737 2356 835 ment bin ich in die Hütte gekommen. Sonst — ich
839 810 2373 931 glaub’, es hätt’ mich heruntergeschwemmt. Ich bin bei
856 874 2365 983 der Post gewesen, einen Brief aufgeben, und wie ich
845 947 2316 1066 herauskomm, hat sich’s grad ein bisserl aufgeheitert —
841 1010 2387 1139 na, hab' ich mir gedacht, am End' wird’s noch ganz
845 1098 1169 1208 schön und
912 1127 2383 1284 JOSEFA läcbelnd abwehrend. Schau, du mußt doch
852 1240 1210 1331 nicht reden.
918 1256 2379 1415 GUSTI ein bißehen trotzig. Warum soll ich denn nichts
852 1377 1066 1469 reden?
914 1400 2375 1540 JOSEFA läcbelnd. Ich glaub’, es ist besser, du redest
852 1521 1060 1613 nichts.
927 1523 2387 1657 GUSTI resigniert. Na ja. — Ich werd' mir übrigens
854 1638 2387 1720 noch selber geschwind in der Küche einen Kaffee
847 1692 2375 1807 kochen, leg’ mich auf eine Stund’ hin, und dann — pack’
868 1780 1382 1876 ich meine Sachen.
933 1795 2388 1945 JOSEFA. Was ist denn das für ein Unsinn? Du
852 1891 2392 2028 kannst ruhig heraußen bleiben. Es ist wirklich kein
874 1991 1100 2072 Grund-
947 1995 2392 2124 GUSTI etwas trotzig. Es ist ja auch nicht deswegen.
868 2106 2402 2214 In ein paar Tagen müßte ich ja doch nach Wien. Es
870 2166 2398 2277 gibt noch so viel zu tun vor der Abreise. Ich kann die
877 2233 2402 2352 Mutter nicht alles allein machen lassen. Und — was
879 2308 2410 2402 den Doktor anbelangt — du hast gestern schon recht
877 2373 2408 2502 gehabt, Tante Josefa, ich werde Schluß machen, noch
891 2450 2333 2563 ehe ich ins Engagement fahre. Wird g’scheiter sein.
962 2521 1870 2621 JOSass nickt. Glaub' ich auch.
941 2544 2413 2682 GUSTI seufzt leicht, dann. Und wenn ich bis halb
887 2640 2394 2776 zehn nicht auf sein sollte, dann bitte ich-dich; weck’
891 2740 1269 2830 mich, Tante.
954 2738 2417 2920 JOSEFA nickt, dann faßt sie Gustis Kopf mit beiden Händen
893 2872 1536 2976 und küßt sie auf die Stirn.
966 2940 1978 3012 GUSTI rasch über die Veranda ins Haus.
960 2991 2406 3101 JOSEFA allein, lächelt, wird dann ernst, Blick zur Man¬
897 3068 2417 3218 sarde, auf deren Balkon kurz vorber Eduard seinen Rock gebängt bat.
1271 3204 1724 3324 Fischer-Verlag, Berlin
1133 3289 1849 3418 Im Spiel der Sommerlüfte
1217 3375 1761 3468 1. Fahnenkorr. am 21. 8. 20.
1213 3439 1857 3552 bliographisches Institut, Leipzig
