3560 4056
836 458 2309 583 GUSTI. Ich denk schon. Ich geh noch den Brief
779 567 2309 682 aufgeben. Ein biss’1 lang ist er geworden. Jedenfalls
779 627 2167 738 werd' ich mir den Schirm mitnehmen. Ins Haus.
836 721 1551 827 JOSEFA eine Weile allein.
842 740 2324 873 KATHI aus dem Haus, zur Hängematie, bolt von dort ein Buch
784 852 2311 954 und einen Plaid, trägt die Dinge ins Haus. Wind verstärkt sich. Eilige
788 923 1665 1015 Spaziergänger im Hintergrund vorbei.
852 946 2157 1084 DIE BEIDEN BAINERMÄDELN von rechts.
854 1032 2326 1152 GUSTI, die vorn aus der für den Zuschauer unsichtbaren Türe
792 1129 1769 1248 das Haus verlassen bat, begrüßt sie kurz.
863 1152 2324 1296 DIE JUNGERE. Wir müssen uns tummeln, daß
794 1263 1682 1371 uns der Regen nicht erwischt.
869 1321 2088 1426 GUSTI. Ja, tummelt's euch nur! Rechts ab.
865 1384 1848 1507 JOSEFA durch die Veranda ins Haus.
804 1453 2326 1590 Bübne eine Weile leer, Wetterleuchten, Spaziergänger und Land-
1350 1551 1794 1655 leute rasch vorbei.
1257 1626 1849 1738 Stärkeres Wetterleuchten.
798 1682 2270 1828 KATHI auf die Veranda, nimmt das Tischtuch ins Haus.
1059 1771 2097 1905 Heimeilende Spaziergänger über die Felder.
1334 1855 1836 1963 Leises Donnergrollen.
811 1901 2347 2071 Auf dem Balkon der Mansarde erscheint JOSEFFA, die die Türe
809 2001 2347 2122 schließen will, vorber aber tritt sie noch weiter binaus, siebt
1340 2094 1774 2188 nach dem Wetter.
813 2165 2357 2270 DER KAPLAN von recbts, will am Zaun vorbei, schaut in
1136 2253 2051 2361 den Garten, zögert, wie unwillkürlich.
907 2332 2363 2468 JOSEFA bemerkt ibn. In dem Augenblick, da der Kaplan seinen
838 2424 1584 2534 Weg fortsetzen will, grüßt sie.
909 2463 2040 2595 JOSBPA. Guten Abend, Hochwürden.
915 2538 2370 2665 KAPLAN aufsebend. Guten Abend, Frau Professor.
852 2638 1094 2730 Windstoß.
919 2640 2384 2805 JOSEFA. Denken Sie sich, Hochwürden, der Bub
850 2734 2369 2863 ist fort. Spazierengegangen bei dem Wetter! — Er wird
848 2841 1380 2934 schön naß werden.
909 2855 2369 3011 KAPLAN. Es war nicht meine Absicht, Eduard ab-
852 2945 2363 3089 zuholen — ich kam nur zufällig oder fast zufëllig vor¬
857 3055 990 3161 bei.
1136 3149 1665 3324 Fischer-Verlag, Berlin
1040 3276 1794 3407 Im Spiel der Sommerlüfte
2019 3234 2151 3386 35
1136 3364 1730 3460 1. Fahnenkorr. am 21. 8. 29
1079 3409 1759 3537 Bibliographisches Institut, Leipzig
