3528 4040
816 529 2284 669 KAPLAN beginnt zu lesen. „Mein geliebter Bruder —“
816 636 2207 732 KATHI kommt von drin mit der Lampe, gebt wieder ab
810 713 2272 803 KAPLAN liest. „Mein geliebter Bruder, diese Zeilen
759 774 2265 879 schreibe ich Dir vor meiner Abreise nach Wien“
747 858 2280 940 Erklärend zu Josefa. Gestern! Liest weiter. „Du sollst sie
753 938 2271 1023 aber erst lesen, nachdem ich Dich gesehen und ge¬
755 998 2276 1088 sprochen habe. Die paar Stunden, die uns vergönnt sein
759 1065 2282 1156 werden, wollen wir in Ruhe miteinander verbringen.
749 1124 2278 1227 Du sollst auch nicht unruhig werden, wenn Du diesen
753 1175 2288 1284 Brief liest. Denn während ich ihn schreibe, von Zeile
753 1273 2276 1361 zu Zeile bin ich fester davon überzeugt, daß alles gut aus¬
770 1307 2286 1432 gehen wird. Hält einen Augenblick inne, Blick zwischen ibm und
776 1386 2286 1498 Josefa, dann liest er weiter. Und nun habe ich die folgende
764 1460 2276 1577 Bitte an Dich. Wenn Du bis übermorgen mittag“ zu Jo-
768 1537 2284 1628 sefa — morgen also — „zwölf Uhr keine Nachricht von
761 1604 2280 1707 mir haben solltest oder ich nicht selbst wieder bei Dir
764 1669 2284 1756 sein sollte, so begib Dich nach Wien, wo Dich auf dem
770 1724 2290 1835 Bahnhof, wenn nicht ich selbst, einer meiner Kameraden
780 1804 2292 1915 erwarten wird, von dem Du dann alles Nähere erfahren
776 1875 2288 1988 wirst. Wenn Du diesen Brief in Händen hältst“ zu Jo¬
774 1957 2238 2057 sefa — er dachte: erst morgen — „ist jedenfalls alles
786 1997 2297 2104 und ich hoffe zu Gott —“ bitter—zu Gott!— „glücklich
786 2079 2295 2171 vorüber. Zu Josefa. Jetzt kann natürlich noch nichts
789 2154 2297 2255 vorüber sein. Liest weiter. „Aber falls es anders bestimmt
776 2213 2299 2301 sein sollte, will ich nicht aus der Welt gehen, ohne Dir
774 2271 2299 2372 noch einmal gesagt zu haben, mein lieber Ferdinand,
786 2370 2297 2448 wie sehr ich Dich liebe, wie dankbar ich Dir für alles bin,
791 2425 2307 2527 was Du zeitlebens für mich getan hast.“ Zu Josefa.
789 2496 2305 2590 Nichts, nichts! Liest weiter. „Und was immer Du morgen
787 2569 2261 2664 auf dem Lande zu mir sprechen wirst — merke wohl¬
801 2630 2299 2733 jedes Deiner Worte, Dein Händedruck, Deine Um-
795 2710 2305 2792 armung wird mir Absolution bedeuten. Blick zu Josefa.
803 2762 2307 2853 Und Deiner Liebe werde ich es zu danken haben, Deiner
801 2832 2313 2918 Fürbitte, wenn ich frei von Sünden vor den höchsten
795 2888 2316 2985 Richter trete. Und so stage ich auch in unerschütter¬
803 2976 2322 3064 lichem Gottvertrauen diesen Brief mit dem Wort zu
797 3027 2326 3150 enden: Auf Wiedersehen! Dein Robert.“ Er läßt den
789 3113 1783 3234 Brief sinken, siebt Josefa wie fragend an.
1183 3241 1644 3364 Fischer-Verlag, Berlin
1049 3329 1791 3442 Im Spiel der Sommerlüfte
2034 3312 2144 3442 37
1135 3410 1720 3509 1. Fahnenkorr. am 71. 8. 29t
1070 3448 1777 3599 Bibliographisches Institut, Leipzig
