4680 3880
3007 399 3709 531 ERSTER AUFZUG
2585 568 4125 693 Ein bescheidenes Parterrebäuschen (links) mit Garten, ein bölzerner
2594 662 4127 771 grüner Zaun umgrenzt den Besitz gegen die freie Landschaft. Breite
2592 727 4131 821 Veranda mit Tisch und Sesseln, von der eine offene Türe in das Innere
2598 800 4133 896 des Hauses und einige Stufen binab in den Garten führen. Mansarde
2600 877 4121 979 mit praktikabelm Balkon. Im Garten mehr rechts Tisch, Bank, Sesseln;
2604 942 4131 1036 Schaukelstubt. Weiter rückwärts rechts zwischen zwei Bäumen aus¬
2598 1007 4133 1117 gespannt eine Hängematte. Längs des Zaunes ein Fußpfad, rechts
2604 1078 4133 1170 Felder, Wiesen, allmäblich ansteigend bis zu bewaldeten Hügeln.
2606 1132 4144 1263 Schöner Morgen im Spätsommer. Am Gartentisch beim Frübstück
2776 1205 3958 1318 Professor Vincenz Friedlein und seine Frau Josefa.
2606 1301 4148 1395 VINCENZ, einfach stattlich, ungefähr 50, volles, angegrautes
2610 1376 4143 1464 Hauptbaar, ebensolcher Knebelbart; er siebt ein wenig wie ein Künstler
2611 1441 4150 1554 und noch etwas mebr wie ein wohlbabender Meister aus. Beides drückt
2771 1504 4003 1600 sich auch in seiner Redeweise und seinem Gebaben aus.
2619 1593 4146 1694 Seine Frau JOSEFA, etwa 36, sebr jugendlich, in einem be-
2621 1652 4154 1777 quemen, aber netten bellen Morgenkleid, spricht und bewegt sich etwas
2619 1727 4150 1852 müde, doch häufig und immer bäufiger bricht durch ihr Wesen die
2982 1806 3745 1913 Lebbaftigkeit ihres Temperaments.
2621 1859 4158 1994 Außerhalb des Gartens zieben rückwärts Landleute, zum Teil mit
2619 1961 4158 2066 ihrem Arbeitsgerät, vorbei, was auch im weiteren Verlauf des Aktes
2625 2028 4164 2132 zeitweise der Fall ist. Auch Sommergäste auf dem Fußpfad längs des
3001 2086 3803 2201 Zauns und weiter im Hintergrunde.
2694 2187 4168 2333 KATHI, die etwas bäuerische Magd, trägt eben eine Tasse, auf
2642 2283 4074 2385 der sie das Frübstück serviert hat, über die Veranda ins Haus.
2696 2339 4171 2458 VINCENZ nach einem Schluck Kaffee. Das kann schön
2646 2429 3396 2535 heiß werden in der Stadt!
2705 2468 4171 2608 JOSEFA. So bleib doch heraußen. Auf den einen
2646 2539 4179 2659 Tag wird’s nicht ankommen — jetzt, wo das Modell
2646 2638 3160 2732 beinahe fertig ist.
2700 2673 4166 2801 VINCENZ. Eben. Ich hab nach Kassel geschrie-
2650 2755 3828 2878 ben, daß es zur Besichtigung bereit steht.
2717 2805 4189 2953 JOSEFA. Sie werden dich doch vorher verständigen.
2707 2893 4192 3007 VINCENZ. Natürlich. Vielleicht finde ich schon
2661 2970 4191 3087 heute eine Nachricht vom Intendanten in Wien vor.
4031 3089 4127 3208 II
