3608 4088
971 381 2446 614 EDUARD kindisch-ernsthaft. Ich mein’ das nicht im
937 487 2439 688 Spaß. Ich hab’ dir ja früher gesagt, daß ich etwas mit
937 571 2454 751 dir zu reden hätte. Du meinst vielleicht, das war nur
935 650 2452 821 so eine Ausred’. Drum hab’ ich dich ja gefragt, ob du
942 694 2459 895 mit mir spazierengehen willst. Ich habe nämlich gleich¬
950 764 2471 978 falls die Absicht, zum Theater zu gehen. Zündet sich mit
960 905 1946 1051 gespielter Unbefangenbeit eine Zigarette an.
1030 901 2488 1096 GUSTI ziemlich unbeteiligt, liest wieder ihren Vertrag durch.
1028 971 2482 1162 EDUARD immer mit gespielter Unbefangenheit. Das Stu¬
973 1047 2490 1231 dieren freut mich nämlich nicht. Ich hab’s auch schon
984 1115 2484 1312 der Mutter gesagt. Wozu brauch' ich Matura zu ma-
992 1233 1832 1373 chen? Ich werd' Schauspieler.
1066 1238 2513 1428 GUSTI, als wenn sie der Rauch seiner Zigrette genierte,
992 1318 2518 1498 bústet übertrieben. Aber du bist ja vollkommen blöd. Sei
1003 1388 2526 1572 froh, daß du’s nicht nötig hast! Hält ibm den Kontrakt bin.
1014 1456 2516 1655 Siebzig Gulden Gage. Das wär' so was für einen ver-
1024 1589 1729 1724 wöhnten jungen Herrn -
1083 1576 2535 1779 EDUARD obstinat. Du hast selber gesagt, ich hab’
1104 1684 2568 1904 GUSTI. Wann hab' ich das gesagt? Nie ist mir das
1039 1764 1255 1855 Talent.
1051 1779 2566 1991 eingefallen. Grad das Gegenteil hab’ ich gesagt, ich
1106 1906 2581 2112 EDUARD. Neulich, ja. Aber heut früh beim
1064 1940 1629 2067 weiß noch sehr gut.
1062 1991 2585 2198 Romeo hast du gesagt: Vielleicht wirst du doch noch
1140 2116 2594 2312 GUSTI. Es gibt ja auch Schauspieler ohne talent.
1069 2156 1559 2262 ein Schauspieler.
1138 2209 2600 2370 EDUARD. Im Anfang ist man halt ein verkanntes
1094 2260 2573 2467 Genie. Ich weiß ja, daß ich noch viel zu lernen hab’
1100 2298 2615 2528 aber das lernt man am besten in der Praxis. Empfiehl
1106 2399 2615 2596 mich ganz einfach dem Direktor vom Innsbrucker
1106 2564 1490 2676 Stadttheater.
1174 2543 2289 2721 GUSTI. Als Kulissenschieber vielleicht.
1174 2558 2649 2801 EDUARD. Meinetwegen, wenn’s nicht anders geht,
1128 2685 2645 2869 für den Anfang als Kulissenschieber. Nachfahren tu ich
1140 2746 2651 2930 dir in jedem Fall. Ich hab’ mehr in der Sparkasse, als
1214 2882 2670 3062 GUSTI allmäblich ernsthaft erschrocken. Ich werd' mit
1140 2896 1654 3011 das Billett kostet.
1149 3028 1752 3136 deiner Mutter reden.
1202 3055 2219 3222 EDUARD. Das wirst du nicht tun.
1526 3214 1980 3334 Fl. cher-Ver ag, Berlin
1386 3263 2135 3440 Im Spiel der Sommerlüfte
2359 3226 2497 3372 31
1490 3349 2074 3478 1. Fahnenkorr. am 20. 8. 29
1386 3400 2158 3548 Bibliographisches Institut in Leipzig
