3560 4072
711 520 1384 662 GUSTI. Aber natürlich.
700 563 2145 755 FELIX lauscht wieder binaus. Jetzt ist er wirklich da.
713 667 2164 878 GUSTI. Dauert noch mindestens drei Minuten.
650 719 848 827 Adieu.
649 779 2164 942 Zuerst halt er noch bei der Villa Fallenböck, wo früher
656 829 2167 1022 immer der Herr von Fallenböck eingestiegen ist, bevor
662 971 1257 1092 er krank worden ist.
724 1007 1701 1155 EDUARD kommt durch die Gartentür.
2520 965 3038 1197 Ertiard.
1200 1100 1676 1229 GUSTI, FELIX.
740 1193 1733 1344 EDUARD. Na, bin ich pünktlich?
753 1269 1769 1416 GUSTI. Wie eine Uhr, die vorgeht.
751 1284 2190 1492 FELIX. Ich muß mich jetzt leider verabschieden,
757 1453 2156 1636 GUSTI scherzbafc. Danke nochmals für den ge
685 1454 1136 1564 Fräulein Gusti.
704 1530 2217 1690 schätzten Besuch, Herr Doktor, hoffe sehr bald wieder
702 1650 1422 1782 das Vergnügen zu haben.
764 1618 2228 1837 FELIX ungeschickt auf den Ton eingebend. O bitte, das
721 1739 2234 1908 Vergnügen war ganz meinerseits. Adieu, schlanker
796 1820 2234 2037 GUSTI zum Zaun, schaut nach links, gibt Felix ein Zeichen,
728 1883 1016 1983 Jüngeling.
724 1976 1536 2112 daß der Omnibus noch nicht da ist.
787 1972 2257 2167 FELIX zu Eduard. Also jetzt wird Theater gespielt?
796 2084 2054 2245 EDUARD. Überhören tu ich halt die Gusti.
795 2126 2262 2302 FELIX. Na, wer weiß, vielleicht werden Sie auch
743 2268 1475 2395 noch einmal Schauspieler.
810 2257 2266 2437 EDUARD. Ich möcht' schon, aber die Gusti sagt,
755 2410 1348 2526 ich hab' kein Talent.
825 2463 1509 2585 FELIX. So, sagt sie das
834 2488 2291 2645 GUSTI war außerbalb des Gartens, bat dem nicht sichtbaren
787 2535 2285 2714 Omnibuskutscher ein Zeichen gegeben, rufs gegen links. Halten
776 2624 2304 2797 S’ da, es steigt noch wer ein. G'schwind, Doktor! Da
789 2778 990 2860 durch.
853 2791 1509 2928 FELIX auf die Veranda.
863 2822 2306 3019 GUSTI. Ich bring mir gleich das Büchel mit. Auch
795 2971 1197 3091 auf die Veranda.
867 2949 1847 3121 FELIX. Was denn, für ein Büchel?
876 3042 2128 3203 GUSTI ist durch die Veranda ins Haus gegangen.
1128 3205 1654 3336 Fischer-Verlag, Berlin
1060 3263 1775 3428 Im Spiel der Sommerlüfte
1134 3368 1714 3489 1. Fahnenkorr. am 19. 8. 29
1117 3425 1754 3561 sibliographisches Institut, Leipsig.
