3608 4152
1010 381 2047 500 KAPLAN. Wir sind Zwillingsbrüder.
1014 445 2445 571 GUSTI. Ich hab’s grad früher zur Tant’ gesagt, daß
961 543 2447 647 Sie einander so ähnlich sehen. Nur schöner sind Hoch¬
969 628 1193 720 würden.
1018 656 1723 788 JOSEFA mabnend. Gusti!
1018 733 2479 846 EDUARD kommt jetzt aus dem Haus auf die Veranda, trinkt
961 844 1142 931 Kaffee.
1025 848 2458 984 JOSEFA. Und hat sich das schon sehr früh ent¬
954 950 2464 1048 schieden, daß Hochwürden geistlich werden und Ihr
956 1033 1842 1127 Herr Bruder zun Militär geht?
1025 1084 2466 1197 KAPLAN. Ja, mit dreizehn, wie unsere Mutter ge¬
956 1146 2466 1255 storben ist, der Vater war schon lang tot, da ist es fest¬
963 1203 2479 1336 gestanden, daß ich ins Konvikt eintrete und er in die
969 1284 2479 1393 Kadettenschule. Aber früher — immer lebbafter — wie
969 1363 2481 1448 wir noch Buben gewesen sind — Kinder — da war es
969 1410 2471 1525 keineswegs ausgemacht. Ja, manchmal hat’s ganz dar-
965 1510 2205 1614 nach ausgeschaut, als wenn ich — Hält inne.
1031 1555 2486 1663 GUSTI wie um ihm bebilflich zu sein. Als kleiner Bub
971 1642 2415 1740 möcht' man natürlich immer lieber Soldat werden.
1031 1691 2490 1793 KAPLAN rasch. Wir sind beide in unserem Beruf
976 1766 2483 1877 glücklich geworden. Wenn man nur ein bißchen öfter
984 1840 2486 1928 beisammen sein könnte. Aber auch in dieser Hinsicht
986 1900 2490 2006 darf ich nicht klagen — im vorigen Sommer haben wir
984 1977 2475 2079 sogar eine achttägige Fußwanderung miteinander ge-
986 2045 1877 2153 macht — mein Bruder und ich.
1041 2115 1844 2204 EDUARD. Acht Tage lang?
1042 2141 2501 2294 KAPLAN. Ja, da sind wir in Kärnten gewesen, auf
997 2266 1563 2351 dem Großglockner.
1052 2311 2026 2418 EDUARD. Herrgott noch einmal!
1063 2386 2507 2492 JOSEFA. Na vielleicht nach der Matura, daß dir's
1003 2466 1510 2556 der Vater erlaubt.
1056 2503 2511 2637 EDUARD. Verzeihen, Hochwürden — kann man
1001 2599 1949 2699 denn klettern in so einer Tracht?
1061 2633 2515 2756 KAPLAN. Mit der Kletterei ist es dort nicht so
1012 2703 2516 2846 arg, lauter schöne, gebahnte Wege. Und was die Tracht
1335 2784 2513 2886 ich hab’ die Erlaubnis gehabt, während des
1007 2812 1299 2905 anbelangt.
1016 2848 2520 2950 Urlaubs in gewöhnlichem Anzug herumzugehen. Ja,
1010 2929 2522 3076 wir waren in Zivil sozusagen — beide. Dem Robert
1423 3069 1864 3189 Fischer-Verlag, Berlin
1282 3155 2017 3278 Im Spiel der Sommerlüfte
2236 3144 2390 3293 24
1357 3227 1943 3323 1. Fahnenkorr. am 20. 8. 29
1306 3291 2000 3442 Bibliographisches Institut, Leipzig
