3592 4104
917 561 2377 709 GUSTI. Nein, ich bin noch gar nicht tätig. Erst in
837 640 2357 799 diesem Herbst trete ich ein Engagement an einer öster¬
837 712 2380 858 reichischen — unterbricht sich, etwas unwirsch. Aber ich bin
854 762 2317 925 Ihnen doch eigentlich keine Rechenschaft schuldig.
933 835 2403 992 OffiziER. Gewiß nicht, aber es wird wohl auf
873 900 2392 1063 die Dauer kein Geheimnis bleiben, an welcher öster¬
873 990 2401 1132 reichischen Bühne Fräulein das Publikum entzücken
944 1086 2390 1254 GUSTI. Nein, besonders Ihnen nicht, Herr Leut-
887 1120 1118 1201 werden.
885 1193 2131 1350 nant, da Sie in Innsbruck stationiert sind.
954 1283 1796 1398 OffiziER. Fräulein wissen?
959 1289 2426 1465 GUSTI. Es ist noch keine halbe Stunde her, daß
900 1373 2422 1528 der Herr Kaplan von Ihnen erzählt hat. Ich kann Ihnent
904 1444 2413 1607 sagen, Herr Leutnant, daß er sich riesig auf Ihren Be¬
980 1559 2432 1745 OffiziER. Wir haben uns über ein Jahr lang
900 1595 1226 1687 such freut.
915 1656 2449 1823 nicht gesehen. Aber wie soll ich das verstehen, Fräu¬
921 1779 1685 1881 lein, daß Sie früher sagten
992 1798 2445 1948 GUSTI. Ich bin nämlich nach Innsbruck engagiert.
929 1863 2428 2018 Also, wenn Sie nicht mit Ihrem Regiment nach Ga-
921 1990 1515 2093 lizien gehen müssen
1005 1999 2126 2172 OffiziER. Das wissen Fräulein auch?
1011 2070 2470 2229 GUSTI. Jedenfalls aber, Herr Leutnant, bitte ich
944 2143 2463 2292 Sie sehr, sich nicht zu verplauschen, daß ich — engagiert
958 2204 2346 2361 bin, auch Ihrem Herrn Bruder gegenüber nicht.
1021 2265 2472 2422 OffiziER. Fräulein gehen wahrscheinlich gegen
969 2352 2248 2497 den Willen der Herren Eltern zum Theater?
1036 2394 2486 2553 GUSTI. Es ist nicht das, Herr Leutnant — es sind
961 2486 2350 2641 halt Umstände — Aber das gehört nicht her..
1030 2535 2488 2702 OffiziER. Hoffentlich wird mein Gesuch be-
980 2606 2488 2786 willigt, ich bleib in Innsbruck und werde nicht er¬
988 2675 2503 2830 mangeln, Ihrem Debut beizuwohnen, Fräulein. Anderer
992 2746 2501 2897 Ton. Wenn ich nicht — dienstlich verhindert sein sollte.
1028 2815 2516 2978 GUSTI. Das täte mir leid, Herr Leutnant, Sie
1007 2918 1812 3074 applaudieren sehr talentvoll.
1059 2913 2518 3097 OffiziER salutiert dankend. Jedenfalls will ich diese
1005 3028 2522 3202 Begegnung als gute Vorbedeutung nehmen Auf ihren
1013 3091 2528 3263 Blick. — daß ich in Innsbruck bleibe. Es besteht eine
1425 3254 1884 3386 Fischer-Verlag, Berlin
1279 3340 2036 3472 Im Spiel der Sommerlüfte
2292 3305 2413 3437 6
1375 3418 1963 3535 1. Fahnenkorr. am 19. 8. 29
1327 3485 2011 3598 Bibliographisches Institut, Leipzig
