3624 4120
1055 428 2234 608 JOSEFA. Was das für Geschichten sind!
1048 498 2512 667 GUSTI unwirsch. Das sind keine „Geschichten“. Wir
987 565 2487 745 haben uns halt gern. Und wenn ich Glück hab’ — viel-
996 643 2513 806 leicht hab’ ich schon im nächsten Herbst ein Engagement
1074 760 2525 960 JOSEFA. Aber ich bitt' dich, mach’ dir doch nichts
996 783 1268 880 in Wien.
1015 835 2515 1017 vor. Du bist ja ganz froh, daß du von Wien weg-
1010 897 2531 1072 kommst und daß diese aussichtslose Sache mit dem
1025 1023 1956 1171 Doktor ganz von selber aus wird.
1091 1038 2542 1209 GUSTI. Also, Tant’ Josefa, sei nicht bös — ich
1025 1103 2559 1293 möcht' mir das ausbitten, ein für allemal. Wer macht
1029 1171 2550 1369 sich was vor? Machst du dir vielleicht auch was vort
1034 1253 2561 1416 Achtzehn Jahr lang seid ihr verheiratet, und jetzt
1044 1314 2572 1496 laufst du zur Bahn hinunter, ihn abholen — und
1055 1386 2572 1555 wenn er einmal abtelegraphiert, wie zum Beispiel vor
1057 1435 2576 1626 vierzehn Tagen, kannst du überhaupt nicht schlafen
1126 1574 2586 1764 JOSEFA etwas unnatürlich lacbend. Eifersucht! Wenn
1065 1589 1494 1694 vor Eifersucht.
1061 1656 2584 1839 man schon einen großen Buben hat. Das glaubst du ja
1078 1736 2595 1886 selber nicht. Sie ruft. Kathi! bringen S' mir den Schirm
1076 1835 1918 1964 heraus und den Regenmantel.
1150 1827 2593 2023 GUSTI. Und was machst du denn unten bei der
1091 1968 2156 2089 Bahn, wenn er wirklich nicht kommt?
1156 1979 2614 2190 JOSEFA. Man sitzt ganz angenehm vis-à-vis beim
1101 2063 2616 2243 „Grünen Baum“. Und dann fahr' ich halt mit dem Om¬
1103 2209 1489 2321 nibus zurück.
1181 2221 2282 2363 KATHI kommt mit Schirm und Regenmantel.
1188 2295 2479 2445 JOSEFA. Adieu, Gusti. Ab durch die Gartentüre.
1192 2358 2356 2508 GUSTI bleibt eine Weile steben, dann ins Haus.
1188 2390 2633 2603 KATHI macht im Garten und auf der Veranda etwas Ordnung.
1582 2536 2215 2681 Leibter Wind erhebt sich.
1205 2595 2652 2778 GUSTI kommt wieder aus dem Haus mit Briefpapierschachtel,
1148 2690 2662 2877 Tintenfläschchen, kleiner Mappe, setzt sich an den Gartentisch, be¬
1154 2740 2666 2928 reitet alles zum Schreiben vor, nimmt den Federstiel in den Mund
1167 2802 2656 2991 wie ein Scbulmädel, ein Wind bat sich erboben, Briefpapier will weg
1177 2873 2688 3074 fliegen, Gusti beschwert es mit einem Buch, das bier liegengeblieben
1584 3072 2036 3179 Fischer-Verlag, Berlin
1437 3128 2181 3253 Im Spiel der Sommerlüfte
2399 3109 2553 3263 26
1536 3207 2107 3301 1. Fahnenkorr. am 20. 8. 29
1479 3272 2169 3398 Bibliographisches Institut, Leipzig
