3528 4040
660 488 2187 650 kommen hast, Anträge. Du hast es einfach abgeleugnet.
673 611 2189 704 Gestern früh noch hast du mir geschworen, daß du ohne
663 685 2174 787 mich nicht leben kannst, und dabei hast du schon ge¬
673 750 2183 853 wußt, daß du in vierzehn Tagen in Innsbruck Theater
667 831 1057 934 spielen sollst!
743 893 1232 989 GUSTI. In acht.
731 937 2197 1055 FELIX. Warum nicht schon morgen? Nur um
685 1024 2199 1115 Gottes willen fort von hier — fort von mir. Das war
677 1084 2193 1205 ja die Hauptsache. Darauf ist es dir vor allem an¬
692 1153 2208 1273 gekommen. Es wird sich dort schon wer anderer finden
758 1215 2199 1325 der erste jugendliche Liebhaber oder der Regisseur
685 1304 2216 1412 oder ein Tiroler Lodenfabrikant. Und eine Garnison
681 1371 1529 1477 ist glücklicherweise auch dort.
750 1441 1541 1531 GUSTI wendet sich, will geben.
1568 1472 2206 1609 Du bleibst. Wir sind
741 1506 1535 1597 FELIX bält sie am Arm fest.
690 1574 1535 1668 noch nicht fertig miteinander.
762 1641 1302 1730 GUSTI. Ich schon.
746 1659 2212 1790 FELIX. Das wäre einfach. So einfah ist das aber
694 1769 2210 1861 nicht. Du weißt sehr gut, was das bedeutet, wenn du
694 1838 2210 1935 ins Engagement fahrst. Wenn du heute in die Welt
1597 1898 2214 1996 — darüber können wir
696 1913 1547 2014 hinausgehst ohne mich, dann
706 1981 2222 2070 uns doch keiner Täuschung hingeben — dann ist es
700 2025 2056 2147 aus! Aus! Weißt du, was das heißt, Gusti? Aus
698 2137 1626 2241 setzt sich, Kopf in den Händen. Pause.
764 2174 2230 2264 GUSTI tritt binter ibn, legt vorsichtig ihre Hand auf seinen
706 2237 2220 2367 Scheitel, er zuckt zusammen, will abwebren, sie streichelt seine Haare
712 2309 2222 2424 weiter. So komm doch zur Besinnung. Was hast du dir
712 2374 2139 2482 denn eigentlich vorgestellt, Felix? Du tust, als wenn
712 2444 2230 2550 Du hast doch vom ersten Moment an gewußt, daß ich
721 2536 1638 2621 ein Engagement annehmeà muß.
770 2573 2230 2693 FELIX. Aber nicht ### nicht so von heut auf
714 2656 2264 2750 morgen. Und hinter meinem Rücken sozusagen. Was
714 2721 2228 2828 für eine raffinierte Komödie hast du gespielt. Warum
721 2789 1996 2897 hast du mir's verschwiegen, daß du weggehst
783 2855 2232 2943 GUSTI. Du hast’s noch immer früh genug erfahren.
712 2920 2247 3030 Zu früh. Eigentlich hab' ich ganz im geheimen auf und
729 2986 2247 3115 davon wollen. Ja. Daß es in der Zeitung stehen wird,
729 3080 1557 3208 daran hab ich nicht gedacht.
1101 3184 1543 3317 Fischer-Verlag, Berlin
953 3275 1697 3410 Im Spiel der Sommerlüfte
1919 3294 2039 3447 55
1055 3370 1622 3445 1. Fahnenkorr. am 22. 8. 29
989 3414 1645 3528 Bibliographishes Institut, Leipzig
2708 2521 3159 2664 & fort
2525 2640 2689 2785 E.
2789 2716 2995 2814 eo
2997 2687 3209 2841 1
