<?xml version="1.0" encoding="UTF-8" standalone="yes"?>
<PcGts xmlns="http://schema.primaresearch.org/PAGE/gts/pagecontent/2013-07-15" xmlns:xsi="http://www.w3.org/2001/XMLSchema-instance" xsi:schemaLocation="http://schema.primaresearch.org/PAGE/gts/pagecontent/2013-07-15 http://schema.primaresearch.org/PAGE/gts/pagecontent/2013-07-15/pagecontent.xsd">
    <Metadata>
        <Creator>prov=READ-COOP:name=TrHtr:version=2.1.0:model_id=51170:date=25_07_2023_21:42</Creator>
        <Created>2023-05-10T13:56:19.145+02:00</Created>
        <LastChange>2023-07-25T21:42:26.158+02:00</LastChange>
        <TranskribusMetadata docId="1428599" pageId="55415656" pageNr="59" tsid="130829102" status="IN_PROGRESS" userId="64420" imgUrl="https://files.transkribus.eu/Get?id=XRLICOQDLTLUONQWJBAGWVXT&amp;fileType=view" xmlUrl="https://files.transkribus.eu/Get?id=ANLPFFOODBYAJRSFDFJPBHYD" imageId="44689764"/>
    </Metadata>
    <Page imageFilename="1428599_0059.jpg" imageWidth="3544" imageHeight="4040">
        <ReadingOrder>
            <OrderedGroup id="ro_1711789668928" caption="Regions reading order">
                <RegionRefIndexed index="0" regionRef="tr_1"/>
                <RegionRefIndexed index="1" regionRef="tr_2"/>
            </OrderedGroup>
        </ReadingOrder>
        <TextRegion id="tr_1" custom="readingOrder {index:0;}">
            <Coords points="605,379 2947,379 2947,1901 605,1901"/>
            <TextLine id="tr_1_tl_1" custom="readingOrder {index:0;}">
                <Coords points="2676,464 2701,461 2717,448 2739,470 2767,467 2767,367 2748,367 2742,360 2736,364 2729,360 2717,373 2714,370 2701,376 2692,385 2676,385"/>
                <Baseline points="2694,429 2739,429 2771,429"/>
                <TextEquiv>
                    <Unicode>b</Unicode>
                </TextEquiv>
            </TextLine>
            <TextLine id="tr_1_tl_2" custom="readingOrder {index:1;}">
                <Coords points="589,693 1902,718 2864,599 2886,511 592,555"/>
                <Baseline points="611,635 656,635 701,638 745,638 790,638 835,638 880,638 924,638 969,635 1014,635 1059,632 1103,632 1148,632 1193,629 1238,629 1283,626 1327,626 1372,623 1417,623 1462,620 1506,620 1551,617 1596,617 1641,620 1685,617 1730,617 1775,614 1820,614 1864,611 1909,614 1954,611 1999,611 2043,608 2088,608 2133,608 2178,608 2222,605 2267,602 2312,602 2357,599 2401,596 2446,596 2491,593 2536,593 2580,593 2625,590 2670,587 2715,587 2759,584 2804,584 2849,578 2894,572"/>
                <TextEquiv>
                    <Unicode>Josefa: Der Hofrat - sagten Sie es nicht selbst</Unicode>
                </TextEquiv>
            </TextLine>
            <TextLine id="tr_1_tl_3" custom="readingOrder {index:2;}">
                <Coords points="589,840 2798,783 2798,699 2651,667 592,740"/>
                <Baseline points="605,799 614,799 659,796 704,796 748,796 793,796 838,793 883,793 927,793 972,793 1017,790 1062,790 1106,790 1151,790 1196,787 1241,787 1285,787 1330,784 1375,784 1420,781 1465,781 1509,781 1554,778 1599,781 1644,778 1688,775 1733,775 1778,772 1823,772 1867,769 1912,769 1957,769 2002,766 2046,766 2091,763 2136,763 2181,760 2225,760 2270,757 2315,757 2360,754 2404,754 2449,754 2494,751 2539,751 2583,751 2628,748 2673,745 2718,742 2762,745 2807,742"/>
                <TextEquiv>
                    <Unicode>hat niemals nach kirblichen Beistand verlangt.</Unicode>
                </TextEquiv>
            </TextLine>
            <TextLine id="tr_1_tl_4" custom="readingOrder {index:3;}">
                <Coords points="592,1000 2626,959 2939,912 2943,815 1326,821 799,912 595,849"/>
                <Baseline points="608,936 620,936 665,942 710,945 754,948 799,948 844,948 889,948 933,945 978,945 1023,945 1068,942 1112,942 1157,939 1202,939 1247,942 1291,939 1336,936 1381,936 1426,936 1470,933 1515,933 1560,930 1605,930 1650,930 1694,927 1739,927 1784,927 1829,924 1873,921 1918,921 1963,918 2008,918 2052,918 2097,918 2142,916 2187,916 2231,916 2276,913 2321,913 2366,913 2410,907 2455,907 2500,907 2545,907 2589,904 2634,901 2679,901 2724,901 2768,901 2813,898 2858,898 2903,898 2947,898"/>
                <TextEquiv>
                    <Unicode>Sie sind doch immer nu als Freund bei ihm gewesen.</Unicode>
                </TextEquiv>
            </TextLine>
            <TextLine id="tr_1_tl_5" custom="readingOrder {index:4;}">
                <Coords points="592,1178 1326,1197 1658,1091 2012,1172 2112,1094 2858,1065 2639,965 2216,1031 595,1000"/>
                <Baseline points="611,1086 629,1089 674,1092 719,1098 763,1103 808,1103 853,1106 898,1103 942,1103 987,1103 1032,1101 1077,1098 1121,1101 1166,1101 1211,1098 1256,1098 1300,1098 1345,1095 1390,1095 1435,1092 1479,1092 1524,1089 1569,1089 1614,1089 1658,1086 1703,1086 1748,1086 1793,1083 1837,1083 1882,1083 1927,1080 1972,1077 2017,1077 2061,1074 2106,1071 2151,1074 2196,1071 2240,1071 2285,1071 2330,1071 2375,1071 2419,1068 2464,1068 2509,1065 2554,1065 2598,1059 2643,1059 2688,1059 2733,1056 2777,1056 2822,1053 2867,1053"/>
                <TextEquiv>
                    <Unicode>Kaplan: Heute Morgens - als ich an seinem Bette</Unicode>
                </TextEquiv>
            </TextLine>
            <TextLine id="tr_1_tl_6" custom="readingOrder {index:5;}">
                <Coords points="611,1319 2588,1338 2842,1304 2845,1181 614,1225"/>
                <Baseline points="629,1271 659,1271 704,1271 748,1268 793,1268 838,1265 883,1262 927,1262 972,1262 1017,1262 1062,1262 1106,1262 1151,1262 1196,1259 1241,1262 1285,1259 1330,1259 1375,1256 1420,1256 1465,1253 1509,1253 1554,1253 1599,1253 1644,1253 1688,1253 1733,1256 1778,1253 1823,1250 1867,1250 1912,1244 1957,1244 2002,1244 2046,1244 2091,1241 2136,1238 2181,1238 2225,1238 2270,1238 2315,1235 2360,1235 2404,1235 2449,1232 2494,1232 2539,1232 2583,1229 2628,1229 2673,1226 2718,1226 2762,1223 2807,1220 2852,1220"/>
                <TextEquiv>
                    <Unicode>sass - war in seinen Augen ein neuer ein himmli-</Unicode>
                </TextEquiv>
            </TextLine>
            <TextLine id="tr_1_tl_7" custom="readingOrder {index:6;}">
                <Coords points="605,1454 1968,1407 2269,1482 2748,1435 2833,1348 1429,1304 605,1376"/>
                <Baseline points="623,1426 644,1426 689,1426 734,1426 778,1426 823,1426 868,1423 913,1423 957,1420 1002,1420 1047,1420 1092,1420 1136,1420 1181,1414 1226,1417 1271,1417 1315,1414 1360,1417 1405,1414 1450,1414 1494,1411 1539,1411 1584,1411 1629,1408 1673,1408 1718,1408 1763,1405 1808,1405 1852,1402 1897,1402 1942,1402 1987,1402 2031,1399 2076,1399 2121,1399 2166,1396 2210,1396 2255,1393 2300,1396 2345,1393 2389,1393 2434,1393 2479,1387 2524,1390 2569,1390 2613,1387 2658,1387 2703,1387 2748,1387 2792,1384 2840,1383"/>
                <TextEquiv>
                    <Unicode>scher Glanz, wie ich ihn früher niemals gesehen.</Unicode>
                </TextEquiv>
            </TextLine>
            <TextLine id="tr_1_tl_8" custom="readingOrder {index:7;}">
                <Coords points="627,1667 1213,1576 1489,1651 1999,1561 2614,1601 2874,1567 2924,1467 630,1482"/>
                <Baseline points="647,1581 689,1578 734,1581 778,1581 823,1581 868,1578 913,1578 957,1575 1002,1575 1047,1572 1092,1575 1136,1572 1181,1572 1226,1569 1271,1569 1315,1569 1360,1566 1405,1566 1450,1566 1494,1566 1539,1563 1584,1563 1629,1563 1673,1563 1718,1560 1763,1560 1808,1557 1852,1560 1897,1554 1942,1554 1987,1554 2031,1554 2076,1551 2121,1551 2166,1548 2210,1548 2255,1545 2300,1545 2345,1548 2389,1545 2434,1545 2479,1545 2524,1545 2569,1545 2613,1542 2658,1542 2703,1539 2748,1539 2792,1539 2837,1539 2882,1536 2927,1533"/>
                <TextEquiv>
                    <Unicode>(lebhafter) Was wissen wir von den Stunden,da ein</Unicode>
                </TextEquiv>
            </TextLine>
            <TextLine id="tr_1_tl_9" custom="readingOrder {index:8;}">
                <Coords points="602,1789 2786,1761 2786,1651 2667,1633 605,1667"/>
                <Baseline points="623,1736 647,1736 692,1736 736,1739 781,1739 826,1739 871,1736 916,1736 960,1736 1005,1736 1050,1733 1095,1733 1139,1733 1184,1733 1229,1730 1274,1730 1318,1730 1363,1730 1408,1727 1453,1727 1497,1724 1542,1724 1587,1724 1632,1724 1676,1724 1721,1721 1766,1721 1811,1721 1855,1718 1900,1718 1945,1715 1990,1715 2034,1715 2079,1712 2124,1709 2169,1706 2213,1706 2258,1706 2303,1706 2348,1706 2392,1709 2437,1709 2482,1706 2527,1706 2571,1706 2616,1709 2661,1706 2706,1703 2751,1703 2795,1700"/>
                <TextEquiv>
                    <Unicode>Mensch sich dem Ende nahe fühlt? - was von dem</Unicode>
                </TextEquiv>
            </TextLine>
            <TextLine id="tr_1_tl_10" custom="readingOrder {index:9;}">
                <Coords points="617,1949 1463,1896 1673,1965 2131,1880 2429,1937 2899,1858 2642,1767 787,1849 620,1793"/>
                <Baseline points="635,1876 668,1882 713,1888 757,1888 802,1891 847,1891 892,1891 936,1888 981,1888 1026,1888 1071,1885 1115,1888 1160,1885 1205,1882 1250,1885 1294,1882 1339,1882 1384,1882 1429,1882 1473,1879 1518,1879 1563,1879 1608,1876 1652,1876 1697,1876 1742,1876 1787,1876 1832,1876 1876,1873 1921,1873 1966,1870 2011,1870 2055,1867 2100,1864 2145,1864 2190,1864 2234,1861 2279,1861 2324,1858 2369,1861 2413,1861 2458,1861 2503,1864 2548,1864 2592,1861 2637,1858 2682,1858 2727,1855 2771,1855 2816,1852 2861,1849 2906,1843"/>
                <TextEquiv>
                    <Unicode>Augenblick zwischen Leben und Tod? - Sein Hände-</Unicode>
                </TextEquiv>
            </TextLine>
        </TextRegion>
        <TextRegion id="tr_2" custom="readingOrder {index:1;}">
            <Coords points="629,1958 3159,1958 3159,3596 629,3596"/>
            <TextLine id="tr_2_tl_1" custom="readingOrder {index:0;}">
                <Coords points="627,2100 2852,2059 2886,1962 627,1981"/>
                <Baseline points="644,2046 656,2046 701,2046 745,2046 790,2049 835,2046 880,2049 924,2046 969,2046 1014,2043 1059,2043 1103,2040 1148,2040 1193,2040 1238,2040 1283,2040 1327,2037 1372,2037 1417,2037 1462,2034 1506,2034 1551,2031 1596,2031 1641,2031 1685,2031 1730,2031 1775,2031 1820,2028 1864,2028 1909,2028 1954,2028 1999,2025 2043,2028 2088,2025 2133,2025 2178,2025 2222,2022 2267,2022 2312,2022 2357,2022 2401,2020 2446,2020 2491,2020 2536,2020 2580,2017 2625,2017 2670,2014 2715,2011 2759,2011 2804,2011 2849,2008 2894,2008"/>
                <TextEquiv>
                    <Unicode>druck zum Abschied heute Morgens war ein anderer</Unicode>
                </TextEquiv>
            </TextLine>
            <TextLine id="tr_2_tl_2" custom="readingOrder {index:1;}">
                <Coords points="624,2247 2855,2212 2902,2093 624,2131"/>
                <Baseline points="641,2199 668,2199 713,2202 757,2202 802,2202 847,2202 892,2202 936,2199 981,2199 1026,2199 1071,2196 1115,2196 1160,2193 1205,2193 1250,2193 1294,2193 1339,2193 1384,2193 1429,2187 1473,2190 1518,2190 1563,2190 1608,2187 1652,2187 1697,2190 1742,2187 1787,2187 1832,2187 1876,2184 1921,2184 1966,2181 2011,2181 2055,2178 2100,2178 2145,2178 2190,2178 2234,2175 2279,2175 2324,2175 2369,2175 2413,2175 2458,2172 2503,2172 2548,2172 2592,2169 2637,2169 2682,2169 2727,2169 2771,2166 2816,2166 2861,2166 2906,2166"/>
                <TextEquiv>
                    <Unicode>als sonst. Eine Bitte, ein Flehen war darin. Ich</Unicode>
                </TextEquiv>
            </TextLine>
            <TextLine id="tr_2_tl_3" custom="readingOrder {index:2;}">
                <Coords points="614,2404 3012,2341 3012,2222 2814,2203 2520,2291 617,2275"/>
                <Baseline points="632,2357 644,2357 689,2357 734,2354 778,2354 823,2354 868,2354 913,2351 957,2351 1002,2348 1047,2348 1092,2351 1136,2348 1181,2348 1226,2348 1271,2345 1315,2345 1360,2345 1405,2342 1450,2342 1494,2342 1539,2342 1584,2342 1629,2342 1673,2345 1718,2342 1763,2342 1808,2345 1852,2342 1897,2339 1942,2336 1987,2336 2031,2336 2076,2333 2121,2333 2166,2333 2210,2330 2255,2330 2300,2330 2345,2327 2389,2327 2434,2324 2479,2324 2524,2318 2569,2318 2613,2318 2658,2321 2703,2321 2748,2318 2792,2318 2837,2315 2882,2315 2927,2318 2971,2318 3016,2315"/>
                <TextEquiv>
                    <Unicode>höre seine Worte noch: "Kommen Sie heute Abend wie-</Unicode>
                </TextEquiv>
            </TextLine>
            <TextLine id="tr_2_tl_4" custom="readingOrder {index:3;}">
                <Coords points="624,2545 849,2498 956,2551 1081,2507 1752,2535 1733,2413 1655,2447 1432,2407 1310,2454 1225,2407 1131,2451 762,2388 624,2410"/>
                <Baseline points="641,2509 686,2506 731,2506 775,2506 820,2500 865,2497 910,2500 954,2500 999,2500 1044,2500 1089,2503 1133,2500 1178,2500 1223,2500 1268,2497 1312,2497 1357,2497 1402,2497 1447,2497 1491,2494 1536,2494 1581,2494 1626,2494 1670,2494 1715,2488 1760,2488"/>
                <TextEquiv>
                    <Unicode>der" - Er wartet meiner.</Unicode>
                </TextEquiv>
            </TextLine>
            <TextLine id="tr_2_tl_5" custom="readingOrder {index:4;}">
                <Coords points="624,2726 2494,2755 3065,2704 3068,2523 627,2585"/>
                <Baseline points="641,2655 659,2658 704,2658 748,2658 793,2658 838,2661 883,2658 927,2658 972,2658 1017,2655 1062,2655 1106,2655 1151,2655 1196,2655 1241,2655 1285,2655 1330,2655 1375,2652 1420,2652 1465,2652 1509,2649 1554,2649 1599,2649 1644,2649 1688,2649 1733,2646 1778,2646 1823,2646 1867,2646 1912,2643 1957,2646 2002,2646 2046,2646 2091,2646 2136,2643 2181,2643 2225,2640 2270,2640 2315,2637 2360,2637 2404,2637 2449,2634 2494,2634 2539,2634 2583,2634 2628,2631 2673,2631 2718,2631 2762,2628 2807,2628 2852,2628 2897,2628 2941,2628 2986,2625 3031,2625 3076,2631"/>
                <TextEquiv>
                    <Unicode>Josefa: Des Freundes. Gewiss. Gibt es ein heiligeres</Unicode>
                </TextEquiv>
            </TextLine>
            <TextLine id="tr_2_tl_6" custom="readingOrder {index:5;}">
                <Coords points="627,2874 658,2867 674,2880 711,2880 736,2864 752,2877 762,2867 783,2867 793,2877 837,2874 834,2745 812,2748 790,2726 746,2755 680,2739 642,2773 624,2773"/>
                <Baseline points="644,2813 689,2813 734,2816 778,2816 823,2816 844,2819"/>
                <TextEquiv>
                    <Unicode>Amt?</Unicode>
                </TextEquiv>
            </TextLine>
            <TextLine id="tr_2_tl_7" custom="readingOrder {index:6;}">
                <Coords points="608,3046 2886,3021 2886,2871 2751,2836 1178,2918 611,2861"/>
                <Baseline points="629,2965 656,2968 701,2968 745,2968 790,2968 835,2971 880,2971 924,2971 969,2968 1014,2968 1059,2965 1103,2965 1148,2965 1193,2962 1238,2962 1283,2959 1327,2959 1372,2959 1417,2956 1462,2959 1506,2959 1551,2956 1596,2956 1641,2953 1685,2956 1730,2956 1775,2956 1820,2956 1864,2956 1909,2953 1954,2950 1999,2950 2043,2950 2088,2950 2133,2950 2178,2947 2222,2950 2267,2947 2312,2944 2357,2947 2401,2947 2446,2944 2491,2944 2536,2941 2580,2941 2625,2941 2670,2938 2715,2938 2759,2941 2804,2938 2849,2938 2894,2938"/>
                <TextEquiv>
                    <Unicode>Kaplan: Des Priesters wartet er, Frau Josefa. Er</Unicode>
                </TextEquiv>
            </TextLine>
            <TextLine id="tr_2_tl_8" custom="readingOrder {index:7;}">
                <Coords points="627,3187 3037,3137 3040,3015 630,3049"/>
                <Baseline points="644,3126 671,3126 716,3126 760,3126 805,3126 850,3129 895,3126 939,3129 984,3126 1029,3126 1074,3126 1118,3123 1163,3123 1208,3123 1253,3123 1297,3121 1342,3121 1387,3121 1432,3121 1476,3121 1521,3121 1566,3121 1611,3121 1655,3121 1700,3121 1745,3121 1790,3118 1835,3118 1879,3118 1924,3115 1969,3115 2014,3112 2058,3112 2103,3112 2148,3112 2193,3112 2237,3109 2282,3109 2327,3109 2372,3112 2416,3109 2461,3106 2506,3106 2551,3106 2595,3106 2640,3103 2685,3103 2730,3103 2774,3103 2819,3100 2864,3103 2909,3100 2953,3100 2998,3100 3043,3097"/>
                <TextEquiv>
                    <Unicode>weiss, dass ich es bin. Von einem Mal zum andern hab</Unicode>
                </TextEquiv>
            </TextLine>
            <TextLine id="tr_2_tl_9" custom="readingOrder {index:8;}">
                <Coords points="624,3369 1112,3290 1579,3369 2147,3275 2886,3284 2886,3190 2661,3153 627,3187"/>
                <Baseline points="641,3285 656,3285 701,3282 745,3282 790,3285 835,3285 880,3282 924,3279 969,3279 1014,3279 1059,3279 1103,3279 1148,3279 1193,3276 1238,3276 1283,3276 1327,3276 1372,3273 1417,3279 1462,3273 1506,3273 1551,3273 1596,3270 1641,3270 1685,3270 1730,3270 1775,3270 1820,3270 1864,3267 1909,3267 1954,3267 1999,3267 2043,3264 2088,3264 2133,3264 2178,3264 2222,3264 2267,3264 2312,3264 2357,3261 2401,3261 2446,3261 2491,3258 2536,3258 2580,3261 2625,3258 2670,3258 2715,3258 2759,3258 2804,3258 2849,3258 2894,3255"/>
                <TextEquiv>
                    <Unicode>ich dringender, hoffnungsvoller in meiner</Unicode>
                </TextEquiv>
            </TextLine>
            <TextLine id="tr_2_tl_10" custom="readingOrder {index:9;}">
                <Coords points="636,3460 3115,3469 3156,3319 2131,3397 636,3347"/>
                <Baseline points="653,3431 698,3434 742,3440 787,3443 832,3440 877,3440 921,3437 966,3434 1011,3434 1056,3434 1101,3434 1145,3434 1190,3434 1235,3431 1280,3431 1324,3434 1369,3434 1414,3434 1459,3431 1503,3431 1548,3431 1593,3428 1638,3428 1682,3428 1727,3425 1772,3425 1817,3425 1861,3422 1906,3422 1951,3422 1996,3422 2040,3425 2085,3422 2130,3422 2175,3422 2219,3422 2264,3425 2309,3422 2354,3422 2398,3422 2443,3419 2488,3419 2533,3419 2577,3416 2622,3419 2667,3419 2712,3419 2756,3419 2801,3422 2846,3422 2891,3419 2936,3419 2980,3419 3025,3419 3070,3416 3115,3416 3159,3416"/>
                <TextEquiv>
                    <Unicode>Sigenschaft als Priester zu ihm gesprochen. Von allem,</Unicode>
                </TextEquiv>
            </TextLine>
            <TextLine id="tr_2_tl_11" custom="readingOrder {index:10;}">
                <Coords points="667,3623 2642,3651 3008,3610 3008,3472 667,3482"/>
                <Baseline points="686,3583 689,3583 734,3583 778,3586 823,3586 868,3586 913,3586 957,3583 1002,3583 1047,3583 1092,3580 1136,3580 1181,3583 1226,3583 1271,3580 1315,3580 1360,3580 1405,3580 1450,3580 1494,3577 1539,3577 1584,3577 1629,3577 1673,3574 1718,3574 1763,3574 1808,3574 1852,3574 1897,3574 1942,3571 1987,3577 2031,3574 2076,3574 2121,3574 2166,3574 2210,3574 2255,3574 2300,3571 2345,3571 2389,3571 2434,3571 2479,3571 2524,3571 2569,3568 2613,3568 2658,3568 2703,3568 2748,3568 2792,3568 2837,3568 2882,3565 2927,3565 2971,3565 3016,3559"/>
                <TextEquiv>
                    <Unicode>was im Lauf dieser letzten Stunden sich in mir be-</Unicode>
                </TextEquiv>
            </TextLine>
        </TextRegion>
    </Page>
</PcGts>
