6072 6120
3886 57 5493 151 ihm ungarisches Kavauerteausgevor zugesichert, er rief
2230 90 3837 199 Provinzen des Reiches bildeten sich Landwehrbataillone
684 94 2173 224 Wir feiern die Gedenktage des Jahres 1809 nicht mit
3878 142 5489 220 die Wiener zur Verteidigung der Stadt, erinnerte die
2226 175 3829 260 Wien stellte sechs Bataillone, Triest vier. Heinrich von
545 179 2169 277 Freudenfesten, dazu bieten die historischen Ereignisse
3882 208 5477 301 Bürger an ihre Großtaten zur Zeit der Türkenbelagerung
2234 236 3825 334 Collin dichtete seine Wehrmannslieder, Gyrowetz und
557 252 2173 366 jenes weltgeschichtlichen Jahres keinen Anlaß. War es
3878 260 5485 350 warb die Jugend zum Freiwilligendienste. Aber die
2213 289 3825 395 Weigl setzten sie in Musik; sie erklangen allenthalben
557 321 2165 423 doch die Zeit der größten Verluste, des Jammers und der
3882 342 5468 423 Wiener Bevölkerung war recht kleinmütig, die Mißerfolge
2226 362 3833 472 und fanden ein jubelndes Echo. Die Patrioten Deutsch
570 366 2165 492 schrecklichen Verarmung für Reich und Volk. Aber auch
2222 411 5477 541 lands besuchten Wien, der Adel, der vielsach nach Geburt der Hauptarmee hatten entmutigt, die Flucht zahlreicher
570 464 2181 561 die Zeit des strahlendsten Kriegsruhmes. Der Heldenmut
3882 468 5472 561 begüterter Familien, die Entwertung aller Papiere, das
561 509 3833 618 der Kämpfer der kaiserlichen Armee wurde in allen und Geschlecht aus dem Deutschen Reiche stammte, dort
3878 533 5472 643 Stocken jeglichen Handels hatten große Niedergeschlagen.
2238 570 3829 667 seine Güter verloren, durch die Mediatisierung Rechte und
582 590 2173 700 Zungen gepriesen, die Welt sprach mit Enthusiasmus von
3878 602 5472 700 heit hervorgerufen. Erzherzog Rainer machte kein
2234 639 3825 741 Einkommen eingebüßt hatte, beteiligte sich mit großer
566 667 2165 761 Oesterreichs kühnem Unternehmen, nach dem Versagen de
3886 663 5472 765 Hehl daraus, daß der Widerstand angesichts des trost
2226 712 3829 838 Opfern an der Bewegung, die auch nach Ungarn hin
574 720 2173 822 Allianzen allein den Kampf wider Napoleons Gewalt
3886 724 5493 818 losen Zustandes der Befestigungen nutzlos sei. Militärische
2234 773 3829 867 übergriff. Die ungarischen Reichstage von Ofen un
582 789 2181 895 herrschaft aufzunehmen, man bewunderte die Lebenskraft
3894 802 5477 879 Stimmen wurden laut, daß nur die Wälle der inneren
2234 830 3829 952 Preßburg zeigten eine seltene Eintracht zwischen Köni
3882 859 5477 960 Stadt, die Leopoldstadt und die Donauinseln allenfalls
570 867 2177 960 dieses Staates nach all den Kriegen und Katastrophen
2234 899 3841 1005 und Volk. Die Stände bewilligten reiche Mittel für frei¬
570 924 2177 1029 den Widerstand, die Opferwilligkeit der Völker diese
3890 899 5485 1025 zu halten seien. Der junge Erzherzog Max, Bruder der
2226 960 3833 1074 willige Werbungen, 12.000 Mann und dann 20.000
582 993 2177 1094 Reiches, die Einigkeit von Fürst und Volk, vor allen
3886 989 5489 1094 stets kriegslustigen Kaiserin Maria Ludovica, war nicht
2246 1025 3845 1135 Mann zur Ergänzung der Regimenter und durch
3886 1054 5477 1151 zu überzeugen. Er bot den Landsturm auf, ließ die
582 1066 2197 1160 die rühmenswerte Tapferkeit der Armee, das Ausharren
2238 1103 3825 1204 drei Jahre das Recht, die „Insurrektion" aufzurufen
2238 1123 5477 1269 Alle edlen Geister Deutschlands, der geächtete Staatsmann
586 1135 2185 1233 der Kaiserlichen im Angesicht des ringsum mähenden
582 1192 2189 1294 Todes, die „Thermopylenkämpfer" am Predil und be¬
3886 1184 5489 1282 und Verhaue anlegen, Waffen an die Burgerschaft
2242 1229 3841 1355 Freiherr v. Stein voran — alles Guten Grundstein
3886 1253 5489 1343 verteilen. Es fehlte aber an Arbeitern, statt
602 1253 2181 1359 Malborghet, das Fußvolk bei Aspern. Auf Oesterreich
2246 1294 3841 1408 alles Bösen Eckstein, Deutschlands Edelstein — Gneisenau
3906 1322 5472 1400 12.000 wurden nur 7000 aufgebracht. Die Ver
590 1335 2181 1448 Beispiel wiesen die großen preußischen Patrioten hin
2250 1355 3845 1473 Blücher, Scharnhorst — der letztgenannte wollte ein
3886 1379 5477 1469 pflegung der Garnison machte. Schwierigkeiten, es fehlte
598 1383 2185 1501 an ihm erhoben sich die Gemüter, es war und blieb di¬
2238 1432 3845 1530 preußische Legion für Oesterreich werben — Gra
3882 1444 5472 1546 an Schlachtvieh. Minister Graf Chotek schrieb an den
598 1457 2169 1571 Hoffnung für die Befreiung Deutschlands. Der Kult de
2238 1497 3845 1615 Münster, der Herzog von Braunschweig waren begeister
2250 1518 5493 1676 für den Krieg, den Oesterreich auf sich zu nehmen im Kaiser, er bitte, auf die Verteidigung der Stadt zu ver¬
590 1522 2185 1619 Heroischen ist nun einmal ein Bedürfnis für die Seel
3898 1575 5481 1656 zichten. Der Kaiser, wie wir seinem nun veröffent¬
590 1587 2189 1689 der Menschen. Der Krieg mit seinen Schrecknissen enthält
2246 1623 3841 1729 Begriffe war. Die besten Federn Deutschlands stellten sich
3894 1640 5464 1721 lichten „Reisetagebuche" entnehmen, wandte sich an Karl
598 1664 2185 1766 doch auch eine mächtige Poesie, er löst die schönste
2250 1689 3849 1786 in den Dienst der kaiserlichen Sache. Gentz verfaßte das
3886 1713 5460 1790 Dieser meinte, bis zur Ankunft der Armee ließe sich die
598 1709 2189 1819 Mannestugenden aus. So sind die Gedenktage von 180
3906 1754 5493 1847 Stadt halten, aber die Möglichkeit eines Vorsprunges
2246 1754 3841 1859 berühmte manifest des Kaisers,...Friedrich Schlegel den
1607 1774 2201 1908 die Armee, doch
598 1802 1514 1892 zunächst wichtige Erinnerungen
2262 1815 3841 1933 schwungvollen Aufruf des Erzherzogs Karl an die deutsch
3886 1831 5489 1908 der französischen Armee sei immerhin gegeben. Darauf
598 1863 1505 1973 nicht minder für das ganze Vo
3894 1876 5477 1973 befahl der Kaiser, nur die Brücken zu zerstören und die
2258 1876 3837 2010 National Nach den neuesten Veröffentlichungen des Kriegs
724 1868 2197 2034 Hier sei einmal von Wien die Rede, seinen Leider
2238 1965 3829 2063 archivs betrug der Stand der Feldtruppen am 1. Mär
3902 1941 5493 2043 Landwehr vor blutigem Kampfe zu bewahren. Noch
590 1969 2197 2079 und Kämpfen, von jenem Herzen des Reiches, in
3898 2018 5481 2104 dachte damals Karl, eiligst dem Feinde nach Kremsier
2250 2010 3841 2132 1809 über 470.000 Mann und 44.200 Pferde. Effektiv
610 2034 2185 2144 welchem der mächtigste Widerhall der Klagen zu hören
3906 2079 5489 2173 entgegenzurücken, ihm in den Rückens zu fallen. Bürger¬
2250 2079 3845 2185 ausgerückt waren 280.000 Mann und 40.000 Pferde und
602 2104 2193 2193 war. Vom 20. Mai bis zum 18. Novembe
3898 2144 5493 2234 korps, Studenten und Künstler, pensionierte Soldaten
2250 2148 3841 2262 eine Artillerie mit 750 Stücken. Schon Ende Januar sal
590 2165 2185 2274 dauerte die Okkupation der Stadt durch die Franzosen
2258 2222 3853 2315 man in Wien die Bürgermiliz ihre militärischen Uebungen
3918 2209 5505 2295 und die 36.000 Mann O’Reillys sollten nach dem Plane
663 2226 2197 2327 Es war nicht das erstemal in den Franzosenkriegen, daß
2250 2278 5501 2388 machen. Man wußte Napoleon in Spanien, um die des Erzherzogs Max die Stadt verteidigen. Es kamen
671 2295 2189 2401 sien in Kriegsnot geriet. Als Bonaparte im Früh
3902 2335 5493 2445 nur 8000 Landwehrmänner, die Vorstädte wurden preis¬
2254 2344 3849 2462 Lage nach den Niederlagen zu verbessern. Das gab gut
627 2368 2193 2474 jahre 1797 nach seinen Siegen in Italien in Inner
3906 2401 5493 2502 gegeben. Am 9. Mai erschien Marschall Lannes in
602 2429 2197 2519 österreich bis nach Obersteiermark vordrang, empfan¬
2258 2449 2616 2559 Hoffnungen.
2360 2429 3845 2592 Am 6. April 1809 kam Erzherzog Karl nach Ober
3898 2462 5493 2563 Hütteldorf. Von der Wasserkunst- bis zur Mölkerbastei
602 2494 2197 2588 Wien nach langer Zeit die Schrecken einer Invasion
3918 2539 5485 2628 sollten die Verteidiger operieren. Am 10. Mai besetzten
2258 2527 3845 2653 österreich und kündigte dem Obergeneral der französischen
700 2559 2193 2677 rzherzog Karl war Rhein siegreich, aber auf italien
3906 2600 5481 2698 die Franzosen Döbling und von da die Linie bis
2270 2604 3857 2718 Truppen in Bayern den Krieg an, der mit dem Einfal
692 2620 2217 2734 em Schauplatze eilte das Kriegsgenie Bonapartes von
3902 2645 5489 2763 Simmering. An demselben Tage zog das französische
614 2673 3857 2795 Sieg zu Sieg. Der Kaiser verkündigte den Wienern die der Kaiserlichen in Bayern in den Tagen vom 10. bis
3906 2738 5489 2828 Hauptquartier in Schönbrunn ein. Die Aufforderung zur
2262 2734 3837 2852 15. April begann. So lange Napoleon selbst fern blieb
623 2755 2201 2848 Gefahr, rief sie zur Verteidigung der Stadt auf, un
3910 2799 5485 2889 Uebergabe blieb ohne Erfolg. Berthier empfing eine
627 2803 3849 3003 gerüstet hatte, welches sich tapfer schlug und überall mit hatten die französischen Marschälle, ohne ihn und doch
614 2816 2209 2925 Wien, das ein Jahr vorher ein Freiwilligenkorps aus
3906 2848 5485 2966 Deputation und forderte sie auf, den Erzherzog Max
2250 2873 3857 2982 ganz abhängig von seinen Instruktionen, keine großen
3906 2934 5497 3035 zur Uebergabe der Stadt zu veranlassen, „sonst würde
2262 2938 3837 3039 Erfolge. Am 18. April war Napoleon an der Dona
614 2958 2209 3080 Auszeichnung kämpste — im städtischen Waffenmuseum
3918 2986 5493 3088 eine der schönsten Städte Europas unfehlbar dem Ruin
2270 3011 3857 3117 seine raschen Aktionen, seine Aufklärungsdispositionen
623 3019 2213 3129 sieht man seine zerrissene Fahne — stellte ein Aufgebo
3910 3060 5493 3157 verfallen“. Napoleon sandte Besnard nach der Breite
635 3076 2201 3182 von 8 O76 Mann, dazu seine Bürgerwehr von 750
2270 3064 3857 3182 die sofort klare Situationen schaffen und die General
3918 3113 5477 3231 gasse (Spittelberg), dieser ließ ein Haus durchbrechen
2258 3141 3849 3263 exakt, energisch und harmonisch arbeiten lassen, zerstörer
627 3145 2222 3255 Mann. Der Waffenstillstand von Leoben, dem bald der
3918 3194 5493 3271 um auf die Höhe der kaiserlichen Stallungen zu gelangen,
635 3210 2205 3320 Friede folgte, machte den Gefahren ein Ende. Der Fein
2270 3206 3865 3316 alle Kombinationen Karls. Napoleon ergreift die Offensive
3906 3247 5501 3345 dort Batterien aufrichten, und nun begann die Be¬
2274 3271 3861 3393 gegen Landshut mit rücksichtsloser Energie. Noch geht das
635 3288 2209 3385 war Wien ferngeblieben. Schlimmer war es 1805. Nach
3922 3316 5501 3414 schießung aus zwanzig Haubitzen bis 3 Uhr morgens.
2274 3332 3861 3442 österreichische Gros gegen Eggmühl und Regensburg
627 3349 2222 3438 den Katastrophen von Ulm und Austerlitz zog Napoleon
3930 3369 5497 3479 Von den Basteien antworteten die Schüsse der Belagerten
639 3406 2217 3511 gegen Wien, welches rasch ein Freiwilligenkorps aufge
2274 3414 3861 3536 Aber Karl ließ es an einem kraftvollen Angriff gege¬
2283 3446 5497 3576 Davoust fehlen, er wußte nichts von den Unfallen seines  Die Truppen Napoleons drangen von der Donauseite
639 3479 2217 3589 stellt und seine Bürgerwehr gesammelt hatte. An
3930 3511 5505 3605 nach der Leopoldstadt. Jetzt zog Erzherzog Max mit
2262 3528 3869 3633 linken Flügels, zu spät ergriff er die Offensive. Rasch geht
639 3532 2226 3654 9. November 1805 begab sich eine ständische und städtisch
3910 3576 5493 3670 Truppen und Landwehr über eine Donaubrücke hinaus
2270 3601 3865 3715 Μapoleon auf Regensburg los, die Oesterreicher zu um
627 3613 2217 3703 Deputation nach St. Pölten zu Murat und bat und
3922 3642 5517 3747 und gab Befehl zur Uebergabe. Napoleon hatte den
2283 3670 3873 3784 klammern, zu vernichten, ist sein Ziel. Die Schlacht vom
639 3662 2209 3764 Schonung der Stadt. Er sagte zu, wenn die groß
2262 3715 5505 3849 22. April ist eine völlige Niederlage der Kaiserlichen und einstigen Botschafter in Wien Andreossy zum Gouverneur
647 3739 2234 3853 Taborbrücke abgebrannt werde. In Sieghartskirchen hörte
3926 3776 5493 3869 ernannt, der in Mariahilf im Kaunitz-Palais residierte
643 3796 2230 3902 Νapoleon den Protest der Deputierten gegen diese Be
2283 3800 3869 3906 hatte einen Verlust von 10.700 Mann zur Folge. Vier Tag
3922 3845 5525 3943 die Verwaltung regelte, und die Bevölkerung entwaffnete.
639 3878 3878 4032 Murat durch das Burgtor in Wien ein. Murat eilte mit hatten sie sich tapfer geschlagen, aber ihre Offiziere und
647 3873 2234 3967 dingung. Am 13. November zog die Avantgarde unter
2319 3906 5517 4040 ihr Geschütz verloren. Ueber die Donau zurück und nach Graf Bissingen wurde Regierungspräsident, an der
2315 3967 5501 4109 Böhmen scheint Karl die einzige Rettung. Gegen Spitze der Gemeinde verblieb Bürgermeister Wohl
659 3996 2238 4118 seinem Korps nach dem Tabor und bemächtigte sich mit
3934 4032 5509 4138 leben. Viereinhalb Millionen Gulden nahmen die
651 4061 2242 4170 einer listigen Vorspiegelung, als ob der Friede schon ab¬
2287 4069 3882 4191 rapoleons Taktik mit den Truppen, die beweglich in
3943 4097 5505 4207 Sieger sofort aus der Stadtkasse und schrieben Liefe
651 4130 2238 4244 geschlossen wäre, der großen Taborbrücke. Zwei Monat
2287 4130 3886 4288 Schützenschwärmen kämpften, konnte Karl nicht auf
3930 4158 5529 4264 rungen aus. In Gewaltmärschen war Hiller angerückt,
651 4191 2238 4313 hielten die Franzosen (13. November 1805 bis
3943 4236 5513 4341 zu spät für Wiens Entsatz! Auf der Schmelz lagerten
2295 4236 2527 4325 kommen
647 4256 2234 4366 12. Januar 1806) Wien besetzt. Napoleon residierte in
2396 4236 3886 4394 Kaiser Franz war auf das tiefste erschüttert und ent
3930 4297 5505 4431 die Franzosen wie auf den Höhen des Wienerwaldes
651 4329 2238 4419 Schönbrunn, Murat im Albertinischen Palais auf de
659 4345 3882 4496 Augustiner=Bastei, der Stadtkommandant Hulie im täuscht. Er hatte sich am 8. April zur Armee begeben
3943 4370 5529 4463 in St. Pölten Massena, an allen westlichen Orten um
2295 4402 3886 4512 Im Schweizerhofe herabschiedete er sich von seiner Gemahlin
3934 4435 5525 4541 Wien bis Melk die Franzosen. Nachts kündigten Lager-
651 4463 2238 4553 Lobkowitz=Palais, Gouverneur Daru im Amalienhof de
651 4476 3890 4614 Burg, wo auch Talleyrand wohnte. Es war eine un= und den Kindern und den Brüdern Rainer und Erzbischo
2295 4500 5171 4626 Rudolf. Es war ein trüber Morgen mit Schnee und feuer an, daß Napoleon Herr der Stadt sei.
4044 4500 5529 4655 Auf dem Wege von Horn nach Maissau begegnete
651 4594 2250 4683 blutige Okkupation. Aber die materiellen Opfer waren
659 4610 3882 4760 drückend: Kontributionen, Requisitionen, Ehrengaben Regen. Eine große Menschenmenge blickte mit Rührun
3947 4618 5533 4732 der Kaiser Franz dem flüchtigen Erzherzog Max d'Este,
2307 4679 3890 4809 zu ihm empor. Vor der Mariahilferkirche hielt der
2299 4691 5538 4850 Reisewagen, der Kaiser trat in die Kirche und der ihm die Nachricht von der Kapitulation, den Rückung
663 4720 2250 4813 für die Marschälle; die Not war groß. Die Stadt wi¬
2307 4760 5525 4903 richtete ein Gebet zur Maria vom Siege. der Besatzung auf das linke Donauufer meldete. Der
667 4773 2254 4895 die Provinzen wurden ausgesogen, das Land Nieder¬
2299 4813 5529 4972 Dann ging es fort über Kemmelbach nach Haag. Gute Kaiser war äußerst bewegt und konnte seinen Unmut, nicht
663 4858 2250 4952 österreich zahlte 50 Millionen Gulden, die Stadt Wien
3955 4895 5529 4992 verbergen ; in Ungnade befahl er dem Erzherzog, sich auf
671 4927 2254 5017 eine Kontribution von 14 Millionen. Der Preßburger
675 4939 3894 5090 Friede, welcher die Stadt befreite, enthielt die härtesten Nachrichten kamen aus Italien vom Erzherzog Johann
3955 4956 5529 5062 die Festung Komorn zu begeben. Sofort erbat der Prinz,
2299 5005 3882 5090 auch aus Warschau, das Erzherzog Ferdinand besetzte
3951 5029 5525 5147 seine Charge niederlegen und sich ins Ausland begeben
671 5057 2258 5151 Bedingungen, die größten Demütigungen. Alle deutschen
2299 5070 3898 5196 Aber Hiller hatte in den Tagen vom 22. bis 26. Apri
3959 5090 5517 5216 zu dürfen. Darauf erwiderte der Kaiser, etwas milde
684 5114 2250 5216 Besitzungen in den Vorlanden am Oberrhein und in
2319 5135 3898 5236 Bayern geräumt, und noch schlimmer waren die Miß¬
3951 5143 5533 5269 gestimmt, er gestatte ihm, nach Ofen und später nach
663 5188 2262 5273 Schwaben gingen verloren, der Kaiser mußte aller
2307 5212 3898 5326 erfolge der Hauptarmee bei Regensburg. Die Verluste be
3947 5224 5533 5326 Siebenbürgen zu gehen, doch müsse er der Arme
684 5232 2250 5346 Lehensrechten der deutschen Kaiserwürde entsagen, Tirol
2319 5269 3890 5407 trugen bereits 30.000 Mann. Die Tore nach Oesterreich
2299 5289 5558 5501 waren offen. Napoleon aber beginnt schon mit lieber¬  sembleiben. Navolson residierte in Schönbrunn, gönnete
675 5326 2250 5420 die mächtige Grenzfestung, Venetien, Istrien, Dalmatien
684 5379 2270 5546 gingen verloren, Oesterreich wurde vom Meere abgesperrt,
