4264 6216
2038 71 3603 138 kande, schrieb der ehemalige Kupeumeister Friedrichs de¬
497 71 1821 166 Eine Automoottoinbung zwi
1601 126 1967 213 gen.] Aus
2030 134 3631 213 Großen, Reichhardt, der sich gerade damals in Wien auf¬
359 126 1616 209 der Bukowina und Siebenbür¬
347 197 1979 268 Czernowitz, 17. d., wird uns berichtet: Reichsrats¬
2026 193 3619 284 hielt, in sein Taschenbuch. Und mitten in die allgemeine
355 260 1975 339 abgeordneter Graf Bellegarde hat dem Ministerpräsidenten
2019 268 3615 367 Lustbarkeit gellte der Krieg. Maria Ludovika, die jugend
355 319 1967 394 Baron Bienerth ein Memorandum überreicht, in welchem
2046 319 3619 410 lich schöne Gemahlin des Kaisers Franz, wollte ihn. Sie
355 382 1967 453 die Forderung nach Errichtung einer Automobillinie von dem
2026 390 3619 469 haßte Napoleon. Und ihr Bruder, der Erzherzog Fer¬
355 438 1967 520 Kurorte Dornawatra in der Bukowina nach Bistritz
2026 465 3619 544 dinand, nährte so eifrig diesen Haß, daß man ihn nicht
355 501 1967 576 in Siebenbürgen gestellt wird. dadurch würde eine direkt¬
2019 528 3615 615 anders nannte als die „Kriegstrompete“. Noch fliegen au
355 560 1971 639 Verbindung zwischen der Bukowina und Siebenbürgen her
2015 591 3627 670 der Straße nach Schönbrunn flinke Läufer vor schau¬
371 615 1979 710 gestellt sein. Die Automobillinie soll sowohl für den Güter¬
2026 658 3619 741 kelnden Karossen einher. Heil beleuchtet sind alle Fenster
355 674 1553 777 als den Personenverkehr eingerichtet werden.
2019 733 3631 812 des kaiserlichen Schlosses. Aber gar ernste Dinge werden
481 721 1983 840 [Der Schmuck der russischen Prima¬
2019 804 3619 875 besprochen. Lächelnde Höflinge begegnen nachdenklichen
367 812 1971 895 ballerina Anna Pawlowna.] Aus Berlin wird
347 871 1967 958 uns gemeldet: Anna Pawlowna, die hier zur Zeit so
2026 856 3619 938 Staatsmännern und finsteren Offizieren. Weiße Waffen-
367 942 1959 1017 überaus geseierte Primaballerina des russischen Hofballeits
2019 934 3615 1009 röcke, weiße, umständliche Halsbinden. Da ist Graf
355 990 1959 1068 hatte gestern nachts ihren herrlichen Brillantschmuck, der einen
2026 994 3619 1084 Metternich der junge Vertreter des österreichischen Hofes
347 1061 1959 1143 Wert von 100.000 Mark haben soll, verloren. Sie war gestern
2019 1072 3615 1171 zu Paris. Die Stirne von einer übermütigen Locke ge¬
359 1112 1959 1191 abends im neuen königlichen Opernhause nach ihrer Woh
2026 1139 3627 1238 peitscht, lachend die Augen, spöttisch der Mund. Schlank
347 1187 1967 1246 nung in einem hiesigen Hotel gefahren und hatte in einer
2030 1206 3619 1301 und schmiegsam die Gestalt, der man es anmerkt, wie
359 1242 1955 1309 Handtasche den Schmuck verwahrt. Beim Aussteigen vergaf
2026 1266 3627 1348 wohl sie sich im engen Diplomatenfrack fühlt. Da ist
363 1281 1948 1384 sie die Tasche, und als sie nach einer Weile den Abgan
2019 1325 3619 1411 Graf Stadion, dessen kluge Augen ganz schief gestellt
367 1368 1959 1439 entdeckte, war der Kutscher nicht mehr zu eruieren. Zu ihrer
2019 1400 3619 1494 sind, darunter tiefe Tränensäcke, die dünnen, glatten Lippen
371 1423 1971 1494 großen Freude erhielt sie heute die Nachricht, daß der
2015 1467 3631 1542 von strengen Falten gedrosselt. Und hinter den Diplo¬
367 1478 1967 1553 Kutscher die Tasche auf dem Polizeipräsidium abgegeben habe.
2038 1534 3619 1609 naten die Generale. Das autmütige Prälatengesicht des
363 1534 1888 1612 Er erhielt als Belohnung von der Künstlerin 800 Mark.
481 1597 3647 1691 [Selbstmord einer Dame in Berlin.] Aus Freiherrn v. Hiller, die wilb gesträubte, buschige Mähne¬
359 1648 1979 1735 Berlin wird uns berichtet: Frau Dr. Wedekind, die
2026 1656 3631 1750 des Grafen Bellegarde, die verknissenen Lippen und an¬
378 1711 1959 1790 vor einigen Tagen einen Selbstmordversuch beging, weil si¬
2019 1723 3631 1817 dächtigen Augen des Fürsten Orsini-Rosenberg, der
378 1778 1979 1877 sich von ihrem Gatten hintergangen glaubte, ist heute ihren
2019 1786 3631 1861 ###apoleon-Kopf. des Baron Wimpffen, das feine, liebens¬
371 1837 938 1932 Verletzungen erlegen.
2019 1857 3635 1932 würdige Aristokratengesicht des Fürsten Liechtenstein, das
516 1904 1952 1991 [Bad Bslau.] Aus Vöslau wird uns geschrieben
2046 1920 3619 2003 junge, rundliche Antlitz des Grafen Radetzky, die massig
378 1955 1959 2042 Sonntag den 15. d. wurde hier die Saison durch Eröffnung des
2026 1983 3627 2066 vorstürmende Gestalt des Fürsten Schwarzenberg. Ganz
378 2023 1955 2097 großen Schwimmteiches eingeleitet. Das herrliche Sonntagswette
2026 2046 3627 2137 im Vordergrunde Kaiser Franz selber mit seinen weichen,
378 2070 1967 2145 hatte denn auch viele Gäste zum Baden veranlaßt, und dieselben
378 2129 1971 2204 waren voll des Lobes über die große Erwicklung, die ihnen das
2019 2117 3611 2200 sanften Zügen. Die Nase in einer Linie mit der geraden
690 2184 1955 2247 so herrlich schönen, jetzt, wo alles blüht und grünt
382 2192 702 2263 Bad in dem
2030 2188 3615 2271 steilen Stirne, vorgewölbt die Lippen. Sehr ähnlich
371 2243 1967 2306 doppelt schönen Teiche bot. Unser Kurort wird in der heurigen
2030 2235 3615 2330 seinen Brüdern: dem klugen, besonnenen Erzherzog
371 2295 1952 2358 Saison auch noch verschiedene Neuerungen bieten, so wurden um
2019 2302 3615 2397 Rainer, dem freimütig=offenen Erzherzog Johann, dem
729 2350 1967 2413 eingeführt: Familienbäder im großen Teiche jeden
378 2362 741 2421 werden neu e
2030 2373 3623 2460 Palatin Josef, dessen hageres Antlitz harte, strenge Falten
386 2389 1971 2468 Samstag von 2 Uhr nachmittags bis 8 Uhr abends, für Sonnen¬
390 2456 1967 2531 bäder werden Strecksautenils gegen die geringe Leihgebühr von
2019 2452 3596 2535 durchfurchen. Und dann ihm, dem Generalissimus Erz
378 2496 1892 2578 20 Hellern per Stunde bereit stehen, Heißluft, Sauerstoff,
2019 2523 3619 2598 herzog Karl. Wir kennen sein Jugendbildnis, wie er mit
371 2563 1892 2645 Bäder, mit allen existierenden medizinischen Zusätzen verbund
2030 2586 3627 2661 halbgeschlossenen Augen dasteht, trotzig den Mund, taten¬
371 2618 1967 2689 Wannenbäder werden nun ebenfalls abaegeben. Endlich wurde der
2019 2645 3615 2732 durstig. Dann hoch zu Rosse, wie er tollkühn, die Fahne
378 2669 1979 2740 maschinelle Betrieb durch elektrische Anlagen verbessert, so daß die
2026 2712 3619 2795 in der Faust, mitten in den Ruhm sprengt. Und aber¬
378 2716 1912 2803 östers beklagte Rauch= und Rußplage wegfällt, und anderes mehr
505 2783 1983 2866 [Tobelbad.] Dieser alte steiermärkische Kurort ist unter
2019 2791 3615 2866 mals einige Jahre später, wieder in der Generalsuniform,
390 2839 1991 2917 riner neuen Verwaltung auf das vornehmste adoptiert und modernst
2030 2850 3615 2929 das Goldene Vließ um den Hals, die Arme lässig über
371 2902 1983 2965 ausgestattet worden. Die seit attersher bekannten Akratothermen
2026 2910 3627 2996 dem Degen gekreuzt. Das Haar bäumt sich zu einer
382 2945 1959 3024 (Ferdinandsbad 26 Grad, Ludwigsbad 30 Grad), welche ungemei
1388 2984 1983 3075 durch die kürzlich erfolgte
2019 2992 3631 3083 hohen Welle, jeder Muskel des Antlitzes ist gestrafft. Die
371 2996 1400 3067 ergiebig sind und deren Radioaktivität d
390 3055 1400 3122 Untersuchung des Professors Dr. Stephan
1388 3040 1967 3122 Mayer (k. k. Physikali
2038 3055 3631 3138 Lippen fest zusammengepreßt, aber, ach, jo müde, ent¬
394 3111 1987 3174 sches Universitätsinstitut Wien) nach Gastein an dritter Stelle von
2038 3119 2653 3221 täuscht der Blick.
382 3146 1975 3221 stark radioaktiven Quellen rangieren, wurden neu gefaßt und haben
2145 3166 3631 3284 Er war gegen den Krieg, der Erzherzog Karl. Er
1380 3201 1833 3292 Gicht, Ischias, F
382 3221 1317 3288 folgende Indikationen: Rheumatismus
1597 3260 1837 3335 ofernen
2019 3245 3611 3327 wollte für seine Reformen Zeit gewinnen: er wußte
378 3280 1518 3335 leiden. Außerdem wurde Tobelbad mit einer
1601 3316 1979 3383 und Sonnenbäder
382 3320 1522 3387 Elektro= und Mechanotherapie ausgestattet. Luft
2030 3312 3623 3402 jetzt ist's zu früh. Aber als nun der Krieg entschiedene
378 3375 1979 3446 sowie Liegehallen und nach jeder Richtung hin durchführbare Diät¬
2038 3394 3631 3469 Sache war, warf er sich dem Feinde mutig entgegen.
378 3426 1971 3513 kuren nach den neuesten wissenschaftlichen Erfahrungen ergänzen di
2038 3462 3619 3544 „Ihr geht in einen rechtlichen Kampf, sonst stände ich
382 3485 1979 3560 Kurbehelfe auf das vollständigste. Aerztliche Leitung Chefarzt Doktor
2019 3536 3619 3607 nicht an eurer Spitze!" Es sind seine, des Generalissimus
378 3544 1557 3607 Erich v. Schrötter und Dr. Erik Kühnelt.
2030 3592 3615 3670 Worte. Es war dies eine Zeit, wo ein scharfes Wort so
520 3576 1821 3663 Triest=Amsterdam und Nordland.] Die „Th
1427 3643 1967 3722 Demnächst die folgenden
382 3655 1443 3722 des Oesterreichischen Lloyd unternimmt de
2038 3651 3631 3730 hoch im Werte stand wie ein scharfer Degenstoß. Wo in
378 3714 1837 3777 Reisen: Triest=Amsterdam, ab Triest 24. Mai über
2038 3730 3615 3812 jedem Armeebesehl noch ein Teil Poesie sieckte und zugleich
390 3765 1829 3824 Algier, Tanger und Lissabon, Ankunft Amsterdam am 9.
643 3808 1979 3887 350 K. auswärts. Erste Nordlandsreise (Nord¬
2019 3808 3631 3891 ein politisches Programm, das dem Heer vorausflatterte
382 3824 654 3895 Preise von
651 3852 1467 3946 Spitzbergen), ab Hamburg 6.
1553 3856 1971 3927 bis Hamburg
2038 3868 3611 3942 wie ein hochgeschwungenes Banner. Nicht die franzö
382 3875 662 3942 kap und
382 3915 1467 3990 30. Juli. Preise von 650 K. aufwärts.
1549 3907 1983 3982 Sodann zweite
2030 3915 3623 4006 sischen Jakobinertruppen waren es, die Belgien eroberten.
394 3978 1959 4037 Kordlandsreise (Spitzbergen bis zum Ewigen Eis). a
2019 3998 3603 4077 Dem „Ça ira“ ihrer. Musikbanden gebührte das Ver
670 4013 1967 4104 August bis Hamburg 29. August. Preise von 700 K
402 4037 658 4108 Hamburg?
378 4092 662 4155 aufwärts.
670 4057 1967 4140 — Prospekte, Anmeldungen und Auskünfte beim Oester
2038 4045 3631 4144 dienst. Damals hatte sich gerade Erzherzog Karl seine
382 4144 1979 4195 reichischen Lloyd, Triest, bei der Generalagentur des
2030 4132 3615 4218 ersten Lorbeern errungen. Er warf das „Ca ira“
382 4183 1979 4270 Oesterreichischen Lloyd, Wien, 1. Bezirk, Kärntnerring 6
2030 4191 3627 4278 über die Grenze zurück, glaubte es für immer besiegt zu
390 4250 1206 4325 sowie bei sämtlichen Reisebureaux.
2019 4262 3619 4345 haben. Aber es kam wieder. Hatte nur den Namen
509 4349 1963 4451 [Saison in Dalmatien.] Aus Ragusa schreibt mal
394 4431 1987 4502 uns: Seit der Beseitigung der Kriegsgefahr regt sich die Unter¬
382 4479 1979 4550 nehmungsluss hier wieder. Das „Hotel Imperial“ wird
378 4538 1971 4609 während des ganzen Sommers geöffnet bleiben
382 4589 1975 4664 um womöglich nachzuholen, was dieses Frühjahr an Verkehr noch
382 4644 1975 4723 vermissen ließ. Zwei Konsortien bewerben sich um die der Hotel
382 4703 1979 4774 gesellschaft gehörigen Gründe am Meeresstrande in Lapad, um dort
382 4755 1983 4826 Sanatorium oder Hotel zu errichten. Die Hotelgesellschaft will diese
390 4814 1983 4881 Gründe verkausen, um das „Hotel Imperial“ selbst weiter auszu¬
402 4869 1975 4948 gestalten. Ein Komitee von Einheimischen arbeitet an der Sicher¬
414 4920 1987 5007 stellung einer elektrischen Tramway oder einer Motoromnibuslinie
414 4983 1447 5050 wischen Ragusa und dessen Hasen Gravosa.
520 5031 1967 5125 [Neues Konservatorium.] In Wien tritt von
394 5106 1971 5180 nächsten Herbst eine neue Musikschule großen Stils unter Mit
394 5169 1971 5236 wirkung der hervorragendsten Lehrkräfte ins Leben, die, an
402 5220 1967 5287 modernen pädagogischen Grundsätzen aufgebaut, die praktischen und
414 5271 1987 5346 theoretischen Fächer umfaßt. Schriftliche Aufragen sind an die
382 5334 1680 5421 Kanzlei, Wien, 9. Bezirk, Türkenstraße 17, zu richten,
2030 4341 3607 4443 gewechselt. Seine Trikolore flatterte jetzt an den kaisen
2030 4400 2547 4502 lichen Standarten.
2141 4431 3627 4546 Dann war’s ganz stille geworden. Die Damen und
2038 4530 3611 4621 Herren am Hofe von Paris standen vor dem Spiege
2038 4605 3619 4688 und spielten mit Diademen. Josef Bonaparte hatte sich
2050 4660 3615 4747 zuerst die Königskrone von Neapel aufsetzen dürfen
2050 4743 3611 4826 selber schließlich bekam er den spanischen Reif der ihn
2030 4814 3631 4893 noch viel besser zu Gesichte stand. Auch die deutschen
2054 4877 3627 4948 Länder betrachtete Napoleon längst als Departements
2054 4944 3631 5027 Frankreichs, und die deutschen Fürsten verwalteten sie
2054 5007 3619 5098 für ihn gewissenhaft wie kaiserliche Präfekten. Da wollte
2030 5082 3627 5173 mit einem Male Oesterreich die Welt befreien. Auf eigene
2062 5153 3623 5228 Faust. Das stand in den Heeresbefehlen zu lesen, in den
2038 5216 3615 5295 Relationen und Proklamationen des Erzherzogs Karl, de
2030 5283 3643 5370 doch selber gar nicht an den Erfolg glaubte. Es lag
2038 5342 3631 5421 etwas rührend Ritterliches in dem Unterfangen dieser
1991 5409 3631 5523 Armee, die den französischen Adlern entgegenzoo und
