5976 5064
4276 93 5422 248 — seuher selbst Leiter war!“ sagte er aus¬
3956 223 5426 345 Aber Steffy fuhr unbeirrt fort: „Schämen Sie sich,
2652 317 3777 414 ich will als Dir wieder was machen —
3830 325 5434 418 Herr Direktor, einen ehemaligen Freund und Genossen
2291 382 3781 500 Du muß mir wieder ein Stolzer werden! Ab
3834 386 5426 491 jetzt,, da er Unglück gehabt, im Stiche zu lassen. Im
1661 443 3781 634 sehen, weg laß ich dich nicht, nein, bei mir mußt du bleiben
3834 447 5438 593 Grunde bauen Sie ja doch auf seiner Gründung, auf
2335 512 3639 642 „Als was denn, Steffy — als-was dennst!“
556 536 1312 658 heute Nacht eingelieferten
3830 528 4447 658 seinen Ideen weiter!“
2323 593 3326 699 Er fragte es perzweifelt, geängstigt.
3968 565 4536 694 „Das behauptet er!“
544 613 849 723 vorbrachte.
662 605 2157 780 Der Beamte fragte: „Sind Sie die Frau des
2331 597 3797 772 „Nun ja — Wenns anders nicht geht, als mein Ge
3956 613 5438 768 „Nein, nein, das ist auch so. Sie wissen es selbst
3854 727 5434 841 am besten. Er ist ein fähiger Mensch, der etwas in
2205 727 3809 865 mahl!" Sie lächelte,- als sie es -sagte, aber ihre Stimme
540 707 841 845 Kranken?
1356 743 1783 869 ete sie errötend.
682 751 1328 893 „Nein, seine Nichte" so
2331 784 4630 1007 Da faßte er sie jäh und küßte sie heiß mit den feinem Fache leisten kann!
662 849 1332 954 Er nannte ihr die Nu
1356 800 2737 918 ###er des Zimmers, wo Fred zitterte leise dabei.
4147 808 5012 979 (Fortsetzung in der nächsten Sonntagsnu
544 910 2161 1023 lag, und bat sie, vorerst mit der Schwester oder dem
2181 934 2790 1068 brennenden Lippen.
552 983 2051 1076 Assistenzarzte zu sprechen, ob ihr Besuch gestattet sei.
3854 930 5450 1125 aussetzung, die Franzosen im Bormarsch gegen den Bisam¬
548 1056 3809 1214 liche Kritik ihm vorwarf, drängte Napoleon in das March. Mühlen und in der Lobau. Bis zum Abend stießen dazu
3854 1080 5442 1218 beig zu treffen, schoppte sich ferner das Gros des Heeres
2222 1137 3809 1271 noch etwa 900 Mann und 600 Reiter. Trotz dieses un
2213 1153 5446 1336 günstigen Zahlenverhältnisses behauptete der Franzosen= und Äspern zusammen. Ehe das zweite Korps zum An¬
552 1210 2144 1275 feld hinaus, trotzdem die Brücken über die beiden großer
3874 1214 5450 1316 auff in den Zwischenraum zwischem Aspern und Eßling
552 1263 2157 1344 Donauarme infolge des schlechten Material und des
2217 1263 3826 1381 kaiser, der sich wieder einmal auf der vollendeten Höhe
2217 1287 5434 1434 des Schlachtenmeisters zeigte, das Feld. Der Gewinn des b###ücken konnte, mußte es einen bei der damaliger
556 1320 2161 1417 steigenden Wasserstandes bedenklich genug aussahen und
2217 1344 5458 1490 Generalissimus bestand trotz großer Blutopfer nur in der Schwerfälligkeit höchst umständlichen Flankenmarsch
565 1385 2177 1490 schon am 20., nachmittags zwischen 5 und 6 Uhr, zum
3866 1413 5442 1531 durchführen. Napoleon ließ sich die Gelegenheit nicht ent¬
565 1442 2173 1531 erstenmal rissen. Ihn beherrschte nur der eine Gedanke,
2226 1458 3809 1580 Eroberung der Kirche von Aspern und des Ortsteile
3866 1490 5430 1612 gehen und beorderte seine Reiter zu einer Reihe von An
565 1507 2161 1608 möglichst viel Kavallerie auf das linke Ufer zu bringen,
2222 1523 3809 1633 nördlich der Hauptstraße, dabei hatten Napoleons Unter
3878 1555 5446 1673 griffen, deren Abweisung seitens der Infanterie wohl zu
556 1576 2169 1669 um die Aufklärung einzuleiten und rasch die nötigen An¬
2230 1596 3834 1702 kommandanten nicht einmal alle Truppen einsetzen
3866 1629 5458 1714 einen Ruhmesblatt der betroffenen Regimenter wurde, die
556 1637 2104 1738 haltspunkte für eine wuchtige Verfolgung zu gewinnen.
2217 1657 3809 1803 müssen, sondern ganz ansehnliche Reserven intakt zurüc
3878 1689 5450 1791 aber ihren eigentlichen Zweck vollständig erreichten, indem
694 1689 2173 1807 Im Gegensatz zu Napoleons Annahme war jedoch
2230 1746 2656 1868 halten können.
3883 1759 5450 1856 das zweite Korps in Erwartung neuer Attacken stehen
556 1779 2165 1880 Erzherzog Karl nicht weniger begierig als jener, ein
2343 1767 3809 1901 Die Erklärung für diese überraschende Tatsache lieg
3878 1815 5466 1962 blich und weder die Seitenschiebung vollendete, noch zum
573 1836 2169 1958 Schlacht zu schlagen, da er zur Erkenntnis gelangte, daß
2234 1880 3838 1982 in der Minderwertigkeit der Gefechtsführung, die dem
556 1905 2169 2014 ohne eine solche der eigentlich zwecklos gewordene und
2234 1929 4272 2047 noch gänzlich in den Lehren der Lineartaktik steckenden Angriff schritt.
3972 1913 5462 2059 Während die französische Reiterei, in Massen ver
569 1974 2177 2067 verderbliche Krieg, der gegen seinen Willen unternommen
2234 2010 3830 2120 Heer des Generalissimus gleich allen anderen der da
3895 2023 5458 2120 wendet, eine beherrschende Rolle auf dem Schlachtfelde
565 2031 2169 2140 worden war, kein Ende finden werde. Er wollte ferne
2234 2067 3838 2177 maligen Armeen anhaftete, die, auf eine mehr als
3899 2071 5462 2213 spielte, war jene des Generalissimus, so weit sie nicht im
556 2096 2181 2201 diese Schlacht im Marchfeld annehmen, dessen ebenes
2230 2140 3842 2262 hundertjährige stetige Entwicklung zurückblickend, aus
3891 2157 5479 2258 Sinne der damaligen Anschauungen als Rückhalt der
573 2165 2177 2274 Gelände der Eigenart seines Heeres besser entsprach. In
2242 2201 3834 2315 einem Gedankenkreise nicht herauskonnten, den in Frank
3895 2217 5479 2323 Infanterie verzettelt war, zu einem geschlossenen Auf¬
560 2242 2185 2335 Rücksichtnahme auf diese Eigenart, die mehr zum zähen
2234 2266 3842 2368 reich der gewaltige Umsturz aller göttlichen und mensch¬
3899 2295 5458 2388 treten nicht befähigt. In Friedenszeiten nichb gewöhnt
544 2299 2181 2429 Standhalten als zum flotten Vorgehen befähigte, neigte
2234 2347 3846 2437 lichen Ordnung gewaltsam bei Hinwegsegung aller
3899 2356 5466 2449 in grßeren Verbänden zu manövrieren, erschöpfte sie sich
569 2356 2177 2490 der Generalissimus begreiflicherweise mehr zum verteidi¬
585 2408 3846 2550 gungsweisen Kampf in einer guten Stellung, wie sie die Träger der alten tradition gesprengt hatte. Die Unter¬
3903 2416 5479 2530 in estadrons- und regimenterweise gerittenen Attacken und
2242 2473 3846 2579 kommandanten konnten sich unter dem Eindruck der
3899 2494 5483 2632 verlor bald jeden Einfluß auf den Gang des großen
569 2494 2185 2636 Terrainstufe bei Gerasdorf und Deutsch=Wogram bot, als
2230 2534 3850 2628 ererbten Begriffe nicht zur Erkenntnis aufschwingen, daß
3903 2587 4138 2697 Kampfes.
565 2595 967 2713 zum Angriff.
2246 2615 3854 2713 die neue Zeit lnitative und selbständiges Handeln ver-
3996 2579 5483 2725 Nach dem Verlauf des ersten Schlachttages darf es
719 2579 2185 2749 Erst als eine irrig aufgefaßte Bewegung französischen
2250 2660 3846 2770 lange. Sie warteten stets auf Befehle und beschäftigten
3907 2672 5483 2798 nicht wundernehmen, daß Napoleon am 22., als ihm
569 2701 2181 2827 Infanterieabteilungen am 21., vormittags, die Meinung
2242 2741 3846 2843 sich vorwiegend damit, ihre Truppen in der streng
593 2774 2197 2879 weckte, Napoleon schicke sich zum Vormarsch längs der
3899 2762 5483 2879 während der Nacht eine Verstärkung von 37.000 Mann
2254 2794 3846 2908 gerichteten Ordnung zu erhalten. Jede Ortsveränderung
581 2831 2193 2936 Donau gegen den Bisamberg an, wodurch die Verbindung
3899 2823 5483 2948 und 900 Reitern zukam, zum Angriff übergehen durfte
2246 2867 3850 2973 der Korps war bei dem Streben, die Richtung und die
2254 2892 5491 3038 nötigen Entwicklungsdistanzen zwischen den in dichten In den Morgenstunden wurde Aspern zurückerobert, das
585 2896 2177 3022 des Generalissimus mit Böhmen, dem Land der größter
577 2965 2185 3103 Hilfsquellen, bedroht schien, entschloß er sich zum Vor
2242 2957 5499 3103 Massen formierten Bataillonen genau zu erhalten, sehr vierte Korps von Eßling bis gegen Groß=Enzersdorf zurück¬
3919 3030 5491 3176 gescheucht, worauf ein mächtiger Vorstoß im Zentrum
2270 3078 3858 3176 schwierig, ein flotter Angriff geradezu undurchführbar
577 3070 788 3180 marsch,
707 3054 2189 3200 öpoleon nur nicht wenig überrascht, als ihm das
2254 3127 4086 3241 Vor bedecktem und durchschnittenem Terrain, wie es die anhob
4021 3127 5503 3265 Die zähe Tapferkeit der Infanterie, die sich wohl zu¬
589 3156 2197 3277 Anrücken starker Kolonnen gemeldet wurde, und im ersten
2254 3208 3842 3318 Gemeindeau, die günstigste und für Napeleon gefähr
3899 3229 5499 3363 rückdrängen ließ, aber — in dichten Massen zusammen¬
593 3221 2189 3330 Augenblick entschlossen, durch Rückzug in die Lobau di¬
2258 3277 3858 3363 lichste Angriffsrichtung, bot, herrschte geradezu eine
597 3306 2185 3411 bisher in das Marchfeld gelangten schwachen Kräfte eine
3931 3294 5471 3391 geballt — immer wieder dem Feinde die Stirne zeigte
2250 3330 3866 3440 Scheu; auch im Ortskampf fanden sich die in Reih
593 3363 2185 3489 Niederlage zu entziehen. Der Hinweis seiner General
3923 3375 5503 3476 das Beispiel aller Generale und Offiziere, insbesondere
2254 3416 3870 3513 und Glied gedrillten Streiter nicht zurecht, und statt diese
585 3432 2197 3570 aber auf die örtlichen Vorteile, die Aspern mit der Ge¬
3911 3432 5483 3537 aber des Generalissimus, der sich im größten Kampf
2266 3476 3858 3558 Stützpunkte mit einer Woge von Angreifern zu über¬
3927 3509 5495 3623 getümmel wie stets als ganzer Held bewährte und in
597 3501 2209 3615 meindeau und Eßling boten, die vorgerückte Tagesstunde
2266 3537 3854 3643 schwemmen, ließen die Kommandanten nach einande
585 3570 2197 3671 und die später arg getäuschte Hoffnung auf den fließen
3931 3562 5499 3679 einem sehr kritischen Augenblicke eine Fahne des Regi¬
2270 3606 3870 3700 Gruppen von zwei oder drei Bataillonen sich verbluten, wo¬
3911 3631 5495 3744 ments Zach Nr. 15 ergriff, vereitelte Napoleons Absicht
593 3635 2217 3757 den Uebergang der bei Kaiser=Ebersdorf bereitgestellten
2270 3663 3858 3781 durch den Verteidigern trotz ihrer Minderzahl die Abwehl
3911 3712 5487 3805 Wohl gevann der Marschall Lannes mächtig Raum nach
593 3700 2209 3822 Truppen, endlich die Erkenntnis, daß bei der Nähe des
2278 3753 2855 3854 leicht gemacht wurde
3919 3777 5515 3887 Norden, je weiter er aber vordrana, desto mißlicher
593 3773 2209 3866 Gegners eine Schlappe der den Rückzug deckenden Truppen
2376 3761 3858 3903 Wenn wenigstens die Franzosen gleichzeitig von aller
2266 3834 5507 3976 Seiten angepackt worden wären. Doch das vierte Korps wurde die Situation seiner Truppen, die durch das Zu¬
605 3842 2197 3948 kaum zu vermeiden sei, bewogen ihn schließlich zun
3919 3899 5507 4013 rückweichen der nächst betroffenen Bataillone des Korps
593 3903 2067 4029 Standhalten. So kam es zur Schlacht bei Aspern.
723 3952 3874 4086 Während der Generalissimus in sechs Kolonnen (am linken Flügel, zu spät aufgebrochen und auf einem
3911 3964 5499 4082 Hohenzolern und des Einschwenkens der vom Gene
2266 4008 3862 4118 weiteren Weg vorrückend, wohl auch durch Umständlich
3931 4033 5495 4142 ralissimus heranbeorderten Grenadiere gleichsam in einen
605 4057 2209 4163 85.000 Streiter heranführte und bei Gerasdorf noch übe
2270 4069 3858 4179 keiten und allerlei Bedenken aufgehalten, griff Eßling ers
3935 4098 5499 4203 Sack gerieten und beiderseits Flankenfeuer erhielten. Schließ
605 4118 2209 4232 eine Reserve von 11.400 Grenadieren verfügte, hatt
2266 4138 3878 4248 bei sinkender Nacht und nicht gleichzeltig von Nord und
3923 4171 5527 4285 lich erschöyjte sich die Angriffskraft, das Korps Lannes kam
605 4191 2209 4305 ###ölcon-bis etwa um 4 Uhr nachmittags, wo de
2282 4212 3862 4313 Ost, sondern abwechselnd in jeder dieser Fronten an, so
3935 4240 5511 4354 zum Stehen und der Feuerkampf gestaltete sich immer
621 4264 2226 4358 eigentliche Kampf begann, nicht mehr als 16.200 Mann
2270 4289 3854 4390 daß Lannes den einen Teil immer schon abgefertigt hatte
3915 4289 5519 4455 verlustreicher und ungünstiger. Die erbetene Verstärkung
629 4325 2213 4435 Infanterie und 8700 Reiter zur Hand, 4800 Mann de
629 4362 3870 4512 jungen und alten Garde als Rückhalt am Rande der I wenn der andere anrückte. Infolge der irrigen Vor¬
