4248 6216
827 84 1334 146 Gang formäs zu
539 80 758 157 post.
2212 80 3841 171 bäumt. Ueber seinem Haupt flattert eine Fahne. Napoleon
3892 84 4059 186 Anschl.
547 124 2161 211 eines Nachmittags von Schönbrunn aus durch die Wieden.
2230 146 3830 237 kennt ihn. Er hat ihn selber einmal zu sich gebeten, um
3892 171 4055 244 liebens
547 197 2175 281 Die Kutscher, die gerade ihre Wagen von einer Prater¬
2230 215 3830 313 ihm die Hand zu schütteln. Ihm, dem einzigen Offizier
3892 233 4045 313 nützer
557 251 2164 353 fahrt heimwärts lenkten, hielten erschrocken die Pferde
2212 284 3837 386 mit dem es sich verlohnt, Krieg zu führen. Der ihn nun
3884 288 4070 372 heit ha
539 324 2179 415 an. Auf den Wällen stand die Bürgerschaft wie zum
2219 350 3345 445 als erster besiegen soll: Erzherzog Karl.
3884 353 4070 441 herige
554 390 2157 481 Feste herausgeputzt. Viele kannten den Kaiser schon von
2361 375 4063 514 Zürück! Zum erstenmal zurück! Man kann auf der und S
554 452 2164 550 früher her. Und da geschah das Merkwürdige: Die
3881 463 4074 554 direkton
2245 477 3848 572 Lobau noch ganz genau den Platz sehen, wo das Zelt
547 514 2168 623 Männer rissen ihre Hüte vom Kopf, die Frauen schwenkten
3873 539 4070 623 gliedern
2212 554 3841 634 des Kaisers stand, das keiner zu betreten wagte, als man
550 583 2157 689 ihre Spitzentücher. Alle schrien: „Vivat!“ So groß wa
3881 601 4055 692 gehört,
2212 619 3830 711 ihm nach der verlorenen Schlacht den Marschall Lannes
550 652 2172 754 die Macht dieser Persönlichkeit, daß sie noch in Feindes¬
3884 667 4088 743 Staatsa,
2212 700 3549 776 brachte, mit zerschmetterten Gliedern, sterbend.
3585 681 3830 776 Stumm,
3884 729 4059 816 reichen
557 721 2172 820 land Begeisterung entflammte. Ganz allein ritt der
2237 751 3833 856 saß der Kaiser bei seinem Freund und küßte ihn und
3895 791 4059 856 sehr
572 794 2172 889 Kaiser, das kleine Gefolge hatte zurückbleiben müssen
2230 816 3837 911 weinte. Sein Freund Lannes! Der war überall mit
3888 845 4074 926 Ministe
572 860 2172 958 Ganz langsam ritt er, als habe er durchaus keine Eile.
2226 885 3819 987 dabei gewesen. Bei Lodi und auf der Brücke von Arcole
3884 911 4066 984 der Ab
565 915 2172 1042 Freundlich grüßte er nach rechts und links, wie bei einem
2285 969 3841 1046 bo er sich drei Wunden holte. Dann in Aegypten beim
3873 966 4066 1057 Fürsten
572 995 2172 1097 Spaziergänge in Paris, und kehrte erst zum Diner nach
2281 1028 3830 1111 Sturm von Saint=Jean d'Acre, da er wie tot auf dem
3892 1035 4077 1111 ist, um
572 1060 2175 1159 Schönbrunn zurück. Als es Schlafenszeit war. Die
2226 1097 3811 1184 Schlachtfeld blieb. Dann am 18. Brumaire in Paris
3873 1093 4088 1195 der neu
565 1133 1847 1239 Reise hatte ihn doch ein wenig müde gemacht
2248 1148 3826 1250 Die Garde vor! Und bei Austerlitz, wo er den linken
2248 1224 3826 1334 Flügel führte, und bei Jena, wo er im Zentrum stand,
703 1206 2179 1323 Indessen stand jenseits der Donau Erzherzog Karl,
2226 1301 3830 1381 und bei Friedland, wo er den Sieg entschied! Dem
572 1304 2175 1399 der sich mit Hiller vereinigt hatte, und wartete. „Ich habe
565 1366 2175 1450 nicht für den Krieg gestimmt, mögen alle, die ihn ge¬
2226 1359 3822 1458 Kaiser ist zu Mute, als sei der ganze, wunderbar gefügt
3862 1312 4074 1468 heute
2237 1425 3822 1549 Bau des eigenen Lebens zugleich mit dem seines
547 1436 2175 1519 wünscht haben, auch jetzt die Verantwortung tragen,
3873 1450 4081 1541 Bürgern
583 1509 2175 1603 sagte er mürrisch. Aber das gerade wollte niemand. Nur
2245 1509 3305 1621 Freundes Lannes zerschmettert worden
3881 1519 4085 1607 geschieden
568 1549 2172 1665 Ratschläge erteilte man. Jeden Tag andere und oftmals
2368 1523 3819 1658 Eintausendachthundertneun! Der Bann ist gebrochen
3895 1581 4081 1654 „Carner
2248 1621 3819 1723 Ναρoleoñn kann den Uebergang nach Wagram er
601 1632 2190 1734 solche, die einander widersprachen. Doch Erzherzog Karl
3892 1643 4070 1713 schlug
590 1694 2179 1789 ließ sich nicht irre machen, jetzt nicht. Er stand da und
2248 1687 3793 1785 wingen. Aber nie mehr wird er das Gespen
2248 1749 3790 1833 bergessen, das ihm vor Aspern mit furchtbar
594 1753 2186 1855 lauerte auf den Feind. Auf Napoleon, der nun die
3884 1749 4092 1873 Ueberall
2226 1800 3841 1906 Vertraulichkeit auf die Schulter klopfte: Besinne
594 1833 1363 1935 Donau überschreiten mußte.
3892 1858 4096 1931 Parlama
2245 1869 3855 1975 dich, Kaiser, auch deine Stunde schlägt! Man hat ihn für
707 1873 2190 1993 Aspern! Eine kleine unscheinbare Dorfkirche. Da¬
3924 1917 4103 1997 oll gew.
2245 1953 3844 2037 unverwundbar, unbesiegbar gehalten. Nun weiß man,
576 1971 2183 2055 neben ein Friedhof mit schiefen Kreuzen, verwitterten
3921 1971 4121 2051 Gelt wir
2237 2004 3841 2113 daß auch sein Glück zum Schwanken neigt. Nun ahnt
605 2026 2186 2143 Grabsteinen und vor der Kirche ein graues Denkmal. So
3873 2033 4110 2132 wollen it
2245 2066 3848 2168 man seinen Sturz. Neuer Opfermut flammt durch
594 2095 2197 2219 grau wie die Friedhofsmauer. Ein Löwe, der seinen
2245 2128 3841 2237 Tirol, und die spottlustigen Wiener, denen früher der
587 2161 2194 2270 mächtigen Kopf in den Boden wühlt, als wärs vor
3884 2146 4107 2234 die Erm
2237 2186 3822 2306 Respekt vor dem Kaiser Napoleon die Mützen vom Kopf
3884 2212 4110 2310 nahme d
587 2226 2194 2336 Schmerz. Als habe er sich die Pranken mit einem furcht¬
2237 2277 3830 2365 riß, die singen jetzt: „Wir denken dran, wie's Aspern
594 2292 2183 2409 baren Gegner blutig und müde gerungen. Es ist einem
3939 2310 4107 2434 Die
2237 2336 3841 2441 kanoniert. D' Fiaker hab'n, ’s hat's niemand geschafft,
605 2368 2190 2470 als hörte man ihn dumpf aufröcheln, ihn, den Sieger:
2245 2412 3841 2507 d’ Blessierten einig’führt.“ Vorbei die gedrückte Scheu, die
590 2445 1297 2543 den Löwen von Aspern.
2234 2467 3746 2587 seine Persönlichkeit, die sein bloßer Name verursacht.
725 2500 2175 2609 Eintausendachthundertneun! Ist's wirklich so lang
2350 2529 3844 2649 Wie in einem verkürzten Schatten liegt auf der
3892 2518 4128 2609 ordnur
590 2580 2186 2671 her? Eine fremde Zeit, tot, vergessen? Selbst die Erde
3892 2591 4125 2675 Heiligspre
2255 2609 3830 2704 Lobauinsel das umflorte Geschick Napoleons voraus
601 2634 2172 2740 hat ihr Antlitz verändert. Wo ist der „General Donau“
3881 2660 4107 2729 in beson)
2245 2667 3837 2773 bestimmt. Oder waren es nicht die Elemente, die in
605 2715 2208 2813 der zu Napoleons Zeiten die Lobauinsel so wild um¬
3873 2715 4110 2795 bürgerme
2255 2733 3830 2842 ihrem Aufruhr den Kaiser vernichteten? Vollendete nicht
598 2766 2197 2889 klammerte? In scheuem Bogen weicht nun der Strom
3884 2773 4121 2871 Wieni
2255 2820 3841 2911 der russische Schnee, was haßerfüllt die Donau begonnen.
605 2831 2190 2948 aus, von Schutzdämmen zurückgedrängt. Die Lobau ist
2248 2875 3841 2988 Und mahnt nicht der Nachen, in dem Napoleon über die
3902 2871 4117 2981 Pilger
612 2908 2204 3017 keine Insel mehr. Wiesen, Felder, Jagdgründe, Nieder¬
2248 2944 3855 3043 tanzenden Wogen nach Kaiser-Ebersdorf schwamm, an den
3892 2955 4110 3028 unter Fils
619 2970 2194 3079 holz. Ein paar alte, verkrüppelte Bäume, die ihre ver¬
2252 3010 3837 3112 kleinen Schlitten, der in wilder Hast vor dem splitternden Eis
3892 3006 4117 3094 Fürsterzb
605 3039 2212 3148 knoteten Aeste wie von der Gicht gekrümmte Finger
2248 3083 3833 3177 der Beresina floh? Und mahnt nicht die Verzweiflung
3884 3075 4107 3148 worauf
623 3101 2194 3225 ängstlich in der Frühlingssonne wärmen. Die standen
2255 3126 3848 3247 der Einsamkeit auf der Lobauinsel nach dem Verluste
3884 3126 4110 3210 Heiligen
619 3170 2186 3290 wohl schon da zu jener Zeit und waren damals so zar
3873 3192 4110 3290 lischen
2255 3203 3841 3327 des Marschalls Lannes an die grausamere Einsamkeit
612 3250 2186 3352 und schwächlich, daß sie General Bertrand/zum Brücken¬
2255 3261 3841 3389 auf dem Felseneiland mitten im atlantischen Ozean?...
623 3312 2194 3421 schlag nicht brauchen konnte. Eine steinerne Pyramide am
2379 3341 3837 3440 Aspern! Eine kleine, unscheinbare Dorfkirche. Daneben
612 3367 2197 3491 Wegesrande: Napoleonstraße. Noch sieht man rechts und
2255 3403 3830 3513 ein Friedhof mit schiefen Kreuzen, verwitterten Grab
619 3443 2194 3553 links die sorgfältig gezogenen Gräben. Wie viele solcher
3884 3436 4139 3553 der St
2255 3465 3841 3589 steinen. Und vor der Kirche ein graues Denkmal. Ein
619 3502 2197 3629 Straßen hat er gebaut! Durch die ganze Welt; fest¬
2245 3538 3822 3651 Löwe, der seinen mächtigen Kopf in den Boden wühlt
638 3585 2208 3684 gestampft von dem wuchtigen Schritt seiner Grenadiere.
2255 3607 3841 3713 Als wär's vor Schmerz. Es ist einem, als hörte man
630 3640 2215 3760 Noch türmen sich die Erdwälle der französischen Schanzen.
3884 3651 4107 3749 Amerika-
2259 3673 3844 3786 ihn Mumpf aufröcheln, ihn, den Sieger: den Löwen von
630 3713 2204 3822 Hier standen die Kanonen. Man glaubt die Spuren der
3884 3731 4128 3804 dard Oil
619 3768 2208 3892 Räder zu sehen, tief in den Boden gepreßt für alle
2248 3779 2474 3873 Aspern.
3895 3790 4128 3870 Im Proz,
638 3837 2197 3957 Ewigkeit. Und hier lagen die Soldaten Brust an Brust
3910 3848 4136 3932 führte un
2248 3844 3851 3994 Dementi der Gerüchte über eine Verlobung der
641 3917 2208 4019 schußbereit das Gewehr. Ein wenig abseits eine steinerne
3899 3902 4128 3990 29 Milli-
2620 3932 3513 4030 Prinzessin Viktoria Luise.
3895 3972 4132 4045 vertreten
623 3979 2204 4085 Pyramide zwischen vier schlanken Pappeln, die sich im
2627 4008 3476 4085 (Telegramm der „Neuen Freien Presse“.)
3895 4037 4136 4110 Auch der
641 4045 2219 4172 Winde beugen: das Pulvermagazin.... Und gleich daneben
2368 4063 3837 4161 Berlin, 19. Mai. Die „Norddeutsche Allgemeine Zeitung
3902 4092 4147 4172 wurde in
630 4121 2204 4227 noch ein verwitterter Stein inmitten des Jungholzes, das
2248 4132 3163 4238 bringt folgende offiziöse Mitteilung:
3895 4154 4147 4245 er als ein
2376 4147 3851 4281 Die von einem hiesigen Blatte verbreitete Nachricht über
619 4179 2204 4292 unter dem Tritt gemächlich hinschreitender Hirsche knackt:
3895 4212 4114 4314 Rogers
2274 4245 3859 4343 eine bevorstehende Verlobung ihrer königlichen Hoheit der
630 4234 2204 4369 Franzosenfriedhof. In einem großen gemeinsamen Schach
2255 4318 3476 4434 Prinzessin Viktoria Luise ist erfunden.
623 4325 2204 4413 morschen ihre Gebeine: Voltigeure, Jäger, Garde,
3943 4303 4114 4438 Das
638 4387 2197 4493 Tirailleure, Füsiliere. Ward vielleicht auch mancher
2259 4405 3873 4551 Ein neuer Direktor des k. und k. Hans-, Hof=
638 4456 2204 4558 Oesterreicher in seiner schneeweißen uniform mit ihnen
2733 4500 3392 4631 und Staatsarchivs.
623 4518 2226 4624 begraben. Feind und Freund schlummern da unten schon
3363 4533 3819 4649 Wien, 19. Mai.
3913 4533 4132 4660 Kamp
630 4606 1071 4715 hundert Jahre!
2358 4624 3862 4748 Der bisherige Direktor des k. und k. Haus-, Hof= und
3913 4646 4139 4730 Achilleion
754 4660 2212 4762 Eintausendachthundertneun! Von Gras überwucherte
2263 4711 3866 4843 Staatsarchivs, Sektionschef Dr. Gustav Winter, hat, wie
3913 4704 4150 4784 Kampesch
649 4741 2223 4839 Schanzen, vom Regen zerfressene Merksteine, niederge¬
2266 4784 3746 4875 wir im Abendblatt bereits gemeldet haben, seine schon
3921 4770 4139 4857 sich das
641 4799 2226 4912 brochene Bäume. Sonst nichts. Und mit einem Male ist die
3902 4817 4096 4908 bereits
2255 4832 3851 4952 längerer Zeit gehegte Absicht, vom Amte zurückzutreten, jetz
645 4875 2223 4992 ganze nüchterne Wirklichkeit, aus der wir kamen, wie aus¬
2259 4901 3862 5003 auch wirklich vollführt. In ihm, dem ausgezeichneten Ge-
3921 4875 4128 4988 gewandt.
638 4941 2212 5032 gelöscht, vergessen. Wildes Knattern der Kugeln wird
2274 4948 3870 5061 lehrten, besaß das Staatsarchiv einen hervorragenden Chef.
2277 5017 3848 5119 Alle Historiker Oesterreichs und Ungarns sowie des Aus
638 5017 2204 5109 deutlich vernehmbar wie niederprasselnder Hagelschlag
2270 5083 3855 5185 landes, die infolge ihrer Forschungen im Staatsarchiv Ge
638 5083 2226 5178 Dumpf splittern die Kartätschen. Schlachtenromantik lodert
2274 5145 3881 5247 legenheit hatten, mit ihm in Verührung zu treten, rühmen
641 5145 2208 5243 vor uns auf. Hier in die tiefe Ausbuchtung stemmte sich
3939 5160 4107 5273 sommet
2285 5207 3859 5324 seine Zuvorkommenheit und liberalität. Winter wirkte ganz
652 5221 2219 5309 der massige Brückenkopf. Aus diesen Furchen stieg das
3932 5254 4121 5327 das W
2281 5269 3866 5371 im Geiste seines Vorgängers, des unvergeßlichen Arneth, der
660 5287 2226 5393 schlanke Holzgerüst, das sich über schwankende Kähne bis
3928 5316 4128 5396 steigerun
2274 5327 3877 5436 ihn stets eine Perle des Archivs zu nennen pflegte. Wie wir
638 5356 2219 5444 nach Kaiser=Ebersdorf spannte. Wir hören das Keuchen
3921 5375 4139 5451 Maximu
2285 5393 3888 5506 hören, wurde Winter jetzt aus Anlaß des Rückrittes in An¬
649 5429 2219 5517 der Wassermassen, die haßerfüllt, unermüdlich gegen den
3921 5436 4136 5513 Morgen
2274 5447 3888 5579 erkennung seiner Verdienste mit dem Großkreuz des
649 5480 2234 5582 kunstvollen Bau anrennen, ihn zu sprengen versuchen.
3877 5491 4114 5597 molken
641 5524 3567 5695 Tauser arbeiten die Pantoniere. Da ist der blutgetränkte Franz Josefa-Ordena ausgezeichnet.
