5976 3832
3786 135 5405 265 Bismarck dem noch trotzen, unter Wilhelm II. schon ei.
1865 154 2044 271 gelyx
419 179 1558 296 selbst da die Möglichsei###er=Aufkam¬
2093 160 3725 314 Acheron gegen die reaktionenen Gewalten zu bewesen sie
437 228 2056 345 Vielleicht täuscht man sich nicht in der Annahme, daß di
3780 228 5393 339 Caprivi nicht, geschweige ein Bülow, und deshalb dürft
2105 265 3737 363 nicht scheuen. Aber das liegt diesem Aestheten nicht. Er
456 302 2056 400 sozialdemokratische Fraktion einer Erbschaftssteuer, die nu
3780 296 5405 388 er schließlich froh sein, wenn ihm seine Steuern durch
2105 326 3731 425 wendet sich an den gebildeten Philister, an das politisch
437 363 2062 474 50 Millionen Mark bringt, nicht zustimmen wird, woh
3780 369 5393 456 wechselnde Mehrheiten bewilligt werden, und dann wieder
456 400 3737 548 aber einer, die 90 bis 100 Millionen Mark einträgt. Man| unfähigste und daher auch am leichtesten für Augustion
2093 431 5399 591 empfängliche Element und erreicht damit kleine Schein¬ einige Jahre fortgewurstelt werden kann. Sollte aber die
449 499 2062 603 fürchtet in ihren Kreisen wohl einen Wahlkampf, in den
3768 492 5399 597 Erbanfallsteuer doch abgelehnt werden, so verlangt die
443 548 2813 683 ihnen der Vorwurf gemacht werden kann, daß sie mit den erfolge; er wurstelt fort
2093 554 5411 763 waren und so folgenschwer sie für Oesterreich und speziell sein mußte, nicht ohne eine möglichst gute Kapitulation
2112 702 5399 831 für Wien werden konnten, doch nur eine negative auszuliefern, dies allein hatte verständigen Sinn und
585 720 1422 831 Die heutige Nummer enthält:
3798 788 5060 886 konnte als maßgebend angenommen werden
573 757 2050 936 „Landwirtschaftliche Zeitung“
2112 813 3743 905 Bedeutung. Denn was meine eingegangenen Verpflichtungen
3897 794 5387 954 Dies war die Lage und der Stand am 7. Mai 1808
2112 868 3749 960 als Militärarzt bei der italienischen Armee betraf, so hielt
3792 911 5393 997 abends, als die Arciérengarde Hillers auf dem Glaci
449 905 2081 1047 „Die Güterbeamtenfrage." (Nach einem vom
2105 942 3749 1034 ich dieselben nun für erloschen und mich jeder Verpflichtung
3792 967 5418 1065 vor dem Burgtore (Exerzierplatz) bivouakierte und in der
456 991 2075 1120 kaiserlichen Rat Otto Egger Ritter v. Möllwald, Sekretär
2118 1010 3743 1090 überhoben, da die italienische Armee im vollen Rückzug
3798 1034 5405 1139 Nacht über die Donaubrücken nach dem jenseitigen Ufer
456 1084 3743 1194 des Vereines für Güterbeamte, kürzlich im hiesigen Klub hergriffen war und weder neue Zusendungen erhielt noch
3786 1108 5393 1213 abmarschierte. In der Stadt selbst lagerte aus dem Burg
443 1133 3737 1305 der Land= und Forstwirte gehaltenen Vortrage.) Mis¬ deren bedurfte. Ich glaubte daher, daß meine Aufgab
3792 1170 5393 1274 platze ein Bataillon Grenadiere und auf dem Josefs
2105 1207 3737 1299 einzig darin bestünde, meine Pflichten als Assistenzarz
3792 1244 5393 1336 platze eine Abteilung Szekler Husaren. Die Kommuni
2105 1274 3743 1373 bei Professor Beer zu erfüllen und der Familie meines
468 1268 1207 1416 zelle. Seite 23 bis 25.
3792 1305 5405 1404 kation mit der Leopoldstadt und den Brücken war zwar
2118 1342 3663 1465 verehrten Lehrers nach Bedarf und Kräften beizustehen
3792 1367 5399 1471 noch offen und frei gehalten, die Verbindung mit der
554 1391 813 1496 Ferner
2216 1416 3737 1508 Mit jedem Tage rückten die nur durch die Dona
3792 1428 5424 1533 übrigen Vorstädten aber war abgeschlossen und nur der
560 1416 2075 1576 Die 55. Fortsetzung des Romans „Schmerzen der
2105 1471 3743 1576 getrennten und sich aegenseitig Schach bietenden Heer
3798 1502 5411 1607 Durchgang für Fußgänger beim Kärntnertor für Berech¬
2112 1558 3743 1650 der Hauptstadt näher. Beide erreichten sie fast zur selben
3792 1576 5393 1662 tigte offen. Denn das umlaufende Gerücht war nur zu
449 1570 1865 1674 Jugend“ von Alice Schalek. Seite 21.
2105 1619 3737 1705 Stunde, wobei Erzherzog Karl den Vorteil hatte, di
3792 1650 5405 1730 wahr, daß die französische Avantgarde schon in die Vor
2112 1693 3743 1785 Verbindung mit Wien, an dessen Festungswällen de
3805 1705 5405 1828 städte, besonders Mariahilf, eingedrungen und Napoleon
2118 1755 3731 1841 kriegerische Geist, die Kraft der Türken einst zerschellte
3805 1773 5405 1884 selbst in der vorletzten Poststation Purkersdorf ange
973 1736 1564 1896 Feuilleton
2105 1822 3749 1908 mittelst der Brücken über die Donau offen und frei zu
3805 1822 5405 1939 kommen sei. In unheimlicher Ruhe, fast Grabesstille, per
2112 1878 3743 1988 haben während Wien mit seinen formidablen Festungs
3792 1908 5405 2001 lief die Nacht vom 7. auf den 8. Mai. Kein Wagen
646 1859 1921 2025 Der 8. und 9. Mai 1809 in Wien.
480 1952 3743 2112 (Aus den noch unveröffentlichten Memoiren des Dr. Friedrich Jäger mauern und Vorwerken Napoleon ein mächtiges „Halt
3798 1970 5430 2099 gerassel, kein Menschenverkehr war hör- oder sichtbar,
2118 2025 3749 2124 entgegensetzte. In welche Aufregung, Unruhe un
3805 2038 5424 2149 selbst von den so armierten Bastionen war kein Lauf
720 2056 1884 2155 von Jaxthal, Professors der Augenheilkunde.)
2112 2087 3743 2185 Angst die ganze Population versetzt wurde, als di
3792 2105 5418 2198 vernehmbar. Am frühen Morgen, von Neugierde getrieben
591 2105 2075 2241 Die Schlacht bei Regensburg war geschlagen — da
462 2161 3755 2309 österreichische Hauptheer unter Erzherzog Karl, über die Festungstore alle gesperrt und verbarrikadiert, so viele
2099 2167 5430 2333 Kanonen, Haubitzen und Bomben, Kessel, als die Wälle ging ich zu Dr. Friedrich, um von seiner die Aussicht
2136 2247 5418 2389 fassen konnten, aufgeführt wurden, und Maximilian über das Glacis nach den Vorstädten beherrschender
449 2272 2081 2364 Donau sich rettend, eilte mit äußerster Kraftanstrengun
3792 2309 5430 2419 Wohnung aus vielleicht etwas von den feindlichen
456 2339 2081 2438 am linken Donauufer durch Böhmen auf gebirgigen
2118 2364 3743 2456 durch Maueranschläge bekannt gab, daß er sich
3811 2370 5430 2493 Truppenbewegungen oder -Unternehmungen wahrzu-
462 2407 2081 2506 meist ungebahnten Wegen der Hauptstadt zu, währen
2118 2426 3755 2530 eher unter den Mauern Wiens werde begraben
3811 2444 5442 2555 nehmen. Kaum hatte ich ein Fenster geöffnet, als unter
474 2475 2075 2579 ̄oreköpoleon am rechten Donauufer auf wohlgebahnte
462 2506 3644 2641 Wegen, jedes Hindernis bewältigend, gleichfalls, jedoch lassen, als die Stadt dem Feinde übergeben
3805 2506 5430 2604 mir auf der Straße ein Trupp Menschen vorüberfloh,
474 2561 3743 2721 triumphierend, Wien zustrebte. Beide Sinn und Gedanken davon kann nur der einen Begriff sich machen
3823 2573 5424 2690 schreiend : „Die Franzosen sind in der Stadt!“, während
480 2629 3743 2776 einzig darauf gerichtet, welcher von ihnen als Erster die der mit mehr Ruhe und Unbesangenheit die ganze Lag¬
2118 2641 5418 2795 zu übersehen und zu beurteilen vermochte. Denn welcher ein Kanonier mit einer brennenden Lunte aus den
3817 2709 5418 2832 Zeughause auf die Bastei lief. Schnell Hut und Stock er
468 2740 2112 2844 Hauptstadt erreichen könne und werde. Als die Nachricht
474 2770 3743 2912 der verlorenen Schlacht bei Regensburg und des raschen nur halbwegs Vernünftige konnte glauben, daß ma
3823 2783 5424 2893 greifend, eilte ich den Fliehenden entgegen, dem Kärnter
468 2832 3749 2973 Vordringens Napoleons auf die ungedeckte Hauptstadt hier Wien, die Hauptstadt des Reiches, den Zentralpunkt seine
3811 2844 5442 2955 tor zu, um zu sehen, was hier vorgehe. Als ich in die
474 2900 3737 3041 in Wien eintraf, ward alles von Schrecken und Angst be¬ Größe und seines Reichtums, ohne dem Feinde schwere
2118 2912 5442 3060 Schaden antun oder ihn vertreiben zu können, einer | Klirntnerstraße einbog, fand ich diese ihrer Länge nach mit
3811 2986 5442 3084 einer Doppelreihe Szekler Husaren besetzt, die Säbel
492 3010 2093 3115 fallen. Was fliehen konnte, floh, um in Ungarn sich zu verbergen
2136 3029 3737 3121 sicheren Zerstörung preisgeben würde. Sie vor einer
3805 3047 5418 3152 blank gezogen. Ohne mich viel zu besinnen, schlüpfte ich
474 3078 2099 3189 Wer nicht fliehen konnte, ergab sich in Sorgen und
468 3090 3749 3257 Zagen dem Unvermeidlichen. Für mich persönlich hatten diese Handstreich zu sichern und sie anurden, dem ih
474 3121 5418 3331 Eurignisse und Begebenheiten, so großartig sie in ihrer Natur  musschmälter und baldiger Besitz von hochsten Wert / unter dem Ropf eines Wienes zwischen sie und lief, ohne
