5992 4744
541 63 736 138 Alsia,
719 46 1375 178 lummerrolle K 15.50. Durch ei
541 92 742 184 und Sch)
1496 121 1674 213 nabrik
512 167 1369 236 Aelteste Wiener Patent-Möb
1490 201 1691 299 beferante
426 201 1174 322 Carl Bayern's Nachf.,
1317 259 1755 351 Dähringerstrasse 8.
420 265 1237 357 I., Opernring Nr. 15 WIEN IX.,
3710 345 5356 472 zur Reduktion seiner Armee. Die Schmach und
443 385 3664 546 che Kavallerie wird zurückgeworfen. 3000 Kürassere 1 werden, es hält sich trotz aller Anstrengungen der
443 449 3664 598 liegen vor der Front der Regimenter Sztaray und Hiller, stürmenden ungarischen Grenadiere, indes Aspern ge¬
3705 431 5338 512 Demütigung brannte im Herzen der Völker Oesterreichs
3716 506 5350 575 das Rachegefühl bemächtigte sich der Gemüter der
403 506 3670 667 öpoleon hatte die Kavallerie selbst geleitet, er geriet in nommen wird. „Müde, stumm und bleich“ ritt
2048 569 5356 696 Μαρoleon auf die Lobau. Um Mitternacht fuhr er mit deutschen Jugend. Beweis dafür der Attentatsversuch des
4171 621 5350 696 thüringischen Pastorsohnes Friedrich Staps
397 644 2002 719 Gefahr, zwei Generale seines Gefolges wurden verwundet
2048 650 4073 759 Bethier und Savary auf einem Kahne hinüber nach achtzehnjähri
4188 679 5333 765 gewei Tage vor der Unterzeichnung des
2048 690 4067 817 Ebersdorf, der geschlagene Zäsar. Mühsam wurde seine auf Navole
397 708 2002 805 und gefangen. Das geschah im Zentrum. Nun konnten
4234 731 5333 817 loßparke von Schönbrunn. „Die Welt
403 771 2019 857 Hiller und Bellegarde die Angriffe auf Aspern erneuern.
3716 754 4067 857 Friedens
2071 777 3670 897 Arnee gesammelt und sie zog unter Masséna auf die
4240 788 5333 909 zu befreien", war Staps aus weiter
3722 828 4090 920 von ihrer G
414 834 2019 926 In Flammen stand das Dorf, in zwei Stunden nahmen
2123 846 3676 938 Mau zurück. Auch Eßlingen wurde geräumt. Da lagen
4228 851 5321 949 Dieser Ruf erscholl aus den Tiefen des
414 897 2019 995 es die Oesterreicher dreimal und verloren es immer
3733 880 4073 984 Ferne gekon
420 909 3670 1053 wieder. Mit einer Kampfbegier ohnegleichen wird um ƒ 4000 Mann Franzosen zusammengepfericht auf dem
3722 920 5344 1053 Volkes alle selben; er drang in die Staatskanzleien
2071 966 3682 1058 Rosen ohne Nahrung, ohne Munition. Sie schlachteten
414 1007 2025 1122 Aspern gekämpft, Friedhof und Kirche werden im
2186 1012 4228 1116 Pferde, aßen das Gras; erst am 25. Mai erhielten immer mächtiger.
3825 995 5338 1156 Von Aspern und Wogram datiert der nationale Auf¬
403 1070 2002 1185 blutigen Streite von Mann zu Mann erstürmt, 12.000
2077 1081 3670 1214 die Truppen Salz und Brot. Durch den ganzen Weltteil
4056 1104 5361 1254 Der jugendliche Theodor Körner sang bei
397 1139 2036 1266 Mann Franzosen in die Flucht gejagt; Masséna führt
3728 1116 3981 1225 schwung.
2215 1150 3325 1254 die Kunde von Napoleons Niederlage
408 1208 2025 1346 zwei frische Regimenter herbei und behauptet sich in den
3716 1197 4458 1317 Gelegenheit von Aspern:
2169 1179 3670 1323 Wurde der Sieg ausgenützt? Keineswegs. Ver-
408 1266 2031 1404 letzten Häusern. Abends 9 Uhr hört der Kampf auf,
3894 1243 4901 1386 Seht Ihr den Stephan herüberwinken
2082 1283 3670 1409 gebens erwartete man einen Angriff der öster
443 1346 2036 1455 auch hier sind die Franzosen geschlagen. Doch in
3906 1300 5022 1432 Und dort die fränkischen Adler blinken?I
2071 1352 3670 1496 reichischen Sieger. Die Franzosen stellten die Lobau
437 1386 2019 1524 Eßlingen behaupten sie sich; jedes Haus eine Festung
3900 1404 4890 1501 Auf Brüder, stürzt euch mutig drein,
2077 1421 3682 1530 brücke wieder her. Sechs Wochen verstrichen in
3889 1461 4729 1576 Die Adler müssen unser sein!
426 1484 2036 1605 Hier ist der Stützpunkt der Getreideschüttkasten der Ge¬
2071 1490 3682 1599 sontätigkeit, Karl hielt seine position noch immer
426 1542 2025 1662 meinde. Marschall Lannes wehrt sich mit unerschütterlicher
3837 1496 5350 1634 Die jüngere Mneration empfand die Schmach der
408 1559 3693 1732 Kraft. Am Abend um 8 Uhr läßt Napoleon das öster¬ nicht für gut genug, hoffte auf Beistand von
3728 1593 5344 1720 Knechtschaft; Verbände von Fürst und Volk waren zer¬
2082 1622 3687 1726 Preußen, aus einen Völkerbund etc. Allerdings setzten
426 1674 2042 1801 reichische Zentrum durch Reiterei unter Bessières an¬
3733 1674 5350 1783 rissen, die Volksstämme gespalten, französische Satrapen
2100 1691 3676 1789 sich Blücher, Gneisenau. Bülow für Hilfeleistung ein
437 1743 2036 1858 greifen, aber der Angriff wird ebenso abgewehrt wie zu
2082 1743 5344 1875 Heinrich v. Kleist, Dahlmann, Barnhagen begingen das regierten in Deutschland. Groß ist die Drangsal der
420 1806 2036 1933 Mittag. Die Nacht bricht herein. Ohne Schlaf und
3739 1783 5356 1904 Deutschen, die in fernen Ländern, in Spanien wie in
2082 1806 3664 1933 Schlachtfeld von Aspern und riefen zur Allianz auf —
443 1875 2054 1990 Nahrung bivouakieren beide Gegner am Strande der
3739 1875 5356 1973 Rußland für den französischen Zäsar kämpfen sollen.
2094 1887 3693 1996 vergeblich. Es kam nach sechs Wochen zur Schlacht bei
2082 1939 5356 2071 Wogram (5. bis 6. Juli). Napoleon hatte alle Kräfte. Kraftvoll erhob sich das deutsche Volk im Norden und
443 1944 2054 2059 Donau. Die Oesterreicher hatten nachmittags die Ver¬
443 2008 2054 2123 bindung unterbrochen, brennende Schiffe den Fluß hinab¬
3745 2013 5356 2105 riß den Pienßenkönig mit sich. Oesterreich und Preußen
2088 2031 3699 2157 herangezogen, 180.000 Mann mit 1600 Geschützen zum
443 2065 2054 2209 schwimmen lassen, die Schiffsbrücke zu zerstören. Mit
3762 2077 5350 2174 fühlten, daß sie nur einzeln geschlagen werden konnten,
449 2094 3699 2272 übermenschlicher Anstrengung hatten die Franzosen in der Kampfe bereit. Wogram war eigentlich eine Artillerie-
3756 2146 5361 2226 sie vergaßen ihren Groll, und nach der Katastrophe
2111 2151 3699 2266 schlacht zu nennen. Wieder kämpften die Oesterreicher mit
3751 2209 5361 2307 Kapoleons von 1812 stehen sie 1813 vereint; zu ihnen
449 2226 1455 2353 Nacht die Brücke wieder hergestellt.
569 2226 3716 2393 Am Pfingstmontag den 22. Mai begann der Kampf der glänzendsten Bravour am rechten Flügel und im
3756 2261 5361 2370 treten auf dem schicksalsreichen Felde von Leipzig auch
2111 2289 3710 2410 Zentrum siegreich. Aber die Niederlage am linken Flügel
2813 2341 5356 2479 Karl hatte auf die Hilfe die Rheinbundesfürsten, die durch französische Gnade
472 2364 2048 2491 schon mit Anbruch des Tages; er erneuert sich um die
2100 2382 2819 2485 vernichtete den Sieg.
3756 2399 5367 2514 groß geworden. Mit elementarer Macht war der Zorn
443 2422 2054 2543 Objekte wie am Vortage, Napoleon wiederholt den Ver-
2123 2439 3705 2537 einer Brüder gerechnet. Johann stand bei Preßburg,
3762 2474 5379 2566 des Volkes Hervorgebrochen und die Dichter liehen ihm
466 2485 2065 2617 such, das österreichische Zentrum zu durchbrechen. Aus
2105 2502 3716 2640 Palatin Josef bei Komorn. Um 1 Uhr gab Karl die
2111 2537 5361 2669 Schlacht auf, den Befehl zum Rückzug — um 5 Uhr Worte. Schmerzvoller klingt keine Klage über Oesterreichs
466 2554 2048 2675 400 Geschützen läßt er auf die österreichische Infanterie
3762 2612 5350 2715 Fall als die des preußischen Dichters Heinrich v. Kleist
466 2623 2054 2732 wie auf eine Festung feuern. Ein grauenhastes Schau¬
2111 2635 3722 2744 kam Johann mit 11.000 Mann Fußvolk, 1200 Reitern
2105 2663 5367 2807 und drei Batterien, viel zu spät für eine günstige Ent= und Körner, der in patriotischen Gesängen zum Kampfe
466 2692 2059 2813 spiel! Dann ließ er fünf Divisionen geschlossen an¬
3756 2738 5373 2836 ruft und selbst dahinzieht, besingt die Sieger von Aspern
466 2755 2071 2876 rücken, die Reiterei an die Verbindungspunkte heran¬
2134 2761 3722 2870 scheidung der Schlacht, welcher er wohl auch keine glück¬
2117 2801 5367 2951 liche Wendung hätte geben können. Die Oesterreicher und Hofers Tod. „Vaterland, in tausend Jahren kam
460 2830 2071 2940 rücken und einhauen. Schon lösen sich die österreichischen
3774 2865 5361 2974 dir solch ein Frühling kaum,“ ruft Max v. Schenkendorf
460 2899 2065 3014 Bataillone, es entsteht eine Lücke, die Franzosen rücken
2105 2905 3728 3026 zählten bei Wagram 20.000 Tote und Verwundete. Sie
3785 2928 5373 3026 — der Vorbote dieses Frühlings heißt — Aspern. Auch
466 2963 2077 3072 vor, der Durchbruch scheint geglückt. In diesem gefahr¬
466 2968 3728 3135 vollen Augenblicke führt Erzherzog Karl selbst Truppen hatten zwölf Adler und mehrere französische Fahnen erbeutet
3768 3003 5373 3112 für uns ist das bei Aspern vergossene Blut nicht ver¬
2105 3037 3722 3152 eine Fahne verloren. Ihr Kampf bei Wagram wird von
3779 3060 5373 3187 geblich geflossen. Nach manchen schweren Schlägen und
466 3095 2077 3216 herbei. Hohenzollern und Oberst Mecsery desgleichen,
477 3101 3716 3273 um den Sturm von vier französischen Reiterregimentern / Kennern höher gestellt als der Sieg von Aspern. Aber
3774 3129 5367 3227 Verlusten auf den Schlachtfeldern in jüngster Zeit ist der
2111 3170 3739 3273 die Folgen dieser Niederlage waren entsetzlich. Ein
2123 3198 5379 3354 Waffenstillstand bei Znaim machte den Feindseligkeiten Weltruhm des Tages von Aspern für uns erhebende
477 3227 2065 3331 abzuwehren. Die Lücke wird ausgefüllt, die Oesterreichen
2117 3262 5396 3417 ein Ende, Karl verschwand vom Schauplatze; an dem Erinnerung und ein Wahrzeichen unserer Kraft. Der
489 3290 2077 3411 schreiten jetzt zum Angriff vor. Der dramatische Moment
2128 3325 5402 3480 großen Befreiungskriege von 1813/14 hatte er ruhende Löwe auf breitem Stein an der Kirche zu
483 3354 2065 3486 ist gekommen! Karl ergreift die Fahne des Regiment
3779 3400 5396 3498 Aspern, eine Erinnerung an die vor 100 Jahren am
489 3428 2071 3544 Zach und führt ein Bataillon in den Kampf. die anderen
2128 3434 3739 3578 keinen Anteil. Doch die nachfolgenden Geschlechter ehrten
2146 3457 5379 3607 sein Andenken; seit Wallenstein und Eugen hatte die 21. und 22. Mai gefallenen Krieger, das Reiterstandbild
483 3492 2071 3613 folgen nach. Oberst Smola führt seine Batterien - an
2117 3521 5384 3670 Armee keinen Führer, der so allgemein beliebt war! Dem / des die Fahne hochhaltenden Erzherzogs Karl und das
483 3555 2077 3664 und schleudert ganze Ladungen auf den Feind. Der Sieg
3779 3595 5384 3705 jüngste, aber wirksamste Denkmal auf dem Deutschmeister¬
483 3630 2071 3739 im Zentrum ist entschieden! Die Tapferkeit der Fran¬
489 3630 3739 3802 zosen kann nicht mehr standhalten, es ist zwischen 8 und Waffenstillstande folgte nach langen Verhandlungen. die
2128 3653 5413 3814 ein neuer Minister — Metternich — filhrte, der Schön¬ platze, das eine historisch beglaubigte Szene, ein Beispiel
2128 3728 5407 3883 brunner Friede. Er bestätigte die ungeheuren Verluste des von schier unglaublicher Selbstaufopferung plastisch dar=
483 3756 2094 3866 9 Uhr morgens. Napoleon gibt den Tag verloren. Dazu
3791 3791 5407 3963 stellt, sind in unserer Stadt lebhaft sprechende Zeugen
483 3820 2094 3935 hatten die Oesterreicher wie in der Nacht des Vortages
2140 3825 3739 3958 Preßburger, beraubte Oesterreich seiner schönsten Länden
495 3871 5114 4073 Süßerung des Stückunges um jeden Preis geliebten im Gebrage und an der See, zwang es zur Ohnmacht, für Oesterreichs Rumm und seine Lebenskunft.
495 3894 2088 4004 die Brücke auseinandergerissen Eßlingen sollte zur
