6232 4792
695 193 1009 326 gekommen:
1354 193 1523 308 3
786 224 1299 411 Die wiederholtigen
1293 254 1565 411 Timmer
5101 332 5306 459 F.
1287 357 1517 508 A.W.F.
768 387 1215 568 Mikkelinen
1843 423 2206 574 Neugebäud.
707 453 1559 713 (v.t.)
4019 435 5415 677 Maßstaßen
1910 538 2822 737 Kaiser-Ebersdorf
4388 623 5143 737 G.Freytag & Berndt,Wien.
1106 604 1523 768 Gewinnssekowre
2260 671 5518 864 durch allerlei Zufälligkeiten und Umstände schwer bekin=1 täwliche Kritik, die dies abzustreiten sucht, ins Unrecht
3928 816 5506 931 setzt. Was diesem Siege zur vollen Reise, zur machtver¬
653 743 2230 919 konnte Napoleon nicht senden, da abermals ein vom
647 846 3880 985 Hauptmann Magdeburg veranlaßter Brückenbruch etwa derten Operation nicht mit einer vernichtenden Niederlage
3916 870 5488 967 ändernden und staatenzerstörenden Schicksalsfügung fehlte
2291 888 3874 1021 gestraft. Der Kaiser, dem das verfehlte Unternehmen bei¬
653 943 2248 1046 15.000 Mann, die unter Davoust noch bei Kaiser-Ebers¬
2291 949 5518 1064 läufig 20.000 Mann, darunter über 1000 Offiziere kostete, wurde mehr nachlich dadurch wettgemacht, daß nicht
653 1009 2254 1100 dorf standen, vom Schlachtfeld abschnitt. Wohl hätte der
3928 1009 5494 1088 ein beliebiget Heerführer, selbst nicht ein etwas über dem
629 1033 3874 1185 Kaiser noch seine Garden in die Wagschale werfen können, I kam mit einem blauen Auge davon, der Erfolg des
2285 1070 5512 1209 Generalissimus, mit rund 23.000 Mann, hiebei 807 Offi¬ Durchschnitt st=hender Feldherr, sondern das gewaltigste
2278 1136 5524 1281 ziere, erkauft, entbehrte des vollbefriedigenden Abschlusses.  Schlachtengenie aller Zeiten, der Kriegsgott selbst, wie er
653 1130 2242 1233 doch verbot ihm die ungünstige und gefährliche Lage,
3928 1197 5536 1336 oft genannt wurde, in diesem großen, Ringen den
653 1215 2224 1311 diese letzte Reserve auszuspielen, deren er bei einem Miß¬
2424 1233 3874 1348 Und dennoch war Aspern ein herrlicher, die Bedeutung
647 1275 2248 1366 erfolg dringend zur Deckung des schwierigen Rückzuges
3934 1287 4291 1384 kürzeren zog
647 1311 3874 1457 bedurfte. Er beorderte das Korps Lannes in die vorige anderer Waffenerfolge weit übertreffender Sieg! Mit dem
4049 1305 5524 1438 Wenn auch die unmittelbare Ausnützung des Sieges
2285 1366 3868 1475 veralteten Rüstzeug der Liecartaktik hatten der Generalissimu
2291 1402 5524 1547 und sein Heer dem größten Schlachtenmeister und seinen unterblieb, so wurde die Schlacht keineswegs zwecklos
653 1414 1100 1529 Stellung zurück
774 1414 2254 1565 Der Generalissimus drängte nach, eiferte die Kom¬
2297 1469 5512 1608 auf der Höhe taktischer Vollendung stehenden Streitern die | oder umsonst geschlagen. Sie erlangte vielmehr eine un¬
671 1523 2254 1638 mandanten beider Flügel zum Sturm auf die beiden
3947 1529 5530 1650 geheure Bedeutung sowohl für die Monarchie als auch
2309 1565 3886 1674 Spitze geboten, einer Armee erfolgreich getrotzt, welche die
3934 1608 5530 1710 für ganz Europa durch die Folgen, die sich an die
659 1596 2242 1704 Dörfer an und brachte Napoleon derart in Bedrängnis
659 1632 3874 1771 daß dieser bereits den Rückzug in den letzten Abschnitt leichflüssige, bewegliche,bringing und das Gelände aus
2285 1668 5524 1801 nützende Gefechtsführung der Revolutionsheere mit einer Tatsache knüpften, daß nicht der Erzherzog Karl, sondern
659 1716 2260 1874 vor dem Stadtler Arm, an den Rand der Mühlau,
2303 1747 4938 1904 auf zahllosen Stätten des Sieges erworbenen Uebung und
4067 1753 5524 1910 Eine Niederlage des Generalissimus bei Aspern hätte
677 1825 870 1934 erwog.
792 1807 2242 1964 In dieser Krise brachte ein Gegenstoß der jungen
2303 1861 2780 1970 Routine verband.
3947 1874 5524 1994 weisellos die bereits feststehenden Pläne Napoleons, auch
2436 1849 3898 2019 Zum erstenmal hatte der große Korse nach zauber¬
671 1928 2248 2031 Garde, die das vierte Korps aus Eßling herauswarf un
2315 1940 5536 2097 haften Siegen den Rückzugsbefehl erteilen müssen, der eine gänzliche Zertrümmerung des Donaureiches, dieses
677 1988 2254 2097 diese zermürbten Truppen, die ein Drittel ihres Streiter
2315 2007 5530 2146 Glaube an seine Unüberwindlichkeit war gebrochen. Wie hartnäckigsten und störendsten Feindes des Imperators,
701 2055 2248 2200 standes eingebüßt hatten, weit zurückscheuchte, einen Um
3953 2073 5524 2188 nach sich gezogen. Den Rheinbundfürsten und dem König¬
2315 2097 3904 2206 viel todesmutige Hingebung und Begeisterung gehörte
683 2121 2254 2236 schwung. Der Generalissimus, stets in der Sorge, das
3953 2152 5530 2254 reich Italien einen Teil der Beute zuweisend, den
2297 2176 3898 2266 dazu, um all die Mängel wettzumachen, die ein über¬
671 2188 2254 2297 die ihm gegen 10 Uhr-vormittags gemeldete Brückenzer
2309 2206 5542 2339 lebtes Kriegswesen dem Heere des Generalissimus ohne anderen in kleine Staaten unter französischer Ober¬
695 2242 2248 2369 störung wieder behoben sei, glaubte nicht anders, al-
3947 2272 5530 2381 hoheit zerlegend, wäre nicht nur Napoleons
2309 2303 3904 2411 Verschulden aufbürdete! Diese reiche Entfaltung solch wert-
689 2315 2260 2442 daß frisch eingelangte Verstärkungen die Niederlage seines
3941 2339 5542 2478 Macht bedeutend gewachsen, sondern auch die Reihe seiner
2309 2375 3892 2484 voller moralischer Faktoren erscheint um so erstaunlicher
683 2381 2260 2490 linken ###ügels herbe###führt hätten. Wenn die Franzosen
3959 2399 5530 2514 Feinde um ein wichtiges Glied geschwächt worden, so
2315 2436 3910 2550 als die niederdrückenden Ereignisse eines verlorenen Feld=
683 2442 2260 2557 ihren Siegeslauf fortsetzten und in die Flanke des von
3971 2472 5554 2599 daß er seine Herrschaft über Europa wohl unerschütterlich
2333 2502 3910 2623 zuges unmittelbar vorangingen, eine Leistung, die in der
683 2514 2266 2629 langem Kampfe erschöpften Zentrums einschwenkten, stand
3965 2563 4394 2689 begründet hätte.
695 2581 2285 2689 eine Katastrophe, die den Untergang der Monarchie be¬
2315 2569 3898 2689 Kriegsgeschichte aller Völker kaum ihresgleichen findet
4080 2569 5542 2720 Aspern rettete den Bestand der Monarchie, deren
2448 2629 3910 2762 Erhebt dies Aspern zu einem besonderen Ruhmes¬
695 2647 2278 2762 deutete, bevor. So erhielt denn die Mitte den Befehl zum
2321 2689 5536 2822 blatt des alten kaiserlichen Heeres, so darf überdies nicht militärische Kraft der französische Kaiser erst hier kennen
3959 2750 5536 2859 und richtig schätzen lernte. Hinsort war von ihrer Zer¬
683 2750 955 2847 Rückzuge
810 2738 2278 2889 Wohl wurde der Erzherzog bald gewahr, daß die
2321 2786 3916 2895 verkannt werden, daß Napoleon, so sehr er auch die Welt
3959 2810 5542 2925 trümmerung nicht mehr die Rede, und als der nächste
707 2847 2278 2961 Franzosen bei Eßling untätig blieben, worauf er, den
2333 2853 3916 2974 glauben machen wollte, er habe in der von ihm nach
3965 2877 5542 2986 Waffengang bei Wagram wohl einen Sieg, aber gegen¬
689 2913 2291 3022 Vorstellungen Liechtensteins nachgebend, die Truppen
701 2925 3922 3088 wieder umkehren ließ. Doch kam es nicht mehr zum Eßling benannten Schlacht eigentlich einen Sieg erfochten,
3971 2943 5554 3064 über der schwächeren, jedoch vom Erfolg bei Äspern
2339 2980 3916 3106 sich dem nachhaltigen Eindruck eines schweren Miß
3977 3016 5548 3119 mächtig gehobenen Armee des Generalissimus keineswegs
701 3040 2278 3161 Angriff seitens der übermüdeten, von Hunger und Durst
2339 3064 3928 3161 erfolges nicht zu entziehen vermochte. Dies zeigen am
3971 3088 5554 3197 im gewohnten großen Stile brachte, beeilte sich Napoleon,
701 3125 2291 3239 gequälten, in einem Zustand begreiflicher Nerven¬
2339 3125 3922 3227 besten die umständlichen und gegen alle möglichen
2357 3149 5548 3282 Zwischenfalle wappnenden Vorbereitungen für die zu einem Uebereinkommen zu gelangen, das dem Kriege
701 3173 2285 3300 abspannung besindlichen Truppen. Eine Kanonade bis
3971 3221 5560 3324 ein Ende machte. Aber nicht nur wegen des vereitelten
701 3245 2285 3391 zum Einbruch der Dunkelheit beendete die Schlacht, nur in
2345 3233 3922 3360 Revancheschlacht, die sorgsame Heranziehung aller nur
3971 3270 5554 3384 ungemessenen Machtzuwachses Napoleons und der dadurch
701 3318 2285 3427 Aspern wurde ernstlich weiter gekämpft. In der Nacht ver¬
2339 3324 3922 3433 irgend entbehrlichen Streitkräfte und endlich die Tatsache
2333 3354 5566 3499 daß der neuerliche Donauübergang, für den der Imperator | bedingten Schwächung seiner Gegner wurde Aspern für
695 3384 2285 3487 mochte Napoleon sein gleichfalls schwer erschüttertes Heeft
2345 3415 5560 3566 in seinem heißen Bestreben, die Scharte baldmöglichst die spätere Befreiung Europas von ausschlaggebender Be¬
701 3445 2285 3554 unbehelligt in die Lobau zurückzuführen. Die klägliche
3983 3481 5566 3590 deutung. Mit Segenswünschen und froher Hoffnungen
719 3524 2291 3614 Situation dieser durch drei Tage vom linken User abge
2333 3530 3922 3632 auszuwetzen, zuerst Ende Mai und dann den Tag von
2351 3542 5566 3705 Marengo, 14. Juni, ansetzte, sich um sechs Wochen, bis voll, hatten die Patrioten aller Länder den Fortgang des
719 3590 2285 3675 schnittenen, an Verpflegung und Munition Mange
2345 3614 5566 3777 zum 4. Juli, hinausschob, weit Napoleon nicht eher los¬ vom Kaiser Franz unternommenen Befreiungswerkes ver¬
719 3650 2303 3783 leidenden Truppen wurde nicht einmal auszunützen ver¬
3995 3681 5572 3783 folgt; so verbreitete der schlimme Ausgang der ersten
2363 3723 3953 3868 zuschlagen wagte, als bis er mit Sicherheit alle Trümpfe
4001 3741 5560 3862 Phase des Krieges allseits die tiefste Entmutigung, und
719 3741 901 3856 sucht.
822 3747 2303 3886 So erscheint Aspern, lediglich vom taktischen Stand¬
2454 3814 5566 3959 Diese tiefachende Wirkung führt eine überzeugende  der Glaube, daß jemals eine Wendung eintreten könne,
2351 3814 2907 3922 in der Hand hatte.
707 3838 2285 3953 punkte betrachtet, als ein sozusagen passiver Erfolg
3983 3886 5584 4001 verlor gänzlich an Boden. In dumpfer Ergebenheit be¬
713 3904 2291 4019 Napoleons Absicht eines Ueberganges in das Marchfeld
725 3922 3934 4080 wurde vereitelt, aber das Wagnis einer an sich schwie¬  Sprache, daß Aspern ein Sieg des Erzherzogs Karl und
725 3947 5578 4170 rigen, auf lästigen Voraussehungen aufgebaaten und seines Leeres auch im landblücklichen Sinne der und sich gann sich alles in ein scheinter unvermeidliches Hausen
