5960 3768
3863 67 5447 183 Die Dingenmus siegleich und schölösen derweilende Dea¬
3442 85 3698 177 Beitung:
1286 128 1572 201 haerin
3850 152 5459 219 Partei an der Spitze der Geschäfte in Ungarn verbleibe.
621 110 3802 256 jetzt selbst mein kleiner Sohn Ministerpräsident sein in Gefahr, jeden Augenblick zu zersammen. Schon sei
2224 213 5447 311 einiger Zeit“ — heißt es in einer damaligen Aufzeich¬ Merkwürdig, daß in dieser Beziehung auch der russische
597 244 2175 329 könnte, ohne daß daraus dem Lande ein Nachteil er
3850 280 5453 372 Premier, Fürst Gortschakow, der sonst so eingefleischte
2230 274 3790 372 nung —.kann man wahrnehmen, daß die Regierun
615 305 2193 408 wachsen würde.“ Als Andrassy sich in diesem Sinne
2218 353 5441 426 und die Partei nicht mehr im Einklang miteinander sind. Gegner der Monarchie, vollkommen mit Bismarck einver¬
597 372 2175 481 äußerte, rechnete er auf den innigen Zusammenhalt de
2218 408 5441 506 Deak ist unruhig, ungeduldig und die Minister imponieren standen war. Er würde es, äußerte damals der russisch¬
609 439 2175 554 Deak-Partei und damit, daß deren Führer und die ihm
2199 481 5453 567 ihm nicht; er ist launenhast, kümmert sich nicht viel Minister, sehr bedauern, falls man sich in Oesterreich auf
609 512 2193 609 ergebenen Unterseldherren mächtig genug sein werden,
3863 621 5447 713 straße aus vor die kaiserlichen Stallungen kam und
2236 597 3802 731 trotz aller Bitten und Abmahnungen — zu sehen, was los
603 646 2163 743 gehindert zu werden, dem Tore zu. Kaum angekommen
3850 695 5459 774 langs derselben hinritt; kaum von den Kanonieren der
2242 676 3802 774 sei. Ich lief durch die Burg auf die Burgbastei, von wt
628 713 2181 822 sah ich, wie durch das kleine Gehtor von einzelnen aus
3850 755 5441 835 Stadt erblickt, empfingen ihn Kanonenschüsse, die, rasch
2230 762 3808 853 die stärkste Kanonade her erdröhnte. Von dort sah ich
609 780 2187 890 und eingehenden Husaren gefangen genommene und schwer
2230 822 5435 914 wie von allen Bastionen und Vorwerken, beinahe vom sich folgend, ihn auf seinem Ritt, den er nun aus leich
609 847 2181 950 blessierte französische Chasseure eingebracht wurden
3850 883 5459 975 begreiflichen Gründen voutre à terre zurücklegte, förmlich
2224 908 3790 987 halben Umkreis der Stadt, ein heftiges Feuern au
609 908 2187 1017 darunter zwei Offiziere mit klaffenden Wunden im Gesicht
3850 944 5447 1042 Spießruten laufen ließen, bis er, glücklich, mit heiler Haut
2230 975 3796 1048 allen Geschützen, Kanonen, Bomben und Granaten nach
609 981 2187 1072 und ein am Hinterhaupte schwer durch einen Säbelhieb
3857 1011 5447 1121 hinter den Häusern der Vorstadt Schutz sano
2218 1036 3814 1127 den kaiserlichen Stallungen hin eröffnet war. Durch die
609 1048 2175 1145 blessierter Gemeiner (den ich später zur Heilung au
2230 1091 3808 1188 Wallbrüstung war mir die Aussicht dahin verdeckt; da
3966 1091 5453 1194 Mit einbrechender Nacht ward wieder alles so ruhi;
597 1109 2175 1206 meine Krankenabteilung bekam), zuletzt ein grimmi,
609 1164 3790 1304 um sich blickender rothaariger Trompeter. Hierauf trat ohne zu bedenken, was ich tat und welcher Gefahr
3857 1176 5447 1261 und still, daß man die Fußtritte der Patrouillen au
2218 1218 3790 1304 mich aussetzte, sprang ich auf sie hinaus und sah nun
3850 1231 5459 1328 der Straße von weit her hörte. Auch im eigenen Hause
615 1255 914 1359 Ruhe ein
2230 1298 3808 1389 wie das gerade gegenüber gelegene kaiserliche Stall
3850 1310 5447 1395 war es still. Ermüdet von den Aufregungen des Tages
731 1273 2187 1389 Das Tor wurde aufgeschlossen.und die Husaren zogen
2230 1371 3808 1474 gebäude, welches von den Franzosen besetzt und aus dessen
3857 1377 5453 1456 setzte ich mich auf einen Stuhl, legte mir auf die Fenster
609 1371 2187 1474 ab. Um zu erfahren, wie und was diese Episode herbei
2224 1432 3802 1529 Fenstern ein Musketenfeuer gegen die Bastionen unter
3850 1438 5465 1535 brüstung einen Polster zurecht, machte es mir bequem
609 1444 2175 1554 geführt hatte, fragte ich den hier ganz ruhig Wach
2224 1487 3808 1572 halten wurde, die Zielscheibe war, wohin alle Geschoss
3863 1511 5471 1602 und schlief sofort ein. Doch kaum, daß ich die Augen
615 1511 2175 1602 haltenden Bürgergardisten, denn diese waren beordert
2236 1572 3796 1651 sich richteten. Der Effekt dieses furchtbar großartige
3857 1572 5471 1675 geschlossen haben konnte, weckte mich ein heftiger Schuß
615 1572 2181 1682 Ruhe und Ordnung in der Stadt aufrechtzuhalten, und
2236 1627 3814 1718 Schauspieles fesselte mich derart, daß es mir gar nicht
3863 1645 5477 1736 aus einem schweren Geschütz aus dem Schlaf, und die
609 1639 2175 1736 erfuhr, daß mit einem Male durch dieses kleine Tor ein
615 1694 3820 1803 Trupp Retter hereingekommen und die Kämmerstraße einfiel, wie ich mich dem Musketenfeuer geradezu als
3863 1706 5465 1797 Augen aufreißend, sah ich, wie eine brennende Granate
2248 1761 3808 1852 Zielscheibe hingestellt hatte. Im Gegenteil fühlte ich durch
609 1773 2181 1870 entlang geritten sei. Im ersten Moment hatten sie die
3863 1773 5459 1883 hoch über die Burg und uns hinweg, nach der Mitte der
628 1828 3808 1925 selben für Oesterreicher gehalten, weil sie so harmlos sich die sichtliche Wirkung der großen Geschütze, besonders
3863 1840 5477 1931 Stadt zu flog; ihr folgte schnell eine zweite, eine dritte
2230 1895 3808 1974 der Granaten, deren parabolischen Flug durch da
609 1907 2181 1992 benommen, dann aber, ihren Irrtum einsehend, hatten
3857 1913 5471 1998 und immer mehr, in steigender Menge, einem Schwarn
2230 1956 3808 2047 Drehen um ihre Achse und deren Einschlagen durch da
609 1974 2181 2078 sie schnell die auf dem Josefsplatze aufgestellten Szekle
3857 1968 5465 2065 Raketen ähnlich, die alle ihren parabolischen Flug nach
2242 2017 3820 2157 Dach des Gebäudes man deutlich verfolgen konnte, mid-
3857 2041 5471 2138 der Mitte der Stadt und gegen die Leopoldstadt zu
615 2035 2175 2126 Husaren in Kenntnis gesetzt, und diese hatten dann ihr
2236 2090 3692 2187 derart angezogen, daß, um ein Resultat zu sehen
3857 2108 5477 2199 nahmen. Beer, aufgeschreckt, starrte stumm mich an, als
615 2102 2193 2205 Schuldigkeit getan, die fliehenden Chasseurs an der Brücke
2224 2151 3710 2273 auf alle Gefahr vergaß; um so mehr, als es mir
609 2175 2187 2273 über die Wien eingeholt und gefangen genommen
3857 2181 5471 2266 im selben Momente die Mutter, händeringend, schreiend
2236 2218 3692 2309 nicht beisiel, die Tragweite der Musketenkugeln
3869 2242 5471 2340 „Mein Kind, mein Kind“, in das Zimmer stürzte. Aus
615 2242 2175 2333 Später erfuhr ich, daß zwei junge französische Ossiziere
2242 2291 3710 2382 bemessen. Die Franzosen, denen es wahrscheinlich
609 2309 2187 2425 Attachés bei dem zurückgehaltenen Botschafter, genau be
3857 2303 5471 2407 dem Flug der nach der Stadt geschleuderten Wurfgeschoss
2242 2358 3716 2461 um eine Alarmierung und um die Kenntnisnahme
609 2376 2175 2467 kannt mit der Lage Wiens und der bestehenden Un¬
2236 2382 5489 2516 Verteidigungsmaßregeln zu tun war, standen bald ab richtig schließend, daß es nur Granaten seien, und in der
2236 2449 5465 2577 von dem ungleichen Kampfe zwischen Muskete und Erwägung, daß das von uns bewohnte Haus durch
597 2449 2175 2522 ordnung, eine Vorpostendienste versehende Abteilun
609 2504 2175 2589 Chasseurs zu diesem unbesonnenen Unternehmen verleite
3869 2498 5483 2601 seine Lage unmittelbar an der um mehrere Stockwerke
2236 2547 3820 2650 Kanone, das Schießen aus den Fenstern verminderte sich
609 2577 2187 2675 hatten. Unverweilt eilte ich nach Hause, um jedem beun
2236 2577 5471 2711 immer sehr und mehr und hörte endlich ganz auf. höher aufgebauten, stark gemauerten Burg zunächs
3863 2650 5483 2748 nichts zu fürchten habe, suchte ich sie nach Kräften zu be-
609 2638 2078 2742 ruhigenden Gerüchte in der Familie zuvorzukommen.
2236 2687 3826 2778 Damit verstummte auch der Kanonendonner, und es tra
725 2681 2169 2821 Rasch drängten und folgten sich nun die kriegerische
3869 2711 5465 2821 ruhigen. Aber all mein Zureden half nichts; ja di
2236 2742 3814 2851 wieder vollkommene Ruhe und Stille ein, so lange, bi
2248 2772 5477 2918 ein in den Straßen der Vorstädte streisender Vorposten — Angst stieg aufs höchste, als ein heftiges Getöse, wie
597 2766 2193 2870 Ereignisse in und um Wien. Es war gegen 4 Uhr
2236 2851 5483 2985 auf dem Glacis sichtbar wurde, wo dann augenblicklich aus vom Fallen von Steinen auf unser dicht über uns be.
603 2851 2181 2924 nachmittags, gerade als wir bei Tische saßen, daß ohn
597 2918 2193 3016 das geringste Vorzeichen die heftigste Kanonade auf den
3869 2918 5489 3016 findliches Dach sich hören ließ. Es war dadurch erzeugt
2236 2949 3814 3046 einer der nächsten Donnerbüchsen auf ihn losgeknallt wurde
597 2973 2187 3077 Basteien anlub. Ein Zeichen, daß irgend ein Angrif
3869 2991 5495 3077 worden, daß eine etwas tiefer fliegende Granate von der
2230 3022 3826 3138 So sah ich auch, wie ein Chasseur à cheval, wahrschein
597 3040 2181 3144 auf die Stadt von seiten der Franzosen stattfände. Wi
597 3052 5495 3223 am Morgen, ja trich es mich auch jetzt auf und fort liß aus Versehen oder Uebermut, von der Mariahilfer Neuermauer der Burg Leaal abgerissen und auf unser
