4248 6088
2521 417 3465 563 Neue Freie Presse.
1398 454 1925 555 Wien, Donnerstag
592 490 863 596 Seite 10
2184 543 3781 648 Schüttkasten von Eßling. Die kleinen, vergitterten Fenster-
527 604 2152 717 doch auf dem Wege nach Freunden und Helfern Aus¬
527 608 3781 778 schau hielt. Wer mutig beginnt, vollendet ehrenvoll! luken, blicken uns feindselig an wie Schießscharten. Was
2205 681 3777 782 für Saat burg dies Haus Hei, wie die Kugeln pfeifen!
515 734 2119 847 Bewohner Deutschlands, merkt auf die Stimme aus Oester
2180 734 3785 855 Da hat sich der Marschall Lannes eingerichtet, als wär's
515 798 2132 916 reichs glücklichen Fluren; sie ruft euch zu den Fahnen
2184 806 3793 928 für alle Ewigkeit. Als sollte ihn keine Macht der Welt
527 867 2128 981 eines deutschen Heerführers, der euch so oft zum Siege
2184 871 3781 985 mehr verdrängen. Vor der Kirche von Aspern tönt die
527 932 2140 1050 leitete. Zum letztenmale eilt Karl zu euch! Er will, er
2192 936 3785 1054 keifende Stimme des schlauen Banditen Massena, des
527 993 2140 1114 wird euch retten!“ Es galt ganz Europa. Aber das
2184 1005 3789 1114 Herzogs von Rivoli. Immer wieder haben ihm die
531 1066 2132 1183 Donnern der kaiserlichen Artillerie hatte auf viele Jahre
2196 1074 3797 1183 Oesterreicher das Dorf entrissen, immer wieder
527 1135 2148 1240 hinaus alle Ohren taub gemacht, niemand hörte die
2192 1159 3672 1268 hat er's zurückerobert. Wohin neigt sich
519 1195 2140 1305 Werbetrommel. Nur Napoleon hörte sie. Und die Bundes¬
2209 1204 3789 1313 Sieg? Im Mitteltressen brandet die Reiterschlacht.
539 1272 2144 1394 genossen, die Oesterreich gesucht, boten ihm ihre Dienste an.
2192 1277 3793 1382 Die ungarischen Husaren schwingen ungestüm ihre
527 1341 2140 1451 Er hatte gerade mit dem bewaffneten Spanien, das sich gegen
2184 1333 3777 1443 Säbel, wie vom bösen Geist besessen. Vorsichtig zielend
539 1390 2140 1503 seinen Bruder Josef empörte, vollauf zu tun, aber er ließ
2196 1398 3797 1532 stoßen die Franzoien zu. Vornehm ruhig sitzt Graf
539 1471 2144 1585 doch nicht lange auf sich warten. Reiste der österreichischen
2196 1475 3801 1580 Casalle zu Pferde. Außer Prinz Murat kann sich kein
543 1536 2156 1649 Armee gleich entgegen, auf dem nächsten Weg über
2196 1536 3805 1649 Reiter der kaiserlichen Armee ihm vergleichen.... Am
547 1597 2160 1726 Paris. Dort hielt er sich gar nicht lange auf. Am
2217 1601 3797 1714 schwächsten Punkt aber steht er selber, der Kaiser. Be
551 1670 2156 1787 13. April um 4 Uhr morgens verließ er seine Residenz,
2201 1666 3805 1779 Regensburg ist ihm eine Kugel i: den Fuß gefahren. Er
539 1734 2160 1840 zwei Tage darauf war er schon in Donauwörth und
2209 1730 3813 1844 ließ nur das Stück Leder über der Wunde vom Stiefel
543 1795 2156 1905 vierundzwanzig Stunden später verlegte er das Haupt¬
2209 1795 3809 1909 schneilen und stieg wieder auf seinen braven Schimmel
555 1852 2156 1978 quartier nach Ingolstadt. Am liebsten wäre er gleich nach
2209 1872 3801 1978 der neugierig Kartätschensplitter beschnupperte. Er ha¬
555 1937 2156 2042 Wien weitergefahren, aber er mußte es sich doch gefallen
2205 1933 3809 2047 keine Zeit, der Gefahr zu achten, der Kaiser. In einem
535 1994 2160 2119 lassen, in aller Geschwindigkeit einige Schlachten zu
2217 1998 3826 2111 Halbkreis umspannt jetzt das österreichische Heer seine
551 2055 2172 2172 liefern. Gleichsam im Vorübergehen. Das Gefecht bei
2209 2063 3809 2180 Truppen. Die Geschosse kreuzen sich über seinem Kopfe
551 2136 2164 2233 Abensberg war um 11 Uhr nachts entschieden, um
2209 2136 3813 2253 Einem Adjutanten wird beim Gruß der Hut fortgeschossen
555 2192 2156 2302 3 Uhr morgens ging's weiter nach Landshut. Zum ersten
2229 2201 3813 2306 Der Kaiser lächelt : „Wie gut, daß wir beide so klein
551 2261 2160 2363 Frühstück begann das Treffen, das Dejeuner wurde
2241 2261 3826 2375 sind.“ Er lächelt und sieht schon, daß Aspern verloren
2209 2322 3813 2448 ist. Das Ringen zweier Tage vergeblich. Zerrissen die
2209 2395 3809 2504 Donaubrücke, Davout abgeschnitten. Und drüben bei der
1422 2456 2172 2549 Frühsonne die Türme
2221 2460 3826 2573 Oesterreichern, die jetzt ganz nahe heranrücken, ein
2221 2533 3813 2646 Jubeln, ein Jauchzen. Wer führt die Grenadiere vor, un
2229 2590 3830 2707 aufhaltsam? Ein Offizier, dessen Pferd sich hoch auf
2221 2671 3842 2772 bäumt. Ueber seinem Haupt flattert eine Fahne. Napoleon
2233 2731 3842 2841 kennt ihn. Er hat ihn selber einmal zu sich gebeten, um
567 2326 2172 2448 schon in der eroberten Stadt serviert und das
567 2403 2168 2508 Diner nahm man in Eggmühl. Den nächsten
563 2468 1374 2594 Morgen blitzten in der
563 2525 2184 2634 von Regensburg auf. Nur vorwärts, vorvörts über
567 2594 2172 2711 Braunau, Wels, St. Pölten, als ging's in der Extra¬
567 2658 2172 2784 post.... Ganz formlos zog der Kaiser in Wien ein. Ritt
563 2727 2172 2837 eines Nachmittags von Schönbrunn aus durch die Wieden
588 2796 2172 2906 Die Kutscher, die gerade ihre Wagen von einer Prater
2241 2796 3842 2914 ihm die Hand zu schütteln. Ihm, dem einzigen Offizier,
571 2857 2176 2983 fahrt heimwärts lenkten, hielten erschrocken die Pferde
2241 2865 3850 2979 mit dem es sich verlohnt, Krieg zu führen. Der ihn nun
580 2926 2180 3043 an. Auf den Wällen stand die Bürgerschaft wie zum
2241 2950 3343 3052 als erster besiegen soll: Erzherzog Karl
580 2995 2180 3112 Feste herausgeputzt. Viele kannten den Kaiser schon von
2359 2966 3850 3112 Zurück! Zum erstenmal zurücke! Man kann auf der
2253 3060 3838 3173 Lobau noch ganz genau den Platz sehen, wo das Zel
575 3064 2196 3173 früher her. Und da geschah das Merkwürdige: Die
563 3133 2184 3242 Männer rissen ihre Hüte vom Kopf, die Frauen schwenkten
2245 3129 3850 3238 des Kaisers stand, das keiner zu betreten wagte, als man
580 3197 2192 3307 ihre Spitzentücher. Alle schrien: „Vivat!“ So groß war
2241 3193 3846 3303 ihm nach der verlorenen Schlacht den Marschall Lannes
575 3266 2196 3380 die Macht dieser Persönlichkeit, daß sie noch in Feindes¬
2253 3270 3846 3380 brachte, mit zerschmetterten Gliedern, sterbend. Stumm
2257 3323 3858 3449 saß der Kaiser bei seinem Freund und küßte ihn und
575 3331 2196 3441 land Begeisterung entslammte. Ganz allein ritt der
575 3400 2201 3501 Kaiser, das kleine Gesolge hatte zurückbleiben müssen.
2261 3388 3854 3509 weinte.... Sein Freund Lannes! Der war überall mit
2245 3457 3846 3582 dabei gewesen. Bei Lodi und auf der Brücke von Aïcole
575 3465 2196 3574 Ganz langsam ritt er, als habe er durchaus keine Eile.
592 3530 2213 3651 Freundlich grüßte er nach rechts und links, wie bei einem
2257 3538 3866 3647 wo er sich drei Wunden holte. Dann in Aegypten beim
592 3595 2201 3716 Spaziergänge in Paris, und kehrte erst zum Diner nach
2273 3603 3854 3712 Sturm von Saint-Jean d'Acre, da er wie tot auf dem
2257 3663 3858 3785 Schlachtfeld blieb. Dann am 18. Brumaire in Paris:
592 3676 2217 3773 Schönbrunn zurück. Als es Schlafenszeit war. Die
2257 3728 3850 3850 Die Garde vor! Und bei Austerlitz, wo er den linken
588 3728 1884 3854 Reise hatte ihn doch ein wenig müde gemacht.
2273 3793 3854 3927 Flügel führte, und bei Jena, wo er im Zentrum stand,
705 3797 2201 3927 Indessen stand jenseits der Donau Erzherzog Karl,
2273 3870 3878 3984 und bei Friedland, wo er den Sieg entschied! Dem
575 3899 2209 4000 der sich mit Hiller vereinigt hatte, und wartete. „Ich habe
2269 3927 3862 4048 Kaiser ist zu Mute, als sei der ganze, wunderbar gefügte
588 3959 2205 4061 nicht für den Krieg gestimmt, mögen alle, die ihn ge
2269 3992 3862 4113 Bau des eigenen Lebens zugleich mit dem seines
588 4040 2192 4142 wünscht haben, auch jetzt die Verantwortung tragen,
2273 4089 3355 4202 Freundes Lannes zerschmettert worden.
604 4105 2205 4215 sagte er mürrisch. Aber das gerade wollte niemand. Nur
2383 4085 3866 4235 Eintausendachthundertneun! Der Bann ist gebrochen.
604 4166 2225 4275 Ratschläge erteilte man. Jeden Tag andere und oftmals
2273 4194 3862 4316 öpoleon kann den Uebergang nach Wagram er
604 4219 2233 4348 solche, die einander widersprachen. Doch Erzherzog Karl
2282 4251 3866 4381 zwingen. Aber nie mehr wird er das Gespens
620 4283 2229 4393 ließ sich nicht irre machen, jetzt nicht. Er stand da und
2269 4328 3874 4437 vergessen, das ihm vor Aspern mit furchtbarer
608 4344 2229 4462 lauerte auf den Feind. Auf Napoleon, der nun die
2269 4381 3878 4498 Vertraulichkeit auf die Schulter klopfte: Besinne
608 4421 1390 4543 Donau überschreiten mußte.
2282 4442 3886 4571 dich, Kaiser, auch deine Stunde schlägt! Man hat ihn für
746 4478 2233 4608 Aspern! Eine kleine unscheinbare Dorfkirche. Da¬
2269 4523 3882 4636 unverwundbar, unbesiegbar gehalten. Nun weiß man
608 4555 2221 4677 neben ein Friedhof mit schiefen Kreuzen, verwitterten
2269 4583 3899 4713 daß auch sein Glück zum Schwanken neigt. Nun ahnt
620 4620 2221 4750 Grabsteinen und vor der Kirche ein graues Denkmal. Sr
2286 4644 3878 4774 man seinen Sturz. Neuer Opfermut flammt durch
620 4701 2229 4831 grau wie die Friedhofsmauer. Ein Löwe, der seinen
2278 4721 3903 4843 Tirol, und die spottlustigen Wiener, denen früher der
628 4766 2229 4883 mächtigen Kopf in den Boden wühlt, als wärs vor
2278 4774 3894 4924 Respekt vor dem Kaiser Napoleon die Mützen vom Kopfe
620 4822 2229 4944 Schmerz. Als habe er sich die Pranken mit einem furcht¬
2278 4855 3882 4968 riß, die singen jetzt : „Wir denken dran, wie's Asperr
620 4887 2233 5013 baren Gegner blutig und müde gerungen. Es ist einem,
2282 4908 3882 5037 kanoniert. D' Fiaker hab'n,'s hat's niemand geschafft
640 4968 2245 5082 als hörte man ihn dumpf aufröcheln, ihn, den Sieger:
2286 4985 3899 5106 d' Blessierten einig’führt.“ Vorbei die gedrückte Scheu, die
2298 5049 3801 5199 seine Persönlichkeit, die sein bloßer Name verursacht.
620 5049 1329 5151 den Löwen von Aspern.
766 5062 2233 5220 Eintausendachthundertneun! Ist's wirklich so lange
2399 5102 3899 5244 Wie in einem verkürzten Schatten liegt auf der
632 5159 2233 5293 her? Eine fremde Zeit, tot, vergessen? Selbst die Erde
2294 5179 3903 5309 Lobauinsel das umflorte Geschick Napoleons voraus¬
632 5236 2233 5353 hat ihr Antlitz verändert. Wo ist der „General Donau“
2306 5248 3886 5378 bestimmt. Oder waren es nicht die Elemente, die in
640 5317 2245 5430 der zu Napoleons Zeiten die Lobauinsel so wild um¬
2306 5305 3886 5447 ihrem Aufruhr den Kaiser vernichteten? Vollendete nich
640 5378 2245 5511 klammerte? In scheuem Bogen weicht nun der Strom
2294 5386 3899 5507 der russische Schnee, was haßerfüllt die Donau begonnen
632 5438 2245 5560 aus, von Schutzdämmen zurückgedrängt. Die Lobau ist
2302 5443 3899 5580 Und mahnt nicht der Nathen, in dem Napoleon über die
632 5520 2261 5629 keine Insel mehr. Wiesen, Felder, Jagdgründe, Nieder-
2322 5511 3907 5653 tanzenden Wogen nach Kaiser=Ebersdorf schwamm, an den
652 5584 2257 5698 holz. Ein paar alte, verkrüppelte Bäume, die ihre ver¬
2322 5576 3907 5718 kleinen Schlitten, der in wilder Hast vor dem splitternden Eis
2067 5629 2253 5726 Finger
2302 5645 3911 5783 der Beresina floh? Und mahnt nicht die Verzweiflung
652 5641 2014 5767 knoteten Aeste wie von der Gicht gekrümmte
2310 5722 3907 5852 der Einsamkeit auf der Lobauinsel nach dem Verluste
644 5718 2014 5840 ängstlich in der Frühlingssonne wärmen. Die
2063 5706 2253 5787 standen
2306 5775 3903 5933 des Marschalls Lannes an die grausamere Einsamkei
652 5779 2269 5909 wohl schon da zu jener Zeit und waren damals so zart
644 5852 2245 5965 und schwächlich, daß sie General Bertrand zum Brücken
2330 5848 3899 5990 auf dem Felseneiland mitten im atlantischen Ozean?..
1945 5913 2107 5994 raumi!
3907 3951 4101 4036 heute
3894 4024 4113 4105 Bürgern
3903 4085 4129 4182 geschieden
3935 4150 4125 4239 „Carner
3915 4211 4077 4283 schlug
3935 4255 4113 4332 Stadt
3923 4316 4134 4389 dienste
3923 4360 4134 4442 Ueberall
3927 4433 4129 4506 Parlam,
3935 4494 4121 4575 voll gep.
3935 4551 4129 4628 Welt w
3935 4612 4154 4717 wollen il
3935 4705 4154 4806 die Erm
3935 4786 4162 4883 nahme d
3947 5066 4174 5175 ordnus
3947 5159 4174 5248 Heiligspre
3947 5224 4174 5297 in besond:
3943 5284 4150 5361 bürgerm,
3939 5345 4158 5443 Wieni
3963 5451 4162 5540 Pilge
3951 5520 4170 5597 unter Fl
3959 5572 4178 5669 Fürsterz
3959 5641 4166 5718 worauf
3951 5702 4170 5783 Heiligen
3959 5767 4170 5868 lischen
