6168 4872
4415 158 5414 236 bringt den verdorbenen Magen in zwei bis=
4415 223 5406 296 drei Stunden vollkommen in Ordnung. Desse
3732 203 5397 345 Gebrauch ist ein wahrer Segen für Magen
3708 325 5410 410 leidende u. an Stuhlverstopfung Leidende. Kl. Flasche 40 H., gr. Flanche 60
3436 329 3647 479 1
3720 382 5446 463 Zu haben in allen Apotheken, Drogerien und Mineralwasserhandlungen.
3058 366 3249 487 E
2197 495 5434 613 Offensive in Bayern, die den Feind von Wien abhalten  reichischen Fußvolkes bei Aspern, auf welche die 8000
573 516 2161 625 die
3838 577 5430 674 gepanzerten Reiter Napoleons anstürmten, daß unter
556 601 3789 747 zu schicken; mit allseitigem Jubel begrüßt von Alpen ein sollte, in Wiens nächster Umgebung den Befreiungs¬
3830 638 5434 731 ihrer Wucht die Erde erdröhnte, und welche unentwegen
2193 658 3777 759 kampf wider Napoleon führen. Er war keine dämonisch
556 690 2140 812 born der Zuversicht in eine bessere Zukunft, aus de
3830 699 5442 796 wie eine Mauer dastanden, den donnernden Schwall bis
544 739 3773 869 das Zutrauen in die eigene Kraft, die Vorbedingung jedes Natur, wie sein Gegner, diese größte Offenbarung de
3834 764 5446 857 auf zehn Schritte herankommen ließen, dann erst ihr ver¬
2205 796 3785 898 Genies, auch selbst weit entfernt davon, sich mit dem
3838 816 5446 926 heerendes Feuer mit der sicheren Wirkung eröffneten, daß
565 841 1133 958 Erfolges, sprudelte.
2209 857 3773 963 großen Meister der Kriegskunst, der die volle Mach
682 833 2157 1011 So legte Aspern den Keim zum Befreiungskriege
3838 893 5462 983 die fürchterliche Brandung zerstob.“ Wie sollten wir die
2205 930 3785 1023 eines Souveräns besaß, zu messen. Sein Generalstab
3846 946 5450 1048 hundertjährige Wiederkehr dieses Tages, diese ruhmvolle
544 954 2140 1084 und grub sich mit unauslöschlicher Schrift tief im Ge¬
2193 987 3785 1092 versagte mehr als einmal, seine Truppen hatten sich der
3834 1015 5434 1101 Tradition unserer Armee nicht feiern? Den Sieg, an
569 1036 1214 1149 denken der Völker ein.
2197 1052 3773 1137 neuartigen französischen Taktik noch immer fremd gezeigt
2197 1084 5446 1222 sie hatten nichts von der Beweglichkeit französischer welchem sich die Welt aufrichtete und Hoffnung faßte für
1206 1129 1511 1255 Aspern.
3834 1153 4228 1279 die Zukunst?
2193 1182 3769 1291 Schützenschwärme. Aber für die bevorstehende Schlack
3960 1153 5434 1320 Nach der Einnahme Wiens war das rechte Donau
1097 1206 1645 1316 (21.—22. Mai 1809.)
2193 1243 3797 1340 glaubte er sich und seine. Armee hinlänglich ausgerüstet,
3838 1275 5438 1373 ufer von Linz bis an die ungarische Grenze in der
865 1239 1856 1381 Von Hofrat Dr. H. M. v. Richter.
2193 1304 3785 1405 und es war ein Ortskampf, einer der großartigsten
3850 1332 5434 1438 Gewalt der Franzosen, das linke im Besitze der Oester,
670 1316 2140 1446 Pfingstsonntag war's, der 21. Mai des großen Un
2193 1361 3785 1458 und hartnäckigsten Ortskämpfe, welche die Geschicht
3838 1393 5454 1495 reicher. Erzherzog Karl hatte sich bei Korneuburg mit
565 1421 2148 1519 glücksjahres 1809. Bei hellstem Sonnenschein, unter szur¬
2209 1438 3785 1531 kennt. Auf den Heldenmut und die zähe Tapfer
3838 1470 5446 1572 Hiller vereinigt Napoleons Absicht, die Vereinigung zu
565 1482 2140 1584 blauem Himmel, rückte das österreichische Heer zur ent-
2205 1495 3781 1624 keit seiner Krieger durfte sich Karl verlassen; e
3838 1539 5446 1629 verhindern, war vereitelt. Unterhalb Wiens, bei Kaiser¬
565 1547 2144 1657 scheidenden Schlacht an. Das Marchfeld, die Ebene, in
2412 1576 3789 1665 befeuerte sie im entscheidenden Augen
2205 1580 2404 1681 selbst
2209 1604 5446 1738 blicke. — Durch seine in jüngster Zeit heraus¬ Ebersdorf, ist seit alten Zeiten eine Fähre über die
556 1616 2140 1734 welcher sich oft schon große, geschichtliche Entscheidungen
3850 1669 5442 1763 Donauarme zur Insel Lobau. Diese Stelle hatte
565 1681 2148 1783 vollzogen hatten, sollte der Schauplatz auch dieses
2209 1706 3797 1799 gegebenen, nachgelassenen Schriften hat seine historische
3846 1738 5446 1819 Nebergange ausersehen. Am Nachmittaa
565 1750 2148 1856 Kampfes zwischen Oesterreich und Frankreich sein. Hier
2205 1775 3789 1864 Gestalt nur gewonnen. Dort findet sich auch sein
2209 1787 5442 1925 treffende Selbstcharakteristik, die man seinen österreichischen | des 20. Mai waren drei Brücken bis zur Lobau und
569 1815 2144 1917 hatte Rudolf von Habsburg vor mehr als sechs Jahr
3838 1864 5438 1962 noch eine vierte über den schmalen Arm fertig. Hoch¬
556 1876 2161 1978 hunderten seinem Geschlechte und dem deutschen Volke
2201 1897 3785 1986 Apologeten ebenso wie den neuestens allzu scharsen aus
2205 1953 5434 2059 ländischen Kritikern entgegenhalten darf: „Wie es jedem Wasser zerstörte jedoch am Abend die Hauptbrucke, und
556 1937 2140 2043 die Herrschaft über die österreichischen Länder im Kampf
3850 1998 5434 2100 erst am folgenden Morgen drang das Gros der Fran
560 2023 2144 2116 mit Przemysl Ottokar erstritten. Ueber diese Eben
2217 2018 3801 2136 geht, der berufen ist, eine Rolle zu spielen, wurde er von
3858 2071 5458 2165 zosen aus das linke Ufer, zirka 30.000 Mann. Die
569 2071 2144 2189 schweisten Hussitenschwärme, böhmische und magyarisch
2209 2100 3797 2234 einigen zu hoch gepriesen und von anderen zu tief ge
556 2152 2152 2234 Heere. Hier erwartete Herzog Karl von Lothringen mit
3858 2136 5438 2230 Truppen Massénas besetzten Aspern, jene Lannes
556 2189 2461 2315 den deutschen Reichsvolkern den Polenkönig Sobieski, geschätzt.
3850 2209 5450 2295 Eßlingen. Die Angelpunkte der Verteidigung waren
3850 2262 5450 2360 bekanntlich die Kirche und der Friedhof von Aspern mit
573 2278 2152 2376 um sich mit ihm zum rettenden Entsatz von Wien zu
2311 2226 3789 2360 Bestehen aber wird für alle Zeit die Tat vor
3862 2327 5454 2429 seiner Mauer und der große Getreideschüttkasten von
2209 2327 3793 2421 Aspern. Ihr folgte ein Jubelruf durch ganz Europa
556 2351 2140 2433 vereinigen. Von diesem Mai=Kampfe erwartete das sei
3850 2400 5458 2485 Eßlingen. Karl war zur Schlacht entschlossen. Noch am
2205 2408 3789 2518 Der Unbesiegbare war geschlagen, nach fünfzehn Jahrer
556 2412 2144 2502 13. Mai von Franzosen besetzte Wien seine Befreiung
3850 2469 5454 2555 Abend des 20. Mai erließ er den Schlachtbefehl:
2222 2473 3793 2575 zum erstenmal in offener Feldschlacht, er, der in dre
569 2477 2148 2575 die Wiener bestiegen au diesem Pfingstage die Türme
3858 2526 5446 2656 „Morgen ist die Schlacht. Das Schicksal der Monarchie
2209 2534 3797 2636 Weltteilen gekämpft und gesiegt, Frankreichs Banner in
569 2538 2152 2644 besetzten die Höhen, horchten, auf den Boden hingestreckt
565 2603 3797 2701 nach dem Kanonendorner; das jämmerlich verstümmelte alle Länder siegreich getragen. Von der Bravour der
3850 2595 5458 2713 hängt von ihr ab; ich werde meine Schuldigkeit tun
2222 2664 3793 2754 österreichischen Krieger war alle Welt erfüllt, man prie
3866 2660 5430 2762 und erwarte dasselbe von der Armee." Bei Tages
556 2676 2169 2762 Reich, ganz Deutschland blickte nach jener Donauebene
569 2737 3793 2831 erwartungsvoll hin. Vom Dorfe Aspern hat diese den Erzherzog Karl in allen Zungen, und sein kaiser
3862 2729 5446 2823 anbruch führte Erzherzog Karl das Heer über die Straße
2222 2802 3814 2883 licher Bruder nannte ihn die „Stütze des Thrones, den
3862 2810 5454 2900 vor und stellte es zwischen Bisamberg und Rußbach in
569 2819 2161 2896 Schlacht ihren Namen, ihrer Weltruf. Alle Hoffnung
2217 2847 3801 2957 Retter des Vaterlandes“. Wie verächtlich sprach Napoleon
3858 2855 5462 2969 zwei Treffen auf: 103 Bataillone, 148 Eskadronen
569 2863 2165 2965 ruhte auf dem Generalissimus Erzherzog Karl, seit
2222 2924 3805 3013 vom „Lothringer", als wie von einem Vasallen, dem
569 2936 2157 3034 1801 Feldmarschall und Präsident des Hofkriegsrates
3850 2924 5442 3038 288 Geschütze. Durchaus Kerntruppen. Am Pfingst
2217 2977 3801 3087 Großoffizier Frankreichs, und wenige Wochen später
3870 2989 5458 3107 sonntag um 12 Uhr mittags brachen die Kolonnen auf
573 3001 2165 3099 Er war der Organisator des österreichischen Heerwesens,
2222 3054 3801 3143 nach der Niederlage Oesterreichs bei Wogram, ließ sich
3858 3070 5458 3156 und marschierten zur Schlacht wie zu einer Parade. Um
569 3066 2157 3164 der das alte, überlebte System Lacys beseitigt, nicht bloß
2217 3119 3797 3212 bei den Verhandlungen Napoleon zu Bubna vernehmen
569 3143 2157 3249 den Zopf als Kopfschmuck abgeschafft, sondern auch uner
3870 3139 5454 3233 4 Uhr traf man. auf den Feind. Die Bataillone stürmten
2222 3180 3797 3290 „Oesterreich wird nach Frankreich immer die bedeutendst
3870 3196 5454 3290 auf die Dörfer und Weiler; die Franzosen feuerten aus
573 3200 2157 3306 müdlich in der Ausrottung aller Mängel der Heeres
2234 3253 3805 3363 Festlandsmacht bleiben. Ihr seid teufelsmäßig stark. Eure
3870 3257 5458 3367 jedem Hause, aus Fenstern und Kellern wie von den
569 3265 2161 3363 verfassung und Verwaltung gewesen, stets im Kampf
2222 3314 3814 3411 Armee wäre so gut wie die meinige, wenn ich sie kom¬
3870 3330 5471 3436 Dächern. Der Vorstoß der Oesterreicher gegen die beiden
569 3342 2157 3424 mit widerstreitenden Elementen, doch auch immer getragen
2213 3383 3797 3472 mandierte!“ Als später ein General, man nannte Murat
3862 3399 5446 3480 Endpunkte der französischen Stellung war gewaltig
577 3403 2161 3497 von dem Beifall und Vertrauen des Volkes und der
2234 3444 3797 3554 sich darüber verwunderte, daß Napoleon Oesterreich nich
3862 3464 5466 3570 Μapoleon glaubte wie bei Austerlitz, das Zentrum der
585 3464 2165 3566 Armee. Seine militärische Tüchtigkeit, sein aufopferungs
2234 3525 3805 3606 ganz zerstückelt habe, antwortete er: „Ihr urteilt wie ein
3862 3521 5446 3619 Oesterreicher durchbrechen zu können. Aber ruhig, ernst
585 3537 2177 3635 voller Gemeinsinn, seine Vaterlandsliebe, feine von allem
2230 3586 3793 3671 Blinder von der Farbe; ihr habt die Oesterreicher be
581 3602 2165 3696 Dünkel freie Denkungsart waren über alles Lob er¬
3858 3582 5446 3708 das Gewehr im Arm, erwartet das österreichische Fust
2222 3651 3797 3736 Aspern nicht gesehen, also habt ihr gar nichts sesehen.
3862 3675 5462 3761 volk die französische Reiterschar. Endlich gibt es sein
581 3671 2161 3765 haben. Er war nun 38 Jahre alt, in der Vollkraft seine
2217 3712 3801 3805 Aspern blieb ein klassisches Beispiel für den Heroismus
3862 3716 5458 3818 mörderisches Feuer, die französischen Retter stürzen in
589 3740 2152 3838 Lebens, durch Studium und Erfahrung für den Krieg
2230 3785 3797 3870 Noch im Nachhall der Begeisterung für die Großtater
3883 3793 5458 3895 ganzen Reihen, der Rest flüchtet. Mit gefälltem Bajonet
581 3805 2165 3903 gebildet, von früher Jugend an Soldat. In den
2217 3846 3797 3935 des deutschen Heeres von 1870 hielt Friedrich Vische
3874 3862 5458 3964 stürmt das österreichische Fußvolk vor, im Kartätschen¬
585 3866 2165 3968 Koalitionskriegen hat er als Führer gegen französischt
2213 3903 3805 3988 in Stuttgart einen Vortrag über das ästhetische Momen
3870 3931 5475 4037 feuer führt Johann Liechtenstein, der „öster¬
581 3927 2157 4029 Heere Ruhm erworben, in den Niederlanden, am Rhein
2217 3972 3822 4069 des Krieges und sagte: „Nichts hat mehr Ruf und
581 4000 2169 4114 in Italien, in der Schweiz, französischen Marschällen den
2222 4000 5483 4236 Verlihnungheit in der Geschichte als jene Vielen des öster¬ reichische Behand“, seine Reiterregimentes vor. Die kind¬
585 4069 2189 4232 Sieg abgerungen. Nun sollte er, nach der unglücklichen
