5976 6232
4962 521 5337 671 Nr. 16065
4006 513 4413 679 13. Mai 1909
2514 517 3449 679 Neue Freie Presse.
1342 553 1895 700 Wien, Donnerstag
598 578 862 728 Seite 2
3799 655 5385 736 hafter Tätigkeit den Vorstoß gegen Wien. In zwei Wochen
537 659 3738 801 Muster unserer 1848er Gesetzgebung zu beschließen und in 40 Millionen Kriegskosten wurden dem Lande auferlegt
3811 736 5349 826 hatte sich das Kriegsdrema in Bayern abgespielt. Napo
545 736 3750 875 Angriff zu nehmen. Die Kreditopérationen, die hiefür wenige Monate später wurde der Rheinbund gestiftet
2192 793 5373 895 Bayern, Württemberg erhielten von Napoleon Königs- leon, ermüdet, am Knöchel des rechten Fußes verletzt
533 850 2127 927 nötig sind, wird sie wohl nicht schwerer als ein private###
2180 866 5381 956 kronen und mußten ihm Heeresfolge leisten. Da legte Kaiser / hatte gegen seine Gewohnheit die Verfolgung der Armee
545 895 2131 1017 Finanzinstitut durchführen können. Bleibt es aber zu
2180 940 5373 1025 Franz (6. August 1806) die deutsche Kaiser= | Karls persäumt, so konnte dieser nach Böhmen abziehen
545 972 2140 1062 nächst bei der fakultativen Grundentlastungsablösung, so
3803 988 5385 1070 und dem Kaiser die Armee erhalten. Napoleons
2180 997 3754 1086 krone, die sechs Jahrhunderte seinem Hause gehörte
545 1053 2127 1131 darf es hiefür kein Privileg geben, sondern, der freien
2180 1053 5373 1151 nieder. Preußen, das ein Jahr zuvor in Schönbrunn! Renommagebulletins hat die Forschung längst korrigiert
533 1106 2131 1196 Konkurrenz der Geldinstitute müssen die Wege offen sein
3815 1114 5381 1200 Seine Kühnheit in Verbindung mit äußerster Vorsicht
2180 1131 3758 1224 sich bei Napoleon ein Bündnis und Hannover erbeter
533 1167 2127 1277 ohne daß die Landesgarantie einem von ihnen die
2196 1180 3754 1285 hatte, wurde durch die Schlacht bei Jena und ihr
3823 1176 5406 1277 sind für alle Zeit musterhaft. Er glaubt Karl nach Wien
529 1216 2135 1375 Konkurrenzbedingungen so außerordentlich zu erleichtern
2192 1257 3762 1354 Folgen zertrümmert. In Erfurt 1808 erschienen vor
3823 1261 5406 1342 gezogen, auch er will in einem Monat dort einziehen,
3823 1314 5385 1415 aber seine Operationen sind trotzdem darauf eingerichtet
2172 1330 3754 1424 Μapoleon alle Fürsten Deutschlands zur Huldigung
533 1326 712 1420 hätte.
659 1330 2119 1456 Die Bevölkerung Bosniens und der Herzegowin
2184 1383 5394 1481 Kaiser Franz fehlte, trotz dringender Einladung, General | immer auch nach rückwärts schlagen zu können. Am
533 1432 2119 1525 wird aber aus den Verhandlungen des österreichischen Ab¬
3815 1444 5406 1521 7. und 8. Mai vollzieht sich der Vormarsch der Franzosen
2180 1460 3762 1546 Vincent, des Kaisers Abgesandter, bekam den ganzen
525 1497 2131 1590 geordnetenhauses den Eindruck gewonnen haben, daß sie
3815 1509 5418 1599 nach St. Pölten. Dort schlägt er sein Hauptquartier
2180 1509 3754 1615 Zorn Napoleons zu hören. Da der Franzosenkaiser auch
533 1554 2119 1660 auf seine Unterstützung, und zwar ohne Unterschied de
3815 1570 5410 1660 auf, während Hiller in Krems stand, von Karls Armee
2180 1590 3771 1668 Rußland auf seine Seite zog, gab Franz friedliche Er¬
533 1635 2119 1737 Nationale und der Parteien, rechnen kann. Dami
3828 1639 5398 1733 noch getrennt. Am 13. oder 14. Mai wollte Karl, ver¬
2184 1647 3771 1769 klärungen, rüstete aber energisch, denn zu tief hatte ihn
549 1708 2119 1798 schwinden aber auch alle jene Verleumdungen, die gegen
3815 1708 5410 1790 einigt mit Hiller, sich mit Napoleon bei Krems
2294 1716 3083 1822 Schmach ins Herz getroffen
545 1773 2140 1855 Oesterreich fleißig in die Welt gesetzt wurden, und dem
3828 1769 5414 1843 schlagen und so Wien retten. Aber am 13. Mai
2302 1729 3775 1875 Ein Enthusiasmus, eine frohe Zuversicht erfüllte
533 1843 2119 1924 besten Einvernehmen sind für alle Zeiten die Wege ge¬
3828 1830 5430 1912 hatte Wien kapituliert! Die österreichischen Armeen hatten
2196 1839 3762 1944 ganz Oesterreich, die Kriegsbegeisterung erfaßte die Be
533 1900 2127 2001 ebnet. Die Angelegenheit der Agrarbank ist aber ein
2180 1908 3779 1997 wohner Wiens; ein kecker Mut, ein patriotischer Volks¬
3840 1908 5414 1981 sich vereinigt, aber Napoleons Offensive nicht aufge-
533 1977 2127 2054 neuerlicher Beweis für die Notwendigkeit, daß der öster
2184 1961 5422 2083 geist durchdrang alle Schichten der Bevölkerung Wiens halten! Hiller hatte in Gefechten über 12.000 Mann ver¬
2184 2034 5422 2127 und der Provinzen. Bürger und Bauern gaben ihrer loren, er mußte 13.000 Mann zur Verteidigung von
533 2042 2131 2119 reichische Reichsrat sich nicht nur um die Angelegenheiten
3828 2091 5422 2188 Wien abgeben. Napoleon gewann die kürzeste Linie
533 2107 2144 2184 des eigenen Staatsgebietes kümmern und nicht allein der
2180 2107 3775 2201 Kriegslust energischen Ausdruck. Erzherzog Karl hatt
2180 2160 5434 2262 rastlos an der Organisation des Heeres und der Kriegs¬ längs der Donau — und die Zeit. Bon einer Entsatz¬
533 2168 2140 2249 kümmerlichen Delegation das Gebiet der gemeinsamen
3836 2225 5450 2335 operation der vereinigten österreichischen Heere ist nicht
533 2245 2140 2327 und auswärtigen Angelegenheiten überlassen darf, sondern
2180 2233 3767 2339 verwaltung gearbeitet, auf ihn, der gleichwohl ohn
533 2298 2140 2384 dieselben Befugnisse wie der ungarische Reichstag nicht
2184 2310 3783 2404 Allianzen den Krieg nicht beginnen wollte, richteten sich
3836 2302 4088 2408 die Rede
533 2359 2127 2449 bloß anzusprechen, sondern auch auszuüben hat. Das
3941 2314 5438 2445 Weshalb wurde Wien dem Schicksal einer
2184 2367 3775 2477 alle Hoffnungen. Das Beispiel Spaniens, das sich gegen
3836 2432 5422 2510 Eroberung diesmal ausgesetzt? Kaiser Franz ließ sich
533 2428 2131 2530 würde auch aus unserem Parliament manche Kräh¬
2180 2449 3775 2538 die französische Herrschaft erhoben und England
3836 2481 5438 2607 von seinem jungen, siebenundzwanzigjährigen Schwager
533 2489 2042 2636 winkelei, die ihm unwiderruflich anhaftet, beseitigen.
2192 2506 3787 2619 siegreiche Unterstützung gefunden hatte, belebte die
3828 2554 5430 2644 Max d'Este überreden, Wien verteidigen zu lassen
2184 2575 3779 2668 Hoffnungen. Das Beispiel Tirols, das den
3828 2619 5434 2709 Am 30. April erhielt der Erzherzog den Auftrag. Er
2172 2644 3779 2733 Bandenkrieg im Februar 1809 organisierte, zündete
850 2636 1847 2778 Wiens Kapitulation 1809.
3828 2697 5438 2774 übernahm ihn mit der Begeisterung der Jugend. Hiller
2180 2721 3775 2803 Vaterlandsliebe und Kaisertreue kamen an allen öffent
3840 2762 5434 2847 sandte ihm das Korps O'Reilly, vom Palatin Josef wa
1123 2762 1529 2876 (Zum 13. Mai.)
2180 2786 3787 2855 lichen Orten Wiens zum lauten Ausdrucke. In allen
3844 2831 5438 2929 ihm ungarisches Kavallerieaufgebot zugesichert, er rie
651 2847 3791 2945 Wir feiern die Gedenktage des Jahres 1809 nicht mit Provinzen des Reiches bildeten sich Landwehrbataillone.
3844 2892 5450 2973 die Wiener zur Verteidigung der Stadt, erinnerte die
2184 2920 3791 3014 Wien stellte sechs Bataillone, Triest vier. Heinrich von
545 2929 2119 3030 Freudenfesten, dazu bieten die historischen Ereigniss
2180 2957 5446 3087 Collin dichtete seine Wehrmannslieder, Gyrowetz und Bürger an ihre Großtaten zur Zeit der Türkenbelagerung
537 3006 2127 3099 jenes weltgeschichtlichen Jahres keinen Anlaß. War es
3828 3014 5450 3091 warb die Jugend zum Freiwilligendienste. Aber die
2192 3047 3779 3136 Weigl setzten sie in Musik; sie erklangen allenthalben
545 3071 2119 3156 doch die Zeit der größten Verluste, des Jammers und de
3828 3071 5430 3169 Wiener Bevölkerung war recht kleinmütig, die Mißerfolg
2196 3108 3783 3209 und fanden ein jubelndes Echo. Die Patrioten Deutsch
545 3124 2119 3221 schrecklichen Verarmung für Reich und Volk. Aber auc¬
3828 3160 5430 3234 der Hauptarmee hatten entmutigt, die Flucht zahlreiche
2196 3185 3771 3270 lands besuchten Wien, der Adel, der vielfach nach Gebur
545 3205 2131 3291 die Zeit des strahlendsten Kriegsruhmes. Der Heldenmu
3828 3209 5438 3282 begüterter Familien, die Entwertung aller Papiere, das
2205 3246 3775 3335 und Geschlecht aus dem Deutschen Reiche stammte, dor
533 3262 2127 3348 der Kämpfer der kaiserlichen Armee wurde in aller
3828 3262 5438 3352 Stocken jeglichen Handels hatten große Niedergeschlagen¬
2209 3299 3775 3404 seine Güter verloren, durch die Mediatisierung Rechte un
545 3319 2131 3433 Zungen gepriesen, die Welt sprach mit Enthusiasmus von
2192 3339 5426 3453 Einkommen eingebüßt hatte, beteiligte sich mit großen! heit hervorgerufen. Erzherzog Rainer machte kein
549 3396 2127 3490 Oesterreichs kühnem Unternehmen, nach dem Versagen de
3828 3404 5422 3494 Hehl daraus, daß der Widerstand angesichts des trost
2205 3421 3779 3527 Opfern an der Bewegung, die auch nach Ungarn hin
549 3449 2119 3547 Allianzen allein den Kampf wider Napoleons Gewal
3836 3453 5446 3551 losen Zustandes der Befestigungen nutzlos sei. Militärische
2209 3490 3767 3583 übergriff. Die ungarischen Reichstage von Ofen un
549 3506 2156 3620 herrschaft aufzunehmen, man bewunderte die Lebenskraft
3828 3518 5430 3600 Stimmen wurden laut, daß nur die Wälle der inneren
2209 3543 3775 3661 Preßburg zeigten eine seltene Eintracht zwischen König
537 3579 2131 3677 dieses Staates nach all den Kriegen und Katastrophen
3828 3583 5422 3677 Stadt, die Leopoldstadt und die Donauinseln allenfall
2205 3612 3775 3722 und Volk. Die Stände bewilligten reiche Mittel für frei
537 3640 2127 3746 den Widerstand, die Opferwilligkeit der Völker diese
3840 3653 5434 3730 zu halten seien. Der junge Erzherzog Max, Bruder der
2209 3681 3791 3779 willige Werbungen, 12.000 Mann und dann 20.000
537 3710 2152 3815 Reiches, die Einigkeit von Fürst und Volk, vor allem
3844 3718 5434 3803 stets kriegslustigen Kaiserin Maria Ludovica, war nicht
2209 3742 3783 3844 Mann zur Ergänzung der Regimenter und durch
533 3775 2144 3864 die rühmenswerte Tapferkeit der Armee, das Ausharrer
3840 3791 5434 3876 zu überzeugen. Er bot den Landsturm auf, ließ die
2196 3823 3791 3921 drei Jahre das Recht, die „Insurrektion" aufzurufen
533 3840 2140 3941 der Kaiserlichen im Angesicht des ringsum mähender
3844 3868 5426 3954 Linienwälle von Landwehr besetzen, Befestigungen
2209 3872 3775 3978 Alle edlen Geister Deutschlands, der geächtete Staatsman
545 3905 2156 4006 Todes, die „Thermopylenkämpfer" am Predil und be
3844 3925 5446 3994 und Verhaue anlegen, Waffen an die Bürgerschaft
2209 3954 3775 4076 Freiherr v. Stein voran — alles Guten Grundstein
545 3962 2140 4063 Malborghet, das Fußvolk bei Aspern. Auf Oesterreich
3844 3978 5426 4059 verteilen. Es fehlte aber an Arbeitern, stat
2209 4019 3779 4112 alles Bösen Eckstein, Deutschlands Edelstein — Gneisenau
537 4043 2144 4133 Beispiel wiesen die großen preußischen Patrioten hin
3840 4039 5422 4129 12.000 wurden nur 7000 aufgebracht. Die Ver
2205 4072 3791 4218 Blücher, Scharnhorst — der letztgenannte wollte ein
545 4100 2152 4206 an ihm erhoben sich die Gemüter, es war und blieb die
3828 4124 5434 4206 pflegung der Garnison machte. Schwierigkeiten, es fehlte
2205 4153 3779 4251 preußische Legion für Oesterreich werben — Graf
545 4165 2144 4267 Hoffnung für die Befreiung Deutschlands. Der Kult de
3844 4194 5438 4271 an Schlachtvieh. Minister Graf Chotek schrieb an den
2209 4214 3791 4307 Münster, der Herzog von Braunschweig waren begeister
549 4242 2131 4328 Heroischen ist nun einmal ein Bedürfnis für die Seel
3840 4238 5426 4312 Kaiser, er bitte, auf die Verteidigung der Stadt zu per
561 4291 2148 4405 der Menschen. Der Krieg mit seinen Schrecknissen enthält
2221 4287 3795 4385 für den Krieg, den Oesterreich auf sich zu nehmen im
3844 4312 5442 4389 zichten. Der Kaiser, wie wir seinem nun veröffent¬
2205 4348 3791 4430 Begriffe war. Die besten Federn Deutschlands stellten sich
549 4364 2156 4466 doch auch eine mächtige Poesie, er löst die schönsten
3844 4377 5414 4458 lichten Reisetagebuche" entnehmen, wandte sich an Karl
2217 4401 3787 4491 in den Dienst der kaiserlichen Sache. Gentz verfaßte das
561 4413 2160 4531 Mannestugenden aus. So sind die Gedenktage von 180
3840 4442 5426 4511 Dieser meinte, bis zur Ankunft der Armee ließe sich die
1871 4470 3787 4596 nee, doch berühmte Manifest des Kaisers,.. Friedrich Schlegel der
557 4486 1818 4617 zunächst wichtige Erinnerungen für die A
3844 4499 5426 4564 Stadt halten, aber die Möglichkeit eines Vorsprungen
2229 4531 3771 4625 schwungvollen Aufruf des Erzherzogs Karl an die deutsch
549 4576 1546 4694 nicht minder für das ganze Volk.
3852 4560 5446 4637 der französischen Armee sei immerhin gegeben. Darauf
2221 4625 5434 4718 National-Nach den neuesten Veröffentlichungen des Kriegs=| befahl der Kaiser, nur die Brücken zu zerstbren und die
696 4576 2144 4726 Hier sei einmal von Wien die Rede, seinen Leide
545 4674 3787 4792 und Kämpfen, von jenem Herzen des Reiches, in archivs betrug der Stand der Feldtruppen am 1. März
3844 4686 5434 4771 Landwehr vor blutigem Kampfe zu bewahren. Noch
545 4747 2160 4857 welchem der mächtigste Widerhall der Klagen zu hören
2221 4731 3779 4844 1809 über 470.000 Mann und 44.200 Pferde. Effektik
3840 4759 5450 4832 dachte damals Karl, eiligst dem Feinde nach Kremsier
561 4804 2160 4914 war. Vom 20. Mai bis zum 18. Novembe
2221 4804 3783 4897 ausgerückt waren 280.000 Mann und 40.000 Pferde und
3840 4820 5446 4897 entgegenzurücken, ihm in den Rückens zu fallen. Bürger¬
557 4865 2156 4983 dauerte die Okkupation der Stadt durch die Franzosen
2221 4861 3791 4966 eine Artillerie mit 750 Stücken. Schon Ende Januar sal
3852 4893 5438 4970 korps, Studenten und Künstler, pensionierte Soldaten
2221 4946 3803 5031 man in Wien die Bürgermiliz ihre militärischen Uebungen
557 4942 2144 5040 Es war nicht das erstemal in den Franzosenkriegen, da
3852 4954 5446 5031 und die 36.000 Mann O’Reillys sollten nach dem Planen
549 5003 2156 5109 Wien in Kriegsnot geriet. Als Bonaparte im Früh
2221 4999 3791 5105 machen. Man wußte Napoleon in Spanien, um die
3840 5015 5450 5097 des Erzherzogs Max die Stadt verteidigen. Es kamen
557 5076 2156 5190 jahre 1797 nach seinen Siegen in Italien in Innern
2221 5068 3795 5210 Lage nach den Niederlagen zu verbessern. Das gab gut
3840 5084 5450 5194 nur 8000 Landwehrmänner, die Vorstädte wurden preis¬
557 5145 2156 5239 österreich bis nach Obersteiermark vordrang, empfan
3840 5158 5434 5247 gegeben. Am 9. Mai erschien Marschall Lannes in
2229 5166 2563 5271 Hoffnungen.
557 5206 2156 5308 Wien nach langer Zeit die Schrecken einer Invasion
2310 5149 3787 5304 Am 6. April 1809 kam Erzherzog Karl nach Ober
3852 5202 5446 5296 Hütteldorf. Von der Wasserkunst= bis zur Mölkerbastei
557 5263 2152 5361 Erzherzog Karl war Rhein siegreich, aber auf italien
2221 5267 3807 5365 österreich und kündigte dem Obergeneral der französischen
3852 5284 5434 5357 sollten die Verteidiger operieren. Am 10. Mai besetzten
569 5332 2176 5455 schem Schauplatze eilte das Kriegsgenie Bonapartes von
574 5332 3799 5499 Sieg zu Sieg. Der Kaiser verkündigte den Wienern die Truppen in Bayern den Krieg an, der mit dem Einfall
3852 5349 5434 5422 die Franzosen Döbling und von da die Linie bis
2217 5398 3791 5499 der Kaiserlichen in Bayern in den Tagen vom. 10. bi
3856 5422 5438 5495 Simmering. An demselben Tage zog das französische
569 5463 2160 5564 Gefahr, rief sie zur Verteidigung der Stadt auf, un
2221 5463 3787 5564 15. April begann. So lange Napoleon selbst fern blieb
3856 5475 5438 5556 Hauptquartier in Schönbrunn ein. Die Aufforderung zur
553 5532 2152 5629 Wien, das ein Jahr vorher ein Freiwilligenkorps aus
2217 5536 3787 5642 hatten die französischen Marschälle, ohne ihn und doch
3840 5544 5434 5650 Uebergabe blieb ohne Erfolg. Berthier empfing eine
574 5593 2172 5715 gerüstet hatte, welches sich tapfer schlug und überall mit
2221 5617 5450 5719 ganz abhängig von seinen Instruktionen, keine großen Deputation und forderte sie auf, den Erzherzog Max
574 5670 2172 5772 Auszeichnung kämpfte — im städtischen Waffenmuseung
2233 5674 3799 5760 Erfolge. Am 18. April war Napoleon an der Donau
3856 5686 5426 5776 zur Uebergabe der Stadt zu veranlassen, „sonst würde
569 5739 2156 5845 sieht man seine zerrissene Fahne — stellte ein Aufgebo
2229 5739 3795 5833 seine raschen Aktionen seine Aufklärungsdispositionen
3852 5751 5438 5845 eine der schönsten Städte Europas unfehlbar dem Ruin
569 5792 2160 5926 von 8 O/O Mann, dazu seine Bürgerwehr von 750
2217 5800 3799 5902 die sofort klare Situationen schaffen und die General
3856 5812 5438 5898 verfallen". Napoleon sandte Besnard nach der Breite
574 5865 2156 5963 Mann. Der Waffenstillstand von Leoben, dem bald de
2213 5869 3791 5983 erakt, energisch und harmonisch arbeiten lassen, zerstören
3856 5878 5438 5971 gasse (Spittelberg), dieser ließ ein Haus durchbrechen,
586 5930 2156 6036 Friede folgte, machte den Gefahren ein Ende. Der Fein
2229 5947 3787 6036 alle Kombinationen Karls. Napoleon ergreift die Offensiv
3852 5947 5418 6048 um auf die Höhe der kaiserlichen Stallungen zu gelangen
574 6008 2160 6093 war Wien ferngeblieben. Schlimmer war es 1805. Nac
2233 6020 5450 6101 gegen Landshut mit rücksichtsloser Energie. Noch geht das dort Batterien aufrichten, und nun begann die Be¬
1908 6057 2156 6130 diese Wochen.
1566 6061 1834 6130 Susterlik
