6280 4968
724 61 1332 221 befriedigte ihn heute.
859 110 1964 245 Die ersten Nummern wurden mit 9
742 166 2375 307 aufgenommen, sie boten durchwegs etwas Außergewöhn¬
2485 202 3528 344 War das seine Stessy — stectte das
736 270 2362 387 liches, etwas ganz Besonderes, das hatte das Publikum
749 307 3884 472 gleich heraus. Dann kam endlich die große Pause. — in der Verwirrung, mitten in der Erregtheit muss
4050 344 4332 448 mögens
2497 387 5707 522 Durfte er diese Weihe, diesen Triumph sehren? Aber erregen. Sie mußte mit seiner angegriffenen Gesundheit
749 399 2724 509 Fred hatte bis jetzt keine Hand zum Applaus erhoben, es denken.
761 460 2362 565 sondern, wie stumpfsinnig vor sich hinstierend, ein Glas
2399 479 4277 583 dann riß ihn seine Leidenschaft wieder hin. Er mußte rechnen
4160 472 5707 650 Die ganze Nacht lag sie wach ihr ganzes Leben
742 528 2375 638 Bier nach dem andern hinuntergestürzt. Das Publikum
2405 565 4001 681 reden, er mußte. Dabei verlor sie nichts, dabei gewann
736 595 2362 693 hatte in der großen Pause die Nebenräume aufgesucht, in
4062 583 5688 681 ließ sie Revue passieren, ihr Baronessendasein, dann die
2393 657 2632 755 nur er.
4062 663 5694 755 Glut der ersten Liebe, seine ersten Küsse, die zwei Jahre
730 669 1957 773 denen neue Vergnügungen seiner warteten.
2522 650 4013 792 Tosend setzte der Applaus nach dem dritten Liede
859 675 2362 828 Fest als einziger saß Fred an seinem Tisch. Sein
749 730 5676 920 glattrafertes Gesicht glützte vor Erregung, die Augen / etc. Dann folgte noch ein letztes. Es war ihr Beßes, langens und langens, die er in England gewesen,
4062 810 5688 957 trat und bei Aspern nicht nur über diesen, sondern übr
2393 902 4013 994 indessen dem Andenken jener hervorragenden Männer
4062 939 5682 1062 den berechtigten eigenen Kleinmut und trotz der Schwächen
2393 970 4013 1068 einen größeren Dienst, als überschwengliches Lob, das
804 957 2326 1141 Die Bedeutung der Schlacht bei Aspern.
4074 994 5682 1098 des Lincarheeres einen Erfolg errang, kann ihm nicht
2393 1025 4013 1129 nur Lichter aufsetzt, auch dort, wo Schatten sind, und
4056 1080 4927 1190 hoch genug angerechnet werden
1184 1055 1951 1203 Von Max Ritter v. Hoen.
2405 1098 4013 1184 unwillkürlich eine Reaktion erzeugt, indem sie hämischer
4185 1086 5670 1215 Wer dies außer Betracht läßt und an die Frage,
847 1172 4001 1276 In helleuchtendem Glanze erstrahlt aus der langen Kritik bequeme Anhaltspunkte liefert und zu absprechen
4068 1184 5670 1295 warum gerade Aspern in unserem Denken und Empfinden
2405 1215 4007 1338 den Urteilen herausfordert, die um so ungerechter
736 1246 2362 1362 Reihe glücklicher und unglücktlicher Waffengänge der
4056 1252 5682 1350 eine so hervorragende Bewertung findet, herantritt, ohne
2399 1295 4019 1387 ausfallen, je mehr die wahre Triebfeder einer
736 1313 2356 1430 Monarchie das blutige Ringen zu Pfingsten des
2399 1319 5682 1460 Handlung oder eines Entschlusses unter dem Wust lob¬  die moralischen Faktoren und die Eindrücke einer voran¬
749 1368 2350 1491 Jahres 1809, die denkwürdige Schlacht bei Aspern. In
4081 1393 5688 1497 gegangenen dreizehnjährigen Periode navoleonischer Siege
2405 1424 3964 1552 hudelnder Ergüsse ohne sachlichen Kern verborgen liegt.
742 1442 2369 1559 Wort und Lied gefeiert und besungen, nimmt dieser
4081 1454 5707 1546 in Rücksicht zu ziehen, dem wird freilich die nüchterne
2516 1467 4025 1602 Schon bei seinen Lebzeiten hatte gerade der große
712 1503 2350 1638 zweitägige Kampf nach unserem Empfinden unter der
4062 1522 5707 1620 Aufzählung der Tatsachen, wie sie sich im Lichte histo-
2424 1552 4013 1663 Sproß des Hauses Habsburg, der Erzherzog Karl
767 1577 2369 1681 schönsten Erfolgen, die den Streitern unter Habsburgs
4062 1589 5694 1706 rischer Wahrheit darstellen, die Antwort schuldig bleiben.
2399 1626 3995 1737 darunter zu leiden, was ihn in bescheidener Selbst
749 1651 2362 1749 Fahnen je beschieden wurden, die erste Stelle ein, und
4179 1651 5688 1786 Was trug sich eigentlich zu? Der große Korse,
2412 1706 4007 1792 erkenntnis zu dem Ausspruch veranlaßte: „Wie e
749 1706 2369 1816 kein Sieg von den vielen, welche die Ruhmesbahn des
4056 1712 5694 1835 durch den jähen, seine Pläne auf Spanien durchkreuzen¬
2418 1755 4013 1878 jedem geht, der berufen ist, eine Rolle zu spielen, wurde
749 1767 2375 1884 Erzherzogs Karl bezeichneten. fand eine annähernd gleich
2412 1804 5682 1927 er von einigen zu hoch gepriesen und von anderen zu den Anfall aufs äußerste erbittert, hatte im fünftägigen
749 1841 2375 1970 hohe Bewertung. Nicht als Sieger von Amberg, Ostrach,
4074 1847 5701 1982 Feldzug von Regensburg das kühn begonnene Unter¬
2412 1896 4032 2013 tief geschätzt.“ Seither ist es nicht besser geworden, die
761 1915 2362 2025 Stockach, Zürich oder Caldiero, sondern als jener vor
2418 1939 5707 2105 Verschiedenheit der Urteile hat sich sogar wesentlich nehmen des Kaisers Franz, Europa vom Joch des Fran¬
749 1982 2068 2105 Aspern lebt er im Gedenken des Volkes fort.
4074 2000 5694 2092 zosenkaisers zu befreien, vollständig zum Scheitern ge-
877 1982 2375 2148 Wie bei allen geschichtlichen Vorgängen, die einen
2412 2056 2688 2160 verschärft
4074 2068 5701 2172 bracht. Einen Monat nach der Kriegserklärung stand die
2540 2050 4025 2197 Lob und Kritik haben die Tragik, die in dem Ge
761 2105 2362 2221 tieferen Eindruck im Gedächtnis der Mit- und Nachwel
4093 2123 5701 2234 französische Armee vor Wien, nach kurzem Widerstande
2424 2160 4050 2258 schick dieses Feldherrn lag. nicht erfaßt. In klarer Er¬
773 2178 2381 2283 hinterlassen, wob sich bald ein Kranz von Legenden um
4087 2197 5713 2295 össnete die Residenz ihre Tore. Um den bisher märchen¬
773 2240 2369 2356 den Waffengang und die beiderseitigen Feldherren, Mehr
2430 2240 4032 2338 kenntnis, daß das alte Kriegssystem dem neuen der
4087 2270 5707 2369 haft rasch verlaufenen Siegeszug zu beenden, galt es nun,
749 2295 2375 2448 oder weniger wurde jede der seither in stattlicher Zahl
2424 2307 4025 2405 Franzosen nicht gewachsen sei, war er gegen seine besser
4087 2326 5701 2436 die nördlich der Donau aus Bayern zurückgewichene Armee
767 2381 2369 2485 erschienenen Darstellungen von diesen üppig aufschießen
2424 2375 4025 2473 Einsicht durch die Politik gezwungen, mit dem nieder
4087 2399 5713 2534 des Generalissimus aufzusuchen, zu schlagen und damit das
767 2436 2375 2547 den Ranken überwuchert und die Auffindung der Wahr¬
2430 2442 4025 2547 drückenden Gefühl gegen einen Gegner in den Kamp
4087 2473 5707 2608 Schicksal des nach Napoleons Vorsatz dem Untergange
767 2516 2369 2626 heit um so mehr erschwert, als alle zeitgenössischen Ver¬
2430 2510 4032 2620 zu treten, den er im Besitz einer weit überlegenen Waffe
4093 2540 5394 2682 geweihten habsburgischen Reiches zu besiegeln.
785 2577 2375 2682 öffentlichungen auf französischer Seite den schließlichen
2430 2583 4050 2682 wußte. Er ließ nichts unversucht, als der Krieg unver¬
4209 2596 5725 2718 Daß Napoleon die Widerstandskraft dieser Armee
767 2632 2381 2743 Mißerfolg Napoleons zu bemänteln und auf österreichi
2424 2645 4050 2749 meidlich war um sich die gleichen Borteile der Heeres¬
4099 2675 5719 2780 keineswegs hoch einschätzte, ist nach den leicht errungenen
773 2712 2375 2810 scher gar manches zu vertuschen trachteten, was zum
2430 2718 4038 2804 organisation zu sichern, die Napoleon jo sehr zu statten
4105 2749 5707 2853 Erfolgen in Bayern begreiflich. Wenn ein Bedenken auf
779 2767 2381 2878 hellen Bilde des Sieges nicht paßte. Nicht mit Unrecht
2424 2780 4056 2878 kamen. Doch mit der bloßen Form war nichts erreicht,
4087 2829 5713 2927 tauchte, so war es die Annahme, daß der Generalissimus
773 2847 2375 2952 konnte wiederholt behauptet werden, daß über kein
2430 2835 4038 2952 da sich der tief in der Lineartaktik wurzelnde Geist des
2430 2884 5713 3056 Heeres mit einem Schlage keineswegs ändern ließ. Das das mächtige Hindernis der Donau zum Widerstand aus¬
785 2902 2393 3044 kriegerisches Ereignis je so viel gelogen wurde wie über
4105 2952 5719 3050 nützen werde, wie denn auch schon ein überstürzt einge¬
2442 2982 3909 3087 neue System, unverstanden und darum schädlich,
779 3001 1491 3111 die Schlacht bei Aspern.
4105 3019 5725 3154 leiteter Versuch am 13. Mai in der Schwarzen Lackenau
896 3001 2393 3142 Im Lichte ernster historischer Forschung gewinnen die
2442 3056 3909 3154 vollkommen Schiffbruch und der Erzherzog sah sich
4111 3099 4970 3222 ein böses Ende gefunden hatte.
779 3099 2381 3222 Dinge ein ganz anderes Ansehen und wenn auch trotz
2442 3123 3897 3228 zwungen, reuig zur alten Führung zurückzukehren,
4228 3105 5731 3246 Als aber am 18. Mai die Ueberschiffung einer
773 3172 2381 3295 des Reichtums an Quellenmaterial nicht alle Fäden
2442 3172 3915 3283 ein verläßliches Funktionieren des Heeresapparates
2436 3222 5713 3350 währleistete, wenn damit auch das Eingeständnis bleiben¬  Division in die Lobau ohne ernsteren Kampf vor sich ging,
779 3240 2381 3338 eines jo großen vielverschlungenen Dramas bloßgeleg
4105 3301 5731 3387 bis zum folgenden Mittag kein Versuch stattfand. diese
779 3314 2381 3424 werden können, gar manche Lücke offen und manches
779 3326 4050 3479 Rätsel ungelöst bleibt, so darf doch getrost behauptet der taktischer Minderwertigkeit gegenüber der Armee
4111 3357 5725 3455 Vorhut zu überwältigen. der infolge des starken Windes
2430 3406 3215 3522 Napoleons verbunden war.
2559 3424 5731 3559 Mit der Rückkehr zum Alten war die Hoffnung auf und des mächtigen Wellenganges keine Unterstützung zu
785 3436 2393 3547 werden, daß das Ergebnis der Untersuchungen über die
4105 3492 5737 3590 teil werden konnte, als endlich am 19., nachmittags, diese
792 3504 2393 3620 Schlacht, das in dem gegenwärtig im Druck befindlichen
2442 3522 4062 3620 einen völligen Umschwung des Kriegsglückes gänzlich
2172 3565 2399 3645 Kriegs.
4099 3565 5725 3663 Division bis an den die Lobau vom Marchfeld trennenden
798 3584 2092 3688 vierten Bande des großen Werkes des k. und
2117 3577 4056 3731 historischer begraben. Unter günstigen Umständen konnte die Armee
4111 3627 5731 3719 Stadtler Arm vorrückte und jenseits nur schwache Vorposten
804 3645 2086 3762 archivs über den Krieg 1809 niedergelegt ist
2436 3657 4062 3755 wohl einen Kampf in Ehren bestehen, nicht aber einen
4124 3700 5725 3817 feststellte, die bis zum 20., mittags, nicht verstärkt wurden
798 3700 1921 3854 Wahrheit nach Möglichkeit nahe kommt
933 3725 4062 3878 Die Konturen des geradezu bereits konventionell ge¬ durchschlagenden Erfolg erringen und vor allem nicht
4111 3762 5731 3860 da mußte Napoleons stets gehegte Befürchtung die Ober¬
792 3804 4056 3939 wordenen Bildes der Schlacht erfahren dadurch aller¬ rasche und gewagte Operationen, das wichtigste Mittel
4111 3823 5737 3939 hand gewinnen, daß der Generalissimus einer Schlacht
2129 3872 4062 3989 andelnden für eine dauernde Ueberlegenheit im Kriege, durchführen
2571 3903 5737 4050 Daß der Erzherzog dies klar erkannte, war ein ausweichen und durch einen Rückzug nach Mähren den
804 3915 2074 4013 dings einschneidende Berichtigungen und die
810 3970 2393 4087 Hauptpersonen werden vielfach in eine andere Beleuch
4117 3964 5069 4105 Krieg in die Länge ziehen wolle.
2454 3989 4056 4117 Zeichen reifer Einsicht, gleichzeitig aber auch die Quell
4228 4007 5731 4130 In dieser irrigen, aber nach den empfangenen Ein¬
2135 4025 2405 4117 Helden den
810 4050 2062 4173 tung gerückt. Im Sinne jener, die in ihrem
2448 4062 4044 4167 der Hoffnungslosigkeit, die unaufhörlich an ihm zehrte
4105 4081 5744 4222 drücken begründeten Voraussetzung, also keineswegs im
2129 4087 2399 4209 ohne Fehl
822 4124 2074 4222 Menschen voll übernatürlicher Eigenschaften,
2117 4130 4056 4271 ive Schil- daß er trotzdem, der höheren Pflicht gehorchend, mit den
2123 4167 5744 4424 Ein leitigst; gewißen Wegenes neuverlauf zum Königin, in die Sohnunisten I. unederwandt bauhmenden Roichenwachsinns, wie nachrichtig¬
822 4185 2086 4314 und Irrung sehen wollen, bedeutet solch ob
792 4246 2062 4412 ###anna notitolig eine große Enttäuschung
