5832 5368
395 49 1051 164 Daß dies bisher nicht
3603 55 4387 188 selbstverständlich nicht, daß
1938 79 3524 207 dafür Vorsorge getroffen werden sollen, daß die öster
273 115 1762 237 präsident zugegeben, wenn auch in einer Form, die
3579 128 5244 261 der Landesgarantie für die Agrarbank Belastungen auf¬
286 164 3536 292 selbst für die Zeit, da er Minister des Innern war, von reichische Regierung über alle Vorgänge in Bosnien
1957 231 3518 328 genau unterrichtet sei, namentlich über solche, die aus
3597 219 4035 322 weisen können.
273 243 1890 352 der Verantwortung befreit, während der Zeitpunkt, von
3688 243 5238 371 Die Bedenken gegen die Landesgarantie sind nicht
1938 298 3542 395 wirtschaftlichem und finanziellem Gebiete sich abspielen
255 304 1896 444 dem er als Leiter der Staatsgeschäfte in Oesterreich sich
1932 328 5201 437 Ist es für Oesterreich nicht wichtiger, einen genauen entkräftet worden und können nicht beseitigt werden
261 371 1890 480 um die Angelegenheit kümmerte, nicht deutlich feststeht.
1944 425 5201 529 Nachrichtendienst über Bosnien zu halten als für irgend welchen Sinn und Zweck soll es haben, daß das Land
267 450 1890 559 Doch soll das Verdienst nicht geschmälert werden, daß er
3597 480 5207 589 für eine Einrichtung Garantie übernimmt, die es zweck
1932 486 3542 602 einen Auslandsstaat? Wäre es somit nicht an der Zeit
280 492 1884 626 mit der tradition der bisherigen österreichischen Regi###
3597 553 5177 644 mäßiger selbst durchführen sollte. Es überläßt den
1950 559 3555 650 eine Einrichtung zu schaffen, die sich von Amts wegen mit
280 571 1890 681 rungen, die bosnischen Angelegenheiten nur der zeit
1938 614 3549 711 der genauen Beobachtung der bosnischen Angelegenheiten
3603 620 5062 711 schäftlichen Nutzen einem privaten Finanzinstitute,
286 644 1896 766 weiligen Aufmerksamkeit der österreichischen Deligation
1944 681 3555 784 befaßt und für eine fachliche Berichterstattung Sorge
3597 656 5183 790 den ganzen Apparat der autonomen Verwaltung zu
286 711 1896 820 sonst aber dem absolutistischen Regime der Reichfinanz
1950 729 3530 845 trägt? Ich lege weit mehr Wert darauf, daß die öster
3585 723 5159 881 Verfügung und kommt schließlich noch für Fehlbett
286 778 1890 863 minister zu überlassen, gebrochen hat. Er hat sodan
1950 814 3536 918 reichische Regierung auf unmittelbaren Wege zur Kennt
3597 814 4144 936 der Agrarbank auf.
286 839 1896 936 Baron Jorkasch=Koch mobilisiert, der mit seiner bey
1944 881 3549 978 nis der Geschehnisse in Bosnien und zur Betätigung
3858 857 5110 984 kann vom österreichischen Standpunkte aus
286 905 1908 1015 kannten schneidigen Rede sich der Erinnerung der Zeit
2516 948 3075 1045 gegebenen oder
3694 948 5183 1057 nicht werden und ebensowenig von dem Gesichtspunkts=
298 972 1914 1069 genossen deutlich eingeprägt und, wie zu hoffen ik, auch
1963 966 2443 1039 ihrer Staatsrecht
1957 954 3318 1100 Ingerenz gelangt, als daß das Ministerium der
3597 1009 4916 1136 des Schutzes und der Interessen der Bevöll
298 1039 1859 1173 für die Zukunft der Behandlung bosnischer Anzelege
1944 1063 3549 1179 wärtigen, abermals ein gemeinsames Ministerium, was
3615 1088 5189 1191 Vosnien und der Herzegowina. Der Regierung
304 1112 1215 1227 heiten die Richtung gegeben hat
1950 1124 3549 1227 nunmehr als Errungenschaft gelten soll, sich der öster
3615 1154 5201 1264 Kienerth ist es gelungen, die endgiltige Entscheidung
413 1142 1914 1252 Ministerpräsident Baron Bienerth erklärt in seiner
310 1185 3439 1325 Rede, daß der Reichsfinanzminister „ohne die gebotene reichischen Interessen anzunehmen hat. Möge dies
3609 1203 5195 1306 ###ber die Berechtigung der Agrarbank, das Geschäft der
1957 1258 3549 1367 schehen, möge aber auch nicht unterlassen werden, sei es
1957 1282 5195 1422 auch in voller Parität mit Ungarn, eine Institution der imeienablösung zu übernehmen. der bosnischen Landes¬
298 1288 1908 1398 Rücksicht auf unsere Interessen selbständig vorgegangen
298 1349 1908 1458 ist". Das ist ein scharfes Wort, das Baron Burian di
3597 1343 5189 1434 vertretung vorzubehalten. Ist diese ihrer Pflicht bewußt
1963 1379 3555 1501 geschilderten Art zu erhalten. Gelegenheit dazu wird sich
316 1422 1902 1531 volle Verantwortung aufbürdet, für die ihm nur die Ent¬
3609 1398 5189 1501 so gibt es für sie nur einen Weg, ohne Verzug die
1944 1452 3555 1543 anläßlich der Verhandlungen mit Ungarn über die staats¬
316 1483 5201 1671 Interessen nicht aufmerksam gemacht wurde. Von unga¬ rechtliche Stellung beider Staatsgebiete in Bosnien und
322 1483 1902 1598 schuldigung zur Seite steht, daß er auf österreichisch
1950 1622 5207 1756 herzliche Glück- und Heilwünsche dar. Der Fakultät gereicht 1 gefallenen österreichischen Krieger.“ Die glatte Reversseite
1957 1689 5207 1811 es zur Ehre, Adolf Wilbrandt, der uns schon durch die trägt die Inschrift: „Zur Jahrhundertfeier der ruhmreichen
808 1701 1470 1841 Kleine Chronik.
3591 1750 5195 1835 Schlacht von Aspern 1809—1909." Beide Medaillen ge
1957 1780 3536 1878 Erinnerung an seinen Vater Christian Wilbrandt, unserer
1404 1750 1865 1878 Wien, 13. Mai
3591 1786 5201 1908 langen in den nächsten Tagen in die Oeffentlichkeit. — Be
1957 1841 3549 1969 einstigen Amtsgenossen, verbunden ist, zu den von ihr promo
444 1847 1902 1969 [Hof= und Personalnachrichten.] Erzherzo
3603 1871 5213 1957 diesem Anlasse seien einige Arbeiten erwähnt, die Professor
304 1902 1902 2036 Franz Ferdinand, der gestern früh vom Semmerin
1963 1902 2698 1999 vierten Doktoren zu zählen.
3609 1932 5189 2011 Marschall kürzlich vollendet hat. Es sind dies eine durch
2090 1926 3561 2078 [Ernennungen.] Der Finanzminister hat im
316 1993 1920 2084 nach Wien zurückgekehrt ist, hat in den zwei Tagen seines
3603 1987 5183 2115 frappierende Porträttreue ausgezeichnete Porträtplakette de
316 2048 1926 2139 dortigen Aufenthalts neun Auerhähne geschossen. Dem
1969 2023 5043 2139 Personalstande der alpinen Salinenverwaltungen die Ober¬
1950 2084 3549 2206 bergverwalter Viktor Wenhart und Karl Blaschke i
322 2102 1902 2206 Hotelier Herrn Panhans gegenüber sprach der Erzherzo
1975 2115 5043 2248 Hall zu Bergräten, den Bergverwalter Hans Vogl in verkleinerte Wiedergabe der Karlweis-Plakette
322 2157 1908 2266 die vollste Zufriedenheit aus und bemerkte, daß er vielleich
1969 2151 5207 2303 Altaussee zum Oberbergverwalter und den Bau= und die im Revers und Avers mit trefflichen figuraten Dar¬
365 2224 1914 2327 ächste Woche nochmals auf den Semmering kommen werde
1975 2230 5219 2382 Maschineningenieur Josef Kas in Aussee sowie den Hütten- stellungen gezierte Preismedaille des Landes¬
358 2273 1914 2376 — Erzherzog Ferdinand Karl ist samt Gefolge zum
3591 2291 4867 2418 kulturrates von Niederösterreich
316 2339 1926 2449 ständigen Aufenthalt gestern abends in Baden eingetroffen
1969 2339 3536 2437 verwalter Friedrich Mitteregger in Ebensee zu Obe
3713 2339 5207 2485 [Abenteuerliche Gerüchte über eine
316 2394 3567 2509 und im „Hotel Sacher“ im Helenenthal abgestiegen. — Aus  Hüttenverwaltern ernannt. Der Handelsminister hat den Post
3591 2418 5207 2522 Wiederauffindung Johann Orths in
316 2461 1902 2552 Arco wird uns berichtet: Prinzessin=Witwe Moritz vo
1969 2467 3561 2564 verwalter Johann Schäfer in Bludenz zum Oberpost
3609 2503 5219 2613 Amerika.] Aus London wird uns berichtet: Die von
322 2522 1926 2613 Sachsen=Altenburg ist nach dreiwöchentlichem Aufent¬
1975 2534 2783 2637 verwalter in Feldkirch ernannt.
3597 2552 5195 2649 Randolph Hearst herausgegebenen Zeitungen in Chicago
316 2576 1920 2698 halt, der ihr sehr gut bekam, vorgestern nach Altenburg ab¬
2078 2564 3561 2710 [Medaillen für die Haydn= und Aspern
3591 2625 5226 2716 Newyork, Boston und San Francisco veröffentlichten gestern
322 2637 1926 2728 gereist. — Der türkische General Ali Riza Pascha und
3591 2686 5207 2777 abenteuerlich klingende Gerüchte über eine angebliche Wieder
1969 2643 3555 2783 feier.] Im laufenden Monat werden bekanntlich zw
316 2698 1920 2783 der Intendanzchef der türkischen Armee Achmed Afi
1963 2746 5213 2886 eine der Schlacht von Aspern, die andere dem hundertsten Zaufindung Johann Orths. Johann Orth sei in den Ver¬
1975 2740 3561 2838 große Zentenarfeiern in Wien stattfinden, von denen di
328 2759 1902 2868 Pascha sind heute früh aus Konstantinopel hier ang
1969 2807 5219 2953 Todestage Haydns gilt. Die Erinnerung an beide Ereig= einigten Staaten entdeckt worden, und zwar in der Ortschaft
316 2807 1902 2917 kommen und im „Grand Hotel“ abgestiegen. — Anläßli
3609 2868 5207 2965 Painesville (Ohio), wo er als Maschinist für 15. Dollar
316 2874 1908 2977 des 60jährigen Regierungsjubiläums des Kaisers hat Fra
1969 2917 3561 3008 nisse soll unter anderm durch Prägung künstlerischer Me¬
3603 2929 5207 3014 Wochenlohn arbeitet. Er wird als ungefähr sechzigjährige
316 2929 1908 3020 Maria v. Thielen für das Kaiserin Elisabeth=Künstlerhein
1957 2990 5213 3069 daillen festgehalten werden. Kammermedailleur Professor Königkeit mit grauem Bart von schwacher Gesundheit und
322 2990 1926 3117 für erwerbsunfähige Schauspieler den Betrag von 20.000 K.
1969 3050 5219 3190 wurde, hat sie in bewährter Weise gelöst. Besonderes lebensmüde geschildert. Sein einziger Wunsch sei, in Oester
1975 3032 3567 3129 Rudolf Marschall, der mit beiden Ausgaben betrau
316 3081 583 3178 gespendet.
3603 3105 5213 3202 reich begraben zu werden. Der österreichisch-ungarische Bot
468 3087 1938 3226 [Der neu ernannte amerikanische
1975 3160 3567 3251 Interesse wird die Haydn=Medaille erregen, die in
3609 3166 5219 3269 schafter in Washington, dem eine Photographie des Mannes
316 3196 1932 3281 Generalkonsul.] Wir haben im Morgenblatte ge
316 3220 3567 3348 meldet, daß Charles Denby zum Generalkonsul der Ver¬ Auftrage des offiziellen Komitees ausgeführt wurde und ja
3615 3233 5207 3324 gezeigt wurde, hätte die Aehnlichkeit mit dem Erzherzo
1975 3281 3567 3372 Gold, Silber und Bronze zur Ausgabe gelangt. Seh
3609 3287 5226 3391 Johann Salvator zugestanden, ohne natürlich die Indentität
328 3312 1914 3409 einigten Staaten in Wien ernannt wurde. Charles Denb
1969 3348 3561 3433 wichtige Behelfe waren dem Künstler zwei Haydn-Büsten an
3603 3348 5226 3451 konstatieren zu können. Der angebliche Johann Orth erzähle
328 3366 1932 3476 steht seit dem Jahre 1885 im diplomatischen Dienste der Ver
3603 3409 5219 3500 über seine Schicksale in der Neuen Welt folgendes: Er se
328 3409 3567 3524 einigten Staaten von Amerika und hat dieselben in China bis Wachs, die von einem unbekannten Meister herrühren und
1981 3470 3561 3561 mit verblüffender Detailtreue — bloß in der Gesichtsfarb
3603 3451 5226 3561 1890 bei Cusatena südlich vom La Plata gelandet, um in
334 3494 1938 3597 zum Jahre 1905 vertreten. Damals wurde er in das Aus¬
3603 3524 5226 3621 Uebereinstimmung mit seiner Frau ein neues Leben zu be¬
334 3530 3555 3658 wärtige Amt in Washington berufen, wo er den Dienst eines etwas differierend — die Züge des Tonheros wiedergeben
340 3591 3561 3713 „Chief Clark“ zwei Jahre lang versah. Gegenwärtig ist er Eine der Büsten ist im Besitze des Konsuls Dr. vor
3621 3591 5244 3694 ginnen. Er kaufte einen Ranch in Argentinien, wo er sieben
1975 3646 3567 3731 Vivenot, die andere gehört dem Regierungsrat Dokto
3603 3640 5226 3743 Jahre lebte. Dort wurden ihnen zwei Kinder geboren, Anna
328 3676 1932 3767 Generalkonsul in Caanghai. Denby ist im Staate Indian
328 3707 3579 3822 geboren und 43 Jahre alt. Seine Gattin stammt aus der Steger. Letzteres Exemplar hat nachweislich Haydn selbst
3609 3713 5219 3804 Margerita 1897 und Leopold 1898. Im Jahre 1902 befan¬
328 3773 3573 3877 bekannten Familie Dalzell Orr. Während der provi= einmal besessen. Auch eingehende Studien, die Universitäts
3615 3767 5226 3871 sich die Familie auf Martinique, wo Frau und Kinder be
3609 3828 5232 3925 der großen Vulkankatastrophe in den Ruinen von Sankt
346 3834 3573 3956 sorischen Regierung der alliierten Mächte in Tiensin war er prosessor Tandler am Stelett und dem Totenschäde
3621 3889 5232 3986 Pierre umkamen. Johann Orth begab sich dann aus West¬
1963 3889 3573 3986 Haydns vorgenommen hat, erwiesen sich als sehr förderlich
346 3925 1440 4016 Generaksekretär und laerat für Nordchina.
480 3962 3573 4095 [Adolf Wilbraubts Doktorjubiläum.] und ermöglichten es Professor Marschall, einen Haydn=Kopf am
3615 3943 5232 4035 indien nach den Vereinigten Staaten, wo es ihn auch nicht
1987 4022 3567 4108 modellieren, der zwar mit allen bisherigen Medaillen nicht
3621 4016 5238 4108 lange litt. Er reiste nach Europa zurück, um in Paris seinen
340 4047 1926 4126 Aus Rostock wird uns berichtet: Wie bereits gemeldet
1981 4071 5232 4162 übereinstimmt, aber doch als authentische Wiedergabe gelten Wohnsitz zu nehmen. Dort wurde aber ein Attentat auf ihn
346 4108 1932 4223 seierte Adolf Wilbrandt um 9. Mai sein 7jährige
3603 4132 5238 4266 versucht, und so ging er wieder nach Amerika, wo er seither
1981 4138 3409 4217 darf. Als Inschrift trägt die Aversseite die Worte:
346 4138 1938 4247 Doktorjubiläum, das zur festlichen Begrüßung des
1981 4174 3409 4272 tenarfeier Wien 25.—29. Mai 1909." Der Revers
3603 4205 4770 4302 von der Hand in den Mund gelebt habe.
334 4211 1944 4320 Dichters aus nah und fern Anlaß gab. Das Erneuerungsdiplon
1993 4253 3427 4338 die Sonne die aus zerrissenen Wolken hervorbrich
340 4284 1944 4363 der philosophischen Fakultät der Rostocker Universität weich
3731 4259 5226 4381 [Ein brennendes Notorrad.] Der Gefreit
346 4314 3470 4430 in seiner deutschen Fassung von der herkömmlichen Form/ Symbo### für den erleuchtenden Gedanken im Wirrsal
3615 4326 5244 4430 des Infanterieregiments Nr. 84 Karl Babak. in der Renn¬
1993 4369 3573 4466 Phantasien. Darüber stehen die ersten Takte der Volks
346 4405 1938 4496 wesentlich ab und enthält unter anderm folgende Sätze
1993 4399 5238 4515 hymne mit den Textworten: „Gott erhalte.“ — Auf der weger Kaserne bequartiert, kam heute um 2 Uhr nachts, mit
3615 4460 5250 4551 Brandwunden an der Hand und am Arm, in die Zentrale
365 4466 1938 4569 Dem Manne, der vor 50 Jahren die Doktorprüfung m
340 4496 3573 4612 Auszeichnung bestand, der mit trefflichen literarlisstorischen Aspernmedeille ist der bekannte Fernkornsche Löw
3615 4509 5226 4612 der Rettungsgesellschaft und erzählte, er habe die Verletzungen
1981 4545 3573 4636 vom Denkmal auf dem Schlachtfeld zu Aspern zu sehen. Die
346 4563 1926 4667 und dramaturgischen Arbeiten wissenschaftliche und künstlerisch
1993 4581 5226 4709 Legende ist dieselbe wie auf dem Monument und lautet: dadurch erlitten, daß sein ärarisches Motorrad auf der Land¬
358 4648 1950 4733 Bestrebungen vereinigte, der als vielseitiger, geistvoller un
352 4660 5055 4867 Nachsinniger Düster weit und breit geztet wird bringen mit I. Damm Andenken der am 11. und 22. Mai 1889 ruhmvoll große Hauptstände plötzlich in Brand gestel.
