5880 3752
4743 118 5227 212 ähnung, sie unter=
5272 102 5488 240 ihre
3892 191 5484 281 ###e wahren, zielbewußt fortschreiten und die
3082 212 3831 309 In der heute, wir
2260 269 4812 387 nagerein ###gleicht und Volksbetörer genannt hat. Und / Dinge nicht überstürzen.
1938 326 2227 411 ein.
4006 277 5480 403 Erst nachdem Kossuth sich entfernt hatte, kam auch
2264 354 3835 432 doch kann gerade die Volkspartei nicht anders an der
712 387 1054 468 I ja
1120 370 2194 468 er immer die Furcht, daß man ihn in
3892 362 5468 460 Justh in den Parteiklub. Er führte von neuem aus
2272 411 3835 493 Regierung teilnehmen, als wenn sie das Ein
639 444 2203 525 Abgeordnetenhause niederstimmen könnte, obgleich sich zi
3880 456 5468 533 daß die Unabhängigkeitspartei um keinen Preis nach
2264 480 3835 574 vernehmen mit der Unabhängigkeits
647 509 2194 590 jener Zeit in der Unabhängigkeitspartei nicht eine einzig
3892 513 5468 615 geben dürfe. Wenn sie einmütig für ihre For
2260 533 2952 639 partei aufrecht erhält.
647 586 2211 676 Stimme gegen die Wahlreform erhob. Dies ist ein großes
3880 582 5484 696 derungen eintreten wird, so werde sie schließlich
2386 570 3831 696 Graf Albert Apponyi pflichtete dieser letzteren Be¬
627 631 2198 725 Unglück. Denn die gegenwärtige Krise ließe sich
3896 639 4690 761 auch ihr Ziel erreichen.
2264 639 3847 769 merkung Cjizmazias bei und meinte, dieses Vorgehen
623 721 2211 814 viel leichter lösen, wenn die Wahlreform
2264 749 3831 818 erwecke den Eindruck, wie wenn jemand einen Ein
643 778 1580 879 schon verwirklicht wäre.
4263 753 5105 904 Die Krise in Ungarn.
2255 810 3831 904 brecher verurteilt, dann aber die Beute mi
623 839 2198 981 Graf Apponyi über den Zusammenhang zwischen
4263 867 5093 985 (Telegramm der „Neuen Freien Presse“.)
2260 867 2634 981 ihm teilt.
940 932 1913 1034 auswärtiger Lage und Krise.
4894 900 5443 1038 Budapest, 7. Mai.
2374 892 3847 1034 Der Abgeordnete Ludwig Hollo, der in diesem
4128 965 5236 1111 Die Audienzen Zichy und Szell.
2255 997 3843 1091 Momente zu der Gruppe von Abgeordneten getreten war,
761 1006 2203 1107 In diesem Augenblicke trat Graf Albert Apponyi in
2255 1075 3831 1164 welche Kossuth umringten, bemerkte, daß viele Mitgliede
4002 1050 5484 1164 Ueber die heute stattgehabten Audienzen ist in der
647 1071 2198 1160 den Konversationssaal des Klubs. Er wurde mit Frager
2255 1144 3843 1217 der 67er Parteien bei verschiedenen Gelegenheiten gerne
3896 1136 5480 1230 Oeffentlichkeit sehr wenig betannt geworden. Sowohl Graf
627 1148 2194 1238 über die politische Lage bestürmt, auf welche et in sehr
2255 1205 3843 1287 in die Unabhängigkeitspartei eingetreten wären. Speziell
3892 1209 5476 1291 Ferdinand Zichy als auch Koloman v. Szell be-
627 1234 2190 1299 pessimistischem Tone antwortete. Er bezeichnete die Laa
2260 1274 3831 1360 von einzelnen Mitgliedern der Volks
3896 1274 5468 1364 wahrten in ihren Aeußerungen über den Verlauf ihret
639 1282 2186 1368 als außerordentlich schwierig und meinte
627 1335 3860 1449 daß es momentan gar nicht abzusehen wäre, in welcher partei wisse er, daß sie Anhänger der
3892 1339 5480 1429 Empfanges die gebotene Zurückhaltung und beschränkten
2260 1405 3273 1531 selbständigen Bank seien
3904 1417 5476 1490 sich in ihren Mitteilungen aus die Schilderung der
627 1421 1710 1519 Weise sich die Krise lösen lassen werde.
2374 1445 3835 1563 Der Abgeordnete Kallay fragte, was an der Nach
3892 1478 5480 1559 Aeußerlichkeiten. Die Audienz des Grafen Zichy währte
749 1445 2194 1567 Ein Mitglied der Partei meinte hierauf, daß der Ho
635 1543 2186 1624 in der nächsten Zeit einen großen Rüstungs
3896 1543 5480 1624 35 Minuten. Herr v. Szell verweilte fünf Viertelstunden
2260 1523 3831 1620 richt wahr sei, daß auch die Abgeoroneten Franz Nag
2255 1608 3839 1685 und Emmerich Szivak, die zwei Hauptstützen der Ver
3896 1612 5468 1685 im Arbeitskabinett des Monarchen. Beide Politiker legten
615 1616 2198 1685 kredit, angeblich 500 Millionen Kronen, beanspruchen
2255 1673 3843 1755 fassungspartei, seinerzeit geneigtgewesen wären, in die
3892 1681 5468 1751 ihre Ansichten über die Lage dar, und beide wurden
623 1685 2194 1755 werde. Um diesen Kredit zu erhalten, müsse man mi
2255 1738 3176 1840 Unabhängigkeitspartei einzutreten
3896 1747 5480 1828 vom Kaiser mit einigen Worten des Dankes für ihre
635 1742 2198 1832 Ungarn in Frieden leben. Ueberdies sei auch
627 1820 2182 1930 die auswärtige Lage nicht derart, daß der Ho
2374 1767 3835 1909 Graf Albert Apponyi erwiderte, daß zwar ein
3884 1804 4662 1909 Ausführungen verabschiedet
635 1873 1893 1962 einen Konflikt mit Ungarn wünschen könnte.
4014 1869 5480 1975 Entscheidungen irgend welcher Art sind heute
2260 1881 3823 1958 mal die Rede davon gewesen sei, jedoch nicht im Zu
745 1930 2190 2027 Graf Apponyi antwortete darauf : „Gerade die aus
3896 1913 5480 2027 ebensowenig gefallen als gestern, und es sind solche auch
2260 1942 3823 2032 sammenhange mit der Bankfrage, sondern in Verbindung
615 2011 2182 2084 wärtige Lage spricht gegen uns. Italien
3896 2011 5480 2089 für die nächsten Tage nicht zu erwarten. In
2255 2019 3375 2113 mit einer administrativen Angelegenheit.
615 2093 2178 2158 und Rußland rüsten sich und die Situa
2361 2044 3835 2170 Der Abgeordnete Hollo beklagt sich darüber, daß
3896 2084 5480 2162 der Beurteilung des Einflusses der Audienzen auf die
623 2141 2186 2219 tion ist nicht ganz beruhigend. Unter solcher
2243 2137 3831 2219 die Führer der 1867er Parteien und speziell der
3896 2137 5464 2215 allgemeine Lage ist man vollständig darauf angewiesen
623 2207 2174 2288 Umständen ist es doppelt schwierig, an die Er
2235 2219 3823 2296 Ministerpräsident Dr. Wekerle und Graf Juliu
3880 2207 5484 2284 die Stimmung zu beobachten, welche sich im Kreise der
611 2276 928 2353 richtun
916 2280 2186 2394 g der selbständigen Bank 31
2247 2280 3815 2357 Andtassy den Monarchen gegen die Unabhängig
3880 2272 5484 2361 vom Kaiser empfangenen Politiker nach den Audienzen
619 2337 932 2435 denken.
2243 2341 5476 2422 keitspartei informieren. Wekerle habe ihm gegenüber ge¬ bemerkbar macht. Diese Stimmung ist, wenn man von
741 2357 2170 2504 Im übrigen bemerkte Graf Apponyi, auch seine An
2247 2418 5480 2483 äußert, wenn die Mehrheit an der selbst= der Umgebung des Herrn v. Justh absieht, überall eine
627 2447 2190 2557 sicht gehe dahin, daß die Partei einheitlich sein
2260 2475 3831 2565 ständigen Bank festhalte, sei er bereit, an
3892 2479 5468 2557 sehr gedrückte, und daraus läßt sich indirekt folgern, daß
615 2549 2178 2618 und sich stark erweisen müsse. Er warnte jedoch
2243 2536 3831 2626 ihrer Verwirklichung mitzuarbeiten. Franz
3880 2536 5464 2634 die Audienzen die Entwirrung bisher nicht wesentlich ge
611 2606 2186 2691 davor, diese Einheit dadurch herbeiführen zu wollen, daß
2235 2610 3819 2683 Kossuth erwiderte: „Dem Grafen Julius An
3896 2606 4267 2699 fördert haben.
615 2671 2186 2748 man ein fortwährendes Gezänke zwischen den verschie¬
2243 2675 3819 2756 drassy kann ich nur das beste Zeugnis aus
4002 2634 5484 2785 Die Ansichten jener Politiker, die heute Gelegenheit
607 2732 2174 2809 denen Elementen der Partei und den Parteien der Koali
2243 2740 3819 2821 stellen. Ich weiß ganz gewiß, daß er sich keinesfalls an
3876 2732 5138 2850 hatten, vor dem Monarchen zu erscheinen,
5191 2748 5480 2834 sind all-
607 2801 2174 2887 tion hervorrufe. Was nottut, sei ein friedliches Zu
2231 2805 3815 2882 die Spitze einer solchen Entwirrungsaktion stellen würde
3868 2805 5480 2895 gemein bekannt. Graf Ferdinand Zichy, der Begründer
615 2866 2178 2960 sammenwirken aller patriotischen Ele-
2231 2870 5138 2980 die nicht mit der Unabhängigkeitspartei als der Mehrheit und spiritus rector der Volkspartei, ist
5179 2882 5484 2988 ein auf¬
607 2939 879 3033 mente.
2198 2927 5472 3033 rechnet. Was den Ministerpräsidenten Dr. Wekerlebe richtiger Anhänger des Ausgleichs vom Jahre 1887 und
