5960 6216
4975 476 5156 617 Gentj. K.
4571 508 4741 617 Jumal. Post
4975 568 5160 685 riertelj. k.
4414 516 4584 665 23, Vierte
1048 544 1455 726 alles u. Druckerei:
464 548 1060 754 Redaktion, Administrativ
1044 681 1298 790 die zurücksammen
4777 665 5285 790 für das Auslands
4422 673 4793 782 Abonnement
472 685 697 810 Mannes
1036 766 1407 1080 décembre.
2503 641 3241 851 Neue
5044 802 5266 1067 K. A. M.
703 808 873 1036 R. A. M. Mevius.
1251 820 1410 1036 — Le Comte de S. A.
4789 887 4898 1056 Näyttelystä
5115 886 5320 1129 A. S. A. & P.
4305 903 4467 1024 Ser
847 955 1101 1064 Exp. & Co. in
645 972 867 1141 hen, Lehn,
1251 986 1435 1250 xyz
4769 1088 4950 1290 M. R. S.
484 1161 649 1326 B. A. M.
4362 1346 4600 1612 H.O.S.
4842 1169 5216 1528 N'ont pas eu le moins
2298 1234 2580 1403 Re
1177 1314 1387 1524 4.8.m8.8
1230 1367 1423 1516 6.H., j
476 1334 657 1475 monati.
754 1371 1105 1488 age, Mit tägl. zweimt,
484 1455 669 1576 Mittagh
476 1544 1020 1681 einzeln;
891 1556 1205 1701 Abendblatt
1173 1500 1467 1697 ein Pf. je 15 Pr.
2564 1471 3233 1645 Abendblatt.
4850 1661 5261 1794 1909.
2185 1689 3636 1858 Wien, Donnerstag, den 13. Mai
621 1746 1334 1887 Nr. 16065.
3745 1842 5321 1935 der Herzegowina ergeben, und die rechtliche Voraus¬
2092 1875 3697 1971 rischer Seite hat es gewiß nie daran gefehlt, wie aus
3749 1911 5321 2020 setzung ist die finanzielle Haftung, welche Oesterreich und
2104 1943 3697 2056 großen und kleinen Ereignissen deutlich gefolgert werden
891 1927 1681 2052 Bienerth und Burian.
3749 1979 5321 2072 Ungarn für die beiden Länder zu tragen haben. Dabei
2092 2008 3705 2112 kann. Schließlich braucht man nur an die Entwicklung
480 1979 2052 2128 (Geschrieben am gestrigen Tage unter dem Eindrucke der Abatte.)
3757 2048 5317 2137 würde es sich durchaus nicht um irgend eine Bevor
2092 2076 3705 2189 des bosnischen Bahnwesens sich zu erinnern, um zu
633 2104 1903 2245 Vom Reichsratsabgeordneten Dr. Stephan Lich
3749 2116 5341 2213 mundung Bosniens handeln, dessen Autonomie in keiner
2092 2141 3705 2237 wissen, ob der ungarische Einfluß in der bosnischen
1580 2141 2024 2274 Wien, 13. Mai.
3749 2189 4684 2282 Weise dadurch zu berühren wäre.
2092 2209 3697 2310 Landesverwaltung sich auf der bescheideneren Höhe der
3830 2205 5345 2346 Ministerpräsident Baron Bienerth hat die finanzielle
609 2209 2060 2354 Ministerpräsident Baron Bienerth hat in seiner
2092 2266 3685 2366 ungarischen Beitragsquote für die gemeinsamen Finanzen
2104 2318 5329 2467 halt oder selbst weit über das Maß der österreichischen Tragweite des Privilegiums der Bosnischen Agrarbank doch
492 2326 2044 2439 Rede wohl zum größten Teile die Lücken ausgefüllt
3757 2386 5349 2479 zu gering eingeschätzt. Wie er richtig hervorhob, ist nicht
492 2403 2044 2503 welche die mitgeteilte Amtskorrespondenz mit dem gemein¬
1883 2407 3382 2544 konnte Quote hinaus sich bisher geltend gemacht hat.
3757 2467 5345 2536 die Erteilung der Konzession der springende Punkt,
508 2471 1858 2572 samen Finanzministerium aufwies. Vor allem
2229 2475 3701 2600 Baron Bienerth macht auch das österreichische
3749 2528 5341 2624 sondern die Landesgarantie für die Grundentlastungs¬
496 2532 1870 2624 man entnehmen, daß die österreichische Regierung
2104 2564 3681 2677 Parlament oder richtiger seine Delegation dafür verant
488 2592 1862 2697 Reichsfinanzminister Baron Burian gegenüb
3757 2580 5349 2681 obligationen der Agrarbank. Zunächst muß es manchem
2104 2632 3709 2733 wortlich, daß es die österreichischen Interessen nicht ge¬
504 2636 2056 2753 schiedener und bestimmter auftrat, als es den Anschein
3781 2657 5354 2741 Zweifel begegnen, ob bei Belehnungen bis zum vollen
2108 2697 3701 2794 nügend gewahrt und den beruhigenden Erklärungen des
504 2725 2056 2818 hatte, daß aber zur Zeit, als sie sich der österreichischen
3769 2725 5345 2806 Werte nicht auch Fehlgeschäfte in größerer Zahl eintreten
2104 2761 3697 2866 Reichsfinanzministers über die bosnische Agrarfrage zu
3749 2790 5345 2886 können, und ob die Verwaltung der Bank dafür ge¬
496 2786 1891 2898 Interessen annahm, die Kuh schon aus dem Stall
2116 2830 3701 2935 sehr getraut hat. Er findet auch einen leisen Tadel
3761 2842 5354 2943 nügende Kautelen liefert. Der Ministerpräsident gibt selbst
496 2854 2072 2955 Die österreichische Regierung war vor eine im Wesen
2120 2890 3713 2999 dafür, daß er nicht bereits im Oktober aufmerksam ge-
496 2911 2060 3040 bindende Erklärung gestellt, konnte nicht viel mehr er¬
3749 2927 5349 3023 zu, daß „unsichere Geschäfte" immerhin zu stande
2120 2963 3713 3060 macht wurde auf das, was Dr. Sustersic zu jener
492 2991 2064 3096 reichen und hat angesichts der Verhältnisse immerhin
2128 2995 5345 3132 Zeit von Baron Burian erfuhr. Durch einen Zufall kommen können und findet eine Sicherung zunächst in
504 3048 2052 3144 einen Erfolg errungen, dessen Realisierung allerdings
3757 3052 5333 3148 der Gestaltung des bosnisch=herzegowinischen Budgets
2116 3088 3697 3189 wurde er auf die Angelegenheit aufmerksam gemacht
492 3092 2064 3217 davon abhängt, daß die bosnische Landesvertretung die
2120 3116 5337 3257 die er sodann aufgriff und, wie er selbst meint, zu spät das in den Jahren 1908 nicht unbeträchtliche
508 3185 2060 3290 Interessen der Bevölkerung wahren, und daß die öster
3761 3181 5354 3273 Ueberschüsse aufweist. Wie wird es aber mit den bosni¬
2112 3221 3709 3338 nachdrücklich verfolgte. Durfte und darf es aber solche
3761 3245 5341 3342 schen Finanzen, die manche wesentliche Neubelastung er¬
508 3249 2060 3338 reichische Regierung sich mit der gebotenen andauernden
2120 3294 3717 3414 Zufälle geben? Soll die österreichische Regierung nicht
508 3310 2076 3406 Aufmerksamkeit und zähen Energie der Rechte unseres
3761 3318 5341 3414 fahren (Abfindungssumme an die Türkei 2c.), künftighin
2120 3358 3713 3471 genauer Bescheid wissen über die Vorgänge in der bos¬
508 3370 1891 3519 Staatsgebietes in den bosnischen Angelegenheit
3761 3382 5345 3483 bestellt sein? Die Einflußnahme auf die Bildung des
2120 3423 3713 3523 nischen Landesverwaltung als ein Abgeordneter oder
3769 3447 5358 3548 Voranschlages von Bosnien und der Herzegowina verhütet
488 3471 895 3572 nehmen wird.
2116 3479 3721 3588 ein Journal? Hätte nicht längst in irgend einer Weise
617 3455 2056 3596 Daß dies bisher nicht geschehen ist, hat der Minister
3773 3519 5366 3616 selbstverständlich nicht, daß die Rechnungsabschlüsse aus
1899 3556 3709 3652 die ihn dafür Vorsorge getroffen werden sollen, daß die öster
492 3576 1862 3681 präsident zugegeben, wenn auch in einer Form,
3761 3580 5349 3721 der Landesgarantie für die Agrarbank Belastungen auf¬
504 3612 3709 3737 selbst für die Zeit, da er Minister des Innern war, von reichische Regierung über alle Vorgänge in Bosnien
2141 3689 3705 3797 genau unterrichtet sei, namentlich über solche, die au
3761 3668 4209 3785 weisen können.
492 3705 1903 3793 der Verantwortung befreit, während der Zeitpunkt
3870 3685 5362 3822 Die Bedenken gegen die Landesgarantie sind nicht
2141 3741 3717 3850 wirtschaftlichem und finanziellem Gebiete sich abspielen
496 3777 1875 3878 dem er als Leiter der Staatsgeschäfte in Oesterre
3773 3789 5341 3894 ontkräftet worden und können nicht beseitigt werden
2137 3810 3709 3918 Ist es für Oesterreich nicht wichtiger, einen genauen
1899 3818 2076 3930 feststeht.
496 3834 1846 3939 um die Angelegenheit kümmerte, nicht deutlich
3773 3862 5366 3963 Welchen Sinn und Zweck soll es haben, daß das Land
2133 3878 3717 3995 Nachrichtendienst über Bosnien zu halten als für irgend
496 3910 2084 4007 Doch soll das Verdienst nicht geschmälert werden, daß er
3773 3930 5370 4051 für eine Einrichtung Garantie übernimmt, die es zweck¬
2128 3943 3709 4059 einen Auslandsstaat? Wäre es somit nicht an der Zeit
492 3975 2072 4076 mit der tradition der bisherigen österreichischen Regie¬
3793 4003 5358 4112 mäßiger selbst durchführen sollte. Es überläßt den ge¬
492 4011 3737 4128 rungen, die bosnischen Angelegenheiten nur der zeit=
3785 4055 5378 4176 schäftlichen Nutzen einem privaten Finanzinstitute, stellt
504 4080 3733 4201 weiligen Aufmerksamkeit der österreichischen Delagation, der genauen Beobachtung der bosnischen Angelegenheiten
3785 4136 5378 4253 ben ganzen Apparat der autonomen Verwaltung zur
2128 4136 3729 4249 befaßt und für eine fachliche Berichterstattung Sorge
508 4172 2076 4293 sonst aber dem absolutistischen Regime der Reichsfinanz
3785 4201 5366 4346 Verfügung und kommt schließlich noch für Fehlbeträge
2124 4217 3721 4317 trägt? Ich lege weit mehr Wert darauf, daß die öster
496 4253 2084 4330 minister zu überlassen, gebrochen hat. Er hat sodann
496 4269 3729 4402 Baron Jorkasch=Koch mobilisiert, der mit seiner be¬ reichische Regierung auf unmittelbarem Wege zur Kennt¬
3890 4265 4338 4378 Agrarbank auf!
2116 4342 3737 4434 nis der Geschehnisse in Bosnien und zur Betätigung
4055 4301 5362 4438 kann vom österreichischen Standpunkte aus nicht
496 4370 2084 4475 kannten schneidigen Rede sich der Erinnerung der Zeit¬
2318 4406 3737 4511 sigatsrechtlich gegebenen oder zu sichernden
4051 4402 5184 4491 werden und ebensowenig von dem Gesicht
2128 4422 2334 4507 ihrer
1895 4430 2072 4507 auch
492 4434 1822 4543 genossen deutlich eingeprägt und, wie zu hoffen
2866 4459 3636 4559 daß das Ministerium des Anschlage.
2145 4471 2854 4588 Ingerenz gelangt, als in
3991 4479 4551 4575 ###tzes und der Jni
512 4503 2084 4624 für die Zukunft der Behandlung bosnischer Angelegen¬
2145 4511 3745 4628 wärtigen, abermals ein gemeinsames Ministerium, was
4858 4479 5341 4612 Der Regierung
3842 4531 4588 4636 osnien und der Herze,
492 4563 1439 4684 heiten die Richtung gegeben hat.
2141 4592 3745 4692 nunmehr als Errungenschaft gelten soll, sich der öster¬
3854 4567 5358 4696 ienerth ist es gelungen, die endgiltige Entscheidung
629 4580 2080 4708 Ministerpräsident Baron Bienerth erklärt in seine
508 4656 3733 4777 Rede, daß der Reichsfinanzminister „ohne die gebotene reichischen Interessen anzunehmen hat. Möge dies ge
3834 4652 5366 4765 der die Berechtigung der Agtarbank, das Geschäft der
2153 4713 3745 4821 schehen, möge aber auch nicht unterlassen werden, sei es
3834 4725 5374 4850 metenablösung zu übernehmen, der bosnischen Landes¬
508 4741 2096 4833 Rücksicht auf unsere Interessen selbständig vorgegangen
2153 4793 3741 4878 auch in voller Parität mit Ungarn, eine Institution der
3846 4785 5390 4918 ertretung vorzubehalten. Ist diese ihrer Pflicht bewußt,
520 4801 2096 4902 ist“. Das ist ein scharfes Wort, das Baron Burian di
2157 4850 3733 4950 geschilderten Art zu erhalten. Gelegenheit dazu wird sich
3878 4866 5370 4975 gibt es für sie nur einen Weg, ohne Verzug die
520 4866 2096 4975 volle Verantwortung aufbürdet, für die ihm nur die Ent
2153 4914 3749 5019 anläßlich der Verhandlungen mit Ungarn über die staats-
3866 4922 5386 5047 entlich=rechtliche obligatorische Grundentlastung nach dem
528 4938 2104 5019 schuldigung zur Seite steht, daß er auf österreichische
520 4966 3761 5128 Interessen nicht aufmerksam gemacht wurde. Von unga= | rechtliche Stellung beider Staatsgebiete in Bosnien und
3870 5075 5386 5172 allenen österreichischen Krieger.“ Die glatte Reversseite
2157 5112 3769 5208 herzliche Glück= und Heilwünsche dar. Der Fakultät gereicht
3906 5140 5382 5220 die Inschrift: „Zur Jahrhundertfeier der ruhmreichen
2157 5180 3737 5269 es zur Ehre, Adolf Wilbrandt, der uns schon durch die
1020 5148 1637 5293 Kleine Chronik
3866 5204 5382 5301 schlacht von Aspern 1809—1909." Beide Medaillen ge¬
2153 5241 3749 5325 Erinnerung an seinen Vater Christian Wilbrandt, unseren
3870 5245 5402 5345 gen in den nächsten Tagen in die Oeffentlichkeit. — Bei
1633 5188 2052 5329 Wien, 13. Mai.
2165 5305 3753 5402 einstigen Amtsgenossen, verbunden ist, zu den von ihr promo¬
3890 5317 5386 5414 sem Anlasse seien einige Arbeiten erwähnt, die Professor
633 5265 2112 5414 [Hof= und Personal nachrichten] Erzherzog
516 5358 2088 5487 Franz Ferdinand, der gestern früh vom Semmering
3858 5370 5370 5474 karschall kürzlich vollendet hat. Es sind dies eine durch
2141 5366 2886 5478 vierten Doktoren zu zählen.
3878 5442 5398 5543 ppierende Porträttreue ausgezeichnete Porttätplakette des
516 5438 2096 5535 nach Wien zurückgekehrt ist, hat in den zwei Tagen seines
2290 5382 3757 5539 [Ernennungen.] Der Finanzminister hat im
520 5499 2112 5591 dortigen Aufenthalts neun Auerhähne geschossen. Dem
3858 5503 5390 5599 eneraladjutanten FZM. Freiherrn v. Bolfras, eine
2169 5482 3777 5579 Personalstande der alpinen Salinenverwaltungen die Ober=
520 5555 2092 5652 Hotelier Herrn Panhans gegenüber sprach der Erzherzog
3862 5547 5382 5660 erkleinerte Wiedergabe der Karlweis-Plakette und
2165 5567 3757 5648 bergverwalter Viktor Wenhart und Karl Blaschke in
504 5583 2100 5716 die vollste Zufriedenheit aus und bemerkte, daß er vielleicht
3890 5620 5382 5716 im Revers und Avers mit trefflichen figuralen Dar¬
2165 5612 3757 5700 Hall zu Bergräten, den Bergverwalter Hans Vogl in
528 5676 2104 5777 nächste Woche nochmals auf den Semmering kommen werde.
3870 5672 5402 5797 llungen gezierte Preismedaille des Landes¬
2165 5688 3757 5749 Altaussee zum Oberbergverwalter und den Bau¬
524 5736 2104 5825 — Erzherzog Ferdinand Karl ist samt Gefolge zum
2169 5749 3761 5825 Maschineningenieur Josef Kas in Aussee sowie den Hütten
3846 5736 5059 5870 ulturrates von Niederösterreich.
532 5797 2104 5922 ständigen Aufenthalt gestern abends in Baden eingetroffen
2165 5817 3745 5874 verwalter Friedrich Mitteregger in Ebensee zu Ober
3902 5801 5386 5946 [Abenteuerliche Gerüchte über eine
516 5837 1887 5966 und im „Hotel Sacher“ im Helenenthal abgestiegen.
2181 5865 3749 5950 Hüttenverwaltern ernannt. Der Handelsminister hat den Post
3866 5898 5386 5994 Diederauffindung Johann Orths in
532 5914 1887 6035 Arco wird uns berichtet: Prinzessin=Witwe Mor
2165 5930 3745 6015 verwalter Johann Schäfer in Bludenz zum Oberpost
3846 5962 5398 6067 tmerika.] Aus London wird uns berichtet: Die von
500 5970 2108 6075 Sachsen=Altenburg ist nach dreiwöchentlichem Aufent¬
1471 5986 2975 6091 estern nach Altenhuro ab= (verwalter in Feldkirch ernannt.
4390 6019 5386 6087 gerausgegebenen Zeitungen in Chicago.
