6424 4872
2846 12 3465 135 sowie bei sämtliche
5136 55 5313 129 Lft Balk
4940 61 5827 220 raschine Pension. Telephon 9. Bez. A. Mehl
4364 98 5019 220 Hof. Prosp. im Hotel.
1004 116 2008 233 Steiermark Prospekte
2595 214 5913 349 von Apotheker W. Twerdy, seit 20 Jahren beim Antbewahren der Winterkleider etc. bestens bewährt, in Flaschen & 70 Heller
3795 331 4738 435 und K 1.20 samt Gebrauchsanweisung.
961 251 2516 545 Schabengeist
2608 331 5907 575 Apotheke „zum goldenen Hirschen“, Kohlmarkt II, in Wien.
973 575 2595 716 Franzosen und während der ersten Okkupationszeit
2632 618 4248 698 1. Juli lebte Metternich, der spätere Staatslenker, als
4303 575 5901 716 lustig. Nicht nur die Theaterzettel des Burgtheaters er¬
979 692 4248 796 immer wieder ans Klavier eilte, um in den Klängen der Kriegsgefangener in Wien. Er bewohnte ein Landhaus
4297 686 5901 790 schienen nun in französischer Sprache, auch sonst wurde
2651 759 5895 851 seiner Mutter, das in der Nähe des Schönbrunner überall ein französischer Einschlag bemerkbar. Französische
1010 753 2583 832 Volkshymne Trost zu suchen. Als die ersten Schüsse
1028 820 4248 930 gatterten, sagte er zu seiner Umgebung: Kinder fürchiet  Schloßparkes lag. Der Mann, der auf der Höhe seines
4279 814 5870 912 Restaurants entstanden, und aus den Speisekarten, über
1022 869 4248 986 ¬ichts. Wo Haydn ist, da kann nichts geschehen.“ Er Glückes stand, und der Mann, dessen Stern in wenigen
4303 881 5876 973 deren Fremdsprachigkeit der Eipeldauer schon vor der
1004 930 2589 1059 wurde auch tatsächlich von den Franzosen mit aller Aus¬
2638 943 5876 1059 Monaten strahlend aufflammen sollte, waren Nachbarn.  Besetzung Wiens gewitzelt hatte, verschwanden die
986 1016 2589 1096 zeichnung behandelt; viele Offiziere suchten den be¬
2638 1010 4242 1090 Μapoleon und Metternich, die durch Jahrzehnte Europa
4291 1010 5895 1102 deutschen Bezeichnungen vollends. Eine andere Einrich¬
979 1077 2583 1175 rühmten Komponisten auf. Doch der Schmerz über das
2632 1077 5889 1169 regierten, kamen in dieser Zeit nicht in persönliche Be¬ tung, die gleichfalls den Franzosen ihre Einführung ver¬
973 1132 2589 1224 Schicksal des Vaterlandes war größer als die Freude an
2626 1151 5901 1236 rührung, obwohl es der Kaiser der Franzosen nicht an dankte, wurde nicht wenig angestaunt: Mit den Grena¬
967 1206 2589 1298 der Anerkennung. Am 26. Mai spielte Haydn noch drei¬
2632 1212 4236 1322 Aufmunterung fehlen ließ. Der Sieg Napoleons bei
4297 1212 5889 1316 dieren waren auch Stiefelputzer nach Wien gekommen,
937 1273 2583 1359 mal die Volkshymne mit einem Ausdrucke, über den er
2626 1279 5883 1359 Wogram hat den Anstoß zu Metternichs Ministerschaft die sich auf den Straßen häuslich niederließen.
992 1328 2583 1432 sich selbst wunderte. Fünf Tage später war er tot. Die
2638 1347 4230 1432 gegeben, und Metternichs Ministerschaft war nicht das
4297 1353 5901 1432 Einen traurigen Anblick bot der Stephansplatz, auf dem
979 1402 2595 1494 „Wiener Zeitung“ veröffentlichte an der Spitze des Blattes
2632 1402 4230 1487 letzte Glied in der Kette von Ursachen, die Napoleons
4297 1414 5895 1494 eine Winkelbörse errichtet wurde. Hier verkauften die
986 1469 2583 1579 die schmerzliche Nachricht; von dem Gram des großen
2626 1475 5895 1561 Untergang bewirkten. Die Räder des Lebensglückes napoleonischen Soldaten die Beute des Tages den meist¬
967 1536 2044 1634 Meisters erzählte sie allerdings nichts
2632 1549 3593 1647 greifen eben sonderbar ineinander.
4285 1543 5883 1634 bietenden Zwischenhändlern, die sich hier einfanden. Zwar
2736 1567 4236 1689 Hatte der Gang des Krieges auf den Seelenzustand
1108 1567 2577 1689 Die Okkupation brachte diesmal das Leben in de
4297 1622 5883 1702 durchkreuzten wiederholt Patrouillen den schamlosen
979 1659 4230 1757 Stadt aus dem Gleichgewichte. Im Augarten, im Prater der Wiener nachteilig eingewirkt, so taten die materiellen
4297 1671 5864 1769 Handel, indem sie die unberufenen Geschäftsleute davon
979 1738 4236 1824 und an anderen Orten wurden nichtsahnende Bürger Bedrückungen der Okkupation das übrige. Da die
4279 1745 5864 1830 trieben. Aber das Uebel ließ sich nicht ausmerzen. Ver
986 1812 4230 1891 festgenommen und gezwungen, den Franzosen beim Bau I Bürgermliz den Wachdienst der Hauptstadt verrichten
4285 1812 5876 1898 käufer und Händler fanden sich immer wieder zusammen.
967 1885 4218 1965 von Brücken und bei anderen Arbeiten behilflich zu sein. mußte, waren viele Familienväter dem Gewerbe ent¬
4407 1891 5870 1977 Aus diesen wenigen Angaben geht schon hervor, daß
979 1928 4230 2014 Die Tage von Aspern und Wagram verbreiteten in der zogen, wie denn überhaupt für das Geschäftsleben schwere
4279 1940 5870 2069 die Wiener während der Franzosennot des Jahres 1809
986 2008 4230 2087 Bevölkerung Beunruhigung. An den Pfingsttagen war Wochen bevorstanden. Die Einquartierung der französi¬
4285 2026 5870 2100 alle Ursache hatten, die Köpfe, hängen zu lassen. Doch
986 2069 4224 2155 es wenigstens möglich, von den Kirchtürmen und von schen Truppen bewirkte eine starke Belastung der
4279 2093 5864 2191 das glückliche Temperament verhinderte das gänzliche
986 2136 4230 2222 hochgelegenen Dächern aus die Bewegungen der Truppen Familienbudgets, die ohnehin durch die furchtbare
4279 2155 5870 2246 Verflackern der Lebensfreude. Wie man keinen Anlaß
973 2204 2571 2295 auf der anderen Seite der Donau zu verfolgen. Im
2614 2204 5864 2295 Teuerung arg in Mitleidenschaft genommen wurden. versäumte, um den militärischen Aufzügen und Paraden
979 2271 2571 2357 Juli wurde selbst dieses Trostmittel versagt. Man hörte
2614 2265 4218 2351 Nach der Schlacht bei Aspern kostete in Wien ein Pfund
4267 2277 5864 2363 beizuwohnen, so verwendete man auch das letzte Geld
967 2338 2571 2424 nur von Ferne her den Donner der Geschütze. Wien
2620 2332 4211 2418 Kaffee acht Gulden, ein Pfund Butter sechs bis sieber
4285 2344 5870 2436 daraus, sich einige fröhliche Stunden zu bereiten. Mitte
2626 2393 5858 2497 Gulden, ein Hase fünfzehn Gulden. Dazu kamen ferner Juli wurden die großen Gärten geöffnet. Nun strömten
979 2400 2583 2485 glich in diesen Monaten einer großen Krankenstube die
979 2461 4218 2553 Spitäler waren überfüllt, so daß die Soldaten so rasch die Kontributionen, die die Stadt bis zur Erschöpfung
4267 2479 5870 2571 die Wiener wieder in hellen Scharen in den Prater,
2620 2528 4224 2614 aussogen. Selbst an die Ausschreibung einer Kopfsteuer
979 2540 2571 2620 als möglich der Privatpflege überlassen werden mußten
4273 2540 5858 2632 dessen Besuch zum größten Aerger eingestellt worden war.
973 2589 4218 2681 Im Hause der Karoline Pichler waren beispielsweise zu wurde nicht vergessen. Von einem Fürsten verlangte man
4285 2620 5870 2699 Hormayr erzählt in seiner Geschichte Wiens, daß am
2620 2657 4236 2742 fünshundert,, von einem Grafen hundertvierzig und von
986 2675 2559 2755 gewissen Zeiten nicht weniger als siebzehn Kranke unter
4279 2675 5852 2761 23. Juli etwa 22.000 Menschen in dem schönen Natur
2620 2724 4205 2804 einem Freiherrn vierzig Gulden. Um die Hochschätzung
979 2736 2565 2822 gebracht. Wie tief auch der Haß gegen die Franzosen
4267 2755 5852 2828 park herumspaziert wären. In einem neuen Gasthause
986 2804 4211 2908 saß, die armen Verwundeten mußten es nicht entgelten. I der Frauen zu bekunden, wurde angeordnet, daß für die
4273 2810 5870 2895 wurden die Vorräte trotz der hohen Preise in wenigen
2608 2859 4071 2938 Gattinnen die gleichen Beträge zu entrichten seien.
967 2859 2559 2957 In den Straßen der Stadt wurden Danksagungen an
4267 2883 5864 2987 Stunden aufgezehrt. Der sonst vielseitige Hormayr ver-
2742 2926 5858 3030 Wien bot ein verändertes Bild, das bunter als das stand es. in seiner Geschichte Wiens nicht zu lächeln.
979 2932 2571 3024 gebracht, die Gottes Segen für die Wiener erflehten, weil
979 2993 2565 3085 sie die verwundeten Feinde wie eigene Mitbürger auf¬
2620 2999 5858 3091 alte war. Dennoch kann man nicht sagen, daß das neue  Außerdem hat er es unterlassen, zu den Begebenheiten
967 3055 2571 3140 nahmen. Gleich guter Behandlung konnten sich die ge¬
2620 3067 4218 3152 Farbenspiel und der ungewohnte Lebensgang Beifall ge
4267 3079 5864 3159 erläuternde Betrachtungen hinzuzufügen, sonst hätte ihm
986 3128 2577 3208 fangenen Oesterreicher nicht erfreuen. Gegen Ende Juni
2620 3128 4199 3208 unden hätten. Was nützte die Milderung der Zensu
4267 3134 5858 3220 der Sturm auf das Pratergasthaus manche Anregungen
986 3189 4211 3275 kam es zu mehreren Zusammenstößen zwischen den durch die alles, was in den Rheinischen Bundesstaaten
4267 3195 5858 3287 geben können. Der gute Appetit ist eigentlich das Letzte,
2608 3269 4211 3342 zu drucken und in den Theatern aufzuführen erlaub
979 3257 2565 3342 französischen Offizieren, dem Wiener Bürgermilitär und
4273 3281 5864 3348 was in die Augen springt. Das Sonntagsvergnügen in
2608 3336 5852 3416 ward, für Wien zugelassen wurde? Wohl durfte nun der Franzosenzeit bietet eine gute Illustration des
967 3324 2565 3410 dem Volke, das für die gefangenen Landsleute Partei
967 3385 2559 3471 ergriff. Ein Offizier der Bürgergarde, Peter Tell, der
2608 3391 4211 3483 zum erstenmal „Don Carlos“ über die Bretter gehen, allein
4260 3391 5852 3483 Wienertums. Der Gram kann eben in der Kaiserstadt
967 3459 4224 3544 sich auf seiten des Volkes stellte, wurde standrechtlich er¬| die Theater blieben leer, und es fehlte an dem richtigen
4254 3465 5852 3556 nie so groß werden, daß er den sich Grämenden ganz
973 3532 2577 3618 schossen. Am 1. Juli brachte die „Wiener Zeitung" auch
2608 3532 5864 3642 Effekt. Den französischen Kriegern wat nach einem Monat verzehrt, und hinter den durchfurchten Stirnen wohnen
973 3587 2546 3679 eine Proklamation des Generalgouverneurs von Wien
2608 3599 4873 3667 eine französische Truppe gefolgt, die im Burgtheater drei¬
955 3667 2559 3752 die mit den Worten begann: „Seit einigen Tagen hab
2608 3661 4199 3771 bis viermal in der Woche auftrat. Ihre Aufführungen
4358 3636 5858 3752 Draußen in Schönbrunn, dem städtischen Getriebe
967 3728 2559 3807 ein Geist der Unruhe und der Unordnung das Volk auf
2608 3734 5852 3814 vermochten nicht einmal die Franzosen zu befriedigen. Am entrückt aber nahe genug, um auf die Gassen Wiens
961 3795 2565 3875 Abwege geführt." Vorher war ein zweiter Wiener hin¬
2608 3795 4199 3881 6. Juli waren bei den „Organen des Gehirns" anfangs
4260 3795 5846 3881 herabbticken zu können und ihren Lärm wie ein fernes
986 3869 4199 3960 gerichtet worden, weil er zwei Kanonenrohre im Garten deri, später sieben Personen. Bei einer anderen Vor¬
4242 3869 5858 3985 Summen zu vernehmen, residierte der Gewaltige, der
949 3942 5870 4046 jeines Hauses verborgen hielt. Vom 5. Juni bis zum stellung machte sich Korn über den geringen Besuch um im Feindesland Herr war. Seine Zuversicht erlitt
