4200 6120
668 464 1609 612 Neue Freie Presse.
316 640 1905 728 von ihm und seinen Briefen und Werken zu den Thermen
312 696 1889 796 im Wienerwald spinnen. Als er das erstemal int Jahre 1818
312 752 1893 848 nach Baden kam, faßte er in einem heute umgebauten und
300 820 1889 908 durch eine darauf hindeutende Gedenktafel kenntlich ge
312 876 1893 976 machten Häuschen in Gutenbrunn den Plan zur Trilogie des
324 940 1901 1048 „Goldenen Vließes“. Auch im Jahre 1858 zog der Dichter
316 996 1897 1084 wieder nach Baden, und von 1860 an weilte er jahraus
316 1060 1889 1156 jahrein (mit Ausnahme des Sommers 1863) bis zun
308 1112 1889 1208 Jahre vor seinem Tode als treuer Kurgast in den Mauern
316 1172 1897 1264 des alten „Aquae“, das dem Gefeierten auch im Jahre 1874
312 1236 1909 1324 im Stadtparke ein treffliches Bronzedenkmal setzte. Alle
316 1292 1905 1380 Wohnungen Grillparzers konnte man genau feststellen und
336 1352 1893 1448 seine Aufenthalte von Jahr zu Jahr nachweisen. Nun kan
336 1412 1901 1512 jüngst ein etwas vergilbtes Blatt in meine Hände, das sick
3201 424 3481 536 Seite 9
2117 436 2541 568 20. Mai 1909
1953 560 3533 716 Erinnerungsblatt der „Neuen Freien Presse“
1949 660 3517 852 anläßlich der Jahrhundertfeier von Aspern.
3025 764 3485 864 Wien, 19. Mat.
2069 812 3537 952 In der Beilage zur vorliegenden Nummer der
1977 904 3517 1032 Neuen Freien Presse“ veröffentlichen wir eine
1953 992 3533 1076 Reihe von Artikeln anläßlich der Jahrhundert¬
1973 1048 3533 1136 einer der ruhmreichen Schlacht von Aspern,
1953 1112 3533 1224 die zu den stolzesten Erinnerungen unserer Armee gehört
1937 1172 3541 1316 und der erste Sieg war, der gegen Napoleon in offener
1949 1248 2713 1384 Feldschlacht errungen wurde.
2057 1284 3537 1440 Das Erinnerungsblatt der „Neuen Freien
1965 1384 2473 1504 Presse“ enthält:
2093 1412 3541 1544 Einen Artikel aus der Feder Max Ritter v. Hoens:
1985 1508 3545 1625 Die Bedeutung der Schlacht bei Aspern";
2081 1580 3549 1725 einen Artikel von Hofrat Dr. H. M. v. Richter:
1949 1625 2317 1777 „Aspern“;
2069 1673 3557 1797 eine übersichtliche Karte des Schlacht¬
1973 1761 3553 1885 feldes, welche dem Leser willkommen sein
1965 1833 3553 1945 und die Lektüre dieser beiden Artikel er¬
1961 1929 2597 2045 leichtern dürfte.
2589 2005 2893 2125 1809.
2533 2097 2961 2213 Von Paul Zifferer.
2073 2157 3569 2277 Welch toller Fasching war vorhergegangen! Bälle,
1973 2229 3561 2341 Maskeraden, Schauspiele. Madame Händel spielte die
1977 2289 3561 2417 Phädra. Madame Elise Bürger ließ sich in plastisch¬
1973 2377 3573 2473 mimischen Darstellungen sehen, von denen man wochen-
1973 2425 3573 2537 lang sprach. Die Apollosäle wurden eröffnet. Fünf
1961 2489 3573 2597 Gulden kostete der Einlaß. Und doch drängte sich die
328 1476 1893 1572 in pietätvoller Verwahrung aus dem Jahre 1864 bis heut
324 1532 1905 1625 erhalten hat — der eigenhändig geschriebene Meldeschein des
316 1600 1913 1693 Dichters an die Kurkommission. Der die einzelnen Frage¬
316 1661 1893 1749 rubriken ausfüllende Text lautet: „Franz Grillparzer
336 1717 1901 1805 k. k. Hofrat, 73 Jahre alt, katholisch, Geburtsort Wien, an
324 1777 1905 1877 sässig in Wien, allein, Dauer des Aufenthaltes zwei Monate
324 1841 1921 1925 ohne Dienstboten. Tag der Ankunft 4. Juli." Grillparzer
324 1897 1905 1985 blieb in jenem Sommer nachweisbar nur bis 26. August in
324 1953 1893 2045 Vaden und wohnte bei Frau Minna Amov im Haus
324 2025 1909 2105 Theresiengasse Nr. 34 (heute nr. 10), in demselben Gebäude
336 2073 1909 2169 das den Namen „Zum Fürsten von Metternich“ trägt und
324 2133 1909 2233 dem von Grillparzer jahrelang bewohnten Herzogshause gegen.
324 2197 1905 2289 über liegt. Wie sonderbar, daß es just das Haus war
324 2249 1905 2349 welches von 1835 bis in die Vierzigerjahre dem von Grill
328 2317 1901 2417 parzer so gehaßten Staatskanzler als Eigentum gehörte un
336 2381 1917 2465 von ihm bewohnt wurde, just das Haus, in welchem zwei
324 2437 1925 2549 Dezennien später der berühmte Dramatiker friedlich und ferne
324 2509 1596 2589 vom Großstadttrubel seine Tage verbringen sollte
448 2513 1909 2677 [Todesfall.] Gestern starb hier im 82. Lebensjahre
1989 2569 3569 2673 Nenge zu. „Wo ist nun wohl die Stadt, wo ist das
336 2629 1941 2749 Herr David L. Schnabel, Begründer der Firma
1989 2629 3569 2737 Volk in Europa von so allgemein verbreitetem Wohl¬
1973 2697 3581 2817 tande," schrieb der ehemalige Kapellmeister Friedrichs des
340 2689 1136 2809 D. L. Schnabel Söhne, Wien.
1761 2701 1945 2881 chen
480 2717 1785 2853 Eine Automobilverbindung zwis
1985 2765 3577 2873 Großen, Reichhardt, der sich gerade damals in Wien auf¬
340 2801 1781 2909 er Bukowina und Siebenbürgen.]
1973 2837 3585 2957 hielt, in sein Taschenbuch. Und mitten in die allgemeine
348 2877 1933 2965 Czernowitz, 17. d., wird uns berichtet: Reichsrats¬
1985 2913 3581 3009 Lustbarkeit gellte der Krieg. Maria Ludovika, die jugend-
352 2937 1929 3021 abgeordneter Graf Bellegarde hat dem Ministerpräsidenten
1977 2965 3577 3101 lich schöne Gemahlin des Kaisers Franz, wollte ihn. Sie
348 2989 1929 3085 Baron Bienerth ein Memorandum überreicht, in welchem
1973 3041 3589 3137 haßte Napoleon. Und ihr Bruder, der Erzherzog Fer¬
348 3053 1921 3141 die Forderung nach Errichtung einer Automobillinie von dem
1973 3097 3577 3209 dinand, nährte so eifrig diesen Haß, daß man ihn nicht
352 3113 1917 3209 Kurorte Dornawatra in der Bukowina nach Bistrit
360 3177 1925 3261 in Siebenbürgen gestellt wird. dadurch würde eine direkte
1973 3181 3565 3269 anders nannte als die „Kriegstrompete". Noch fliegen au
376 3237 1917 3325 Verbindung zwischen der Bukowina und Siebenbürgen her
1973 3225 3593 3337 der Straße nach Schönbrunn flinke Läufer vor schau¬
376 3289 1937 3397 stellt sein. Die Automobilinie soll sowohl für den Güter¬
1985 3313 3577 3409 kelnden Karossen einher. Hell beleuchtet sind alle Fenster
372 3341 1480 3461 ls den Personenverkehr eingerichtet werden.
1977 3373 3597 3505 des kaiserlichen Schlosses. Aber gar ernste Dinge werden
456 3385 1933 3517 [Der Schmuck der russischen Prima¬
1985 3437 3589 3541 besprochen. Lächelnde Höflinge begegnen nachdenklichen
372 3477 1929 3581 allerina Anna Pawlowna.] Aus Berlin wird
364 3505 3581 3637 tus gemeldet: Anna Pawlowna, die hier zur Zeit so Staatsmännern und finsteren Offizieren. Weiße Wassen¬
1985 3561 3593 3673 röcke, weiße, umständliche Halsbinden. Da ist Graf
364 3601 1941 3701 iberaus geseierte Primaballerina des russischen Hofballeits
1985 3645 3605 3745 Metternich der junge Vertreter des österreichischen Hofes
364 3653 1929 3753 hatte gestern nachts ihren herrlichen Brillantschmuck, der einen
1985 3697 3605 3821 zu Paris. Die Stirne von einer übermütigen Locke ge-
360 3733 1929 3817 Wert von 100.000 Mark haben soll, verloren. Sie war gestern
1997 3765 3605 3889 peitscht, lachend die Augen, spöttisch der Mund. Schlank
348 3781 1917 3885 abends im neuen königlichen Opernhause nach ihrer Woh
372 3853 1929 3937 lung in einem hiesigen Hotel gefahren und hatte in einer
1985 3837 3617 3937 und schmiegsam die Gestalt, der man es anmerkt, wie
1989 3901 3601 4013 wohl sie sich im engen Diplomatensrak fühlt. Da ist
368 3901 1929 4013 Handtasche den Schmuck verwahrt. Beim Aussteigen vergaß
364 3977 1925 4065 ie die Tasche, und als sie nach einer Weile den Abgang
1997 3957 3601 4069 Graf Stadion, dessen kluge Augen ganz schief gestellt
368 4037 1929 4129 utdeckte, war der Kutscher nicht mehr zu eruieren. Zu ihrer
1997 4049 3613 4149 sind, darunter tiese Tränensäcke, die dünnen, glatten Lippen
352 4089 1941 4185 großen Freude erhielt sie heute die Nachricht, daß der
1981 4109 3613 4209 von strengen Falten gedrosselt. Und hinter den Diplo-
352 4157 1945 4245 Kutscher die Tasche auf dem Polizeipräsidium abgegeben habe.
1997 4173 3617 4273 maten die Generale. Das gutmütige Prälatengesicht des
364 4209 1845 4313 Er erhielt als Belohnung von der Künstlerin 800 Mark.
2009 4229 3641 4337 Freiherrn v. Hiller, die wild gesträubte, buschige Mähne
1621 4229 1941 4365 Tilin.! Ana!
460 4281 1536 4381 Selbstmord einer Dame in d
1997 4309 3629 4397 des Grafen Bellegarde, die verknissenen Lippen und an¬
388 4321 1536 4421 erlin wird uns berichtet: Frau Dr. W
1625 4301 1945 4401 kind, die
2001 4365 3621 4461 dächtigen Augen des Fürsten, Orsini-Rosenberg, der
376 4381 1941 4477 vor einigen Tagen einen Selbstmordversuch beging, weil sie
1997 4441 3633 4517 Νaboleon-Kopf des Baron Wimpfsen, das feine, liebens-
384 4441 1945 4581 ich von ihrem Gatten hintergangen glaubte, ist heute ihren
2013 4493 3629 4581 würdige Aristokratengesicht des Fürsten Liechtenstein, das
368 4513 896 4613 Verletzungen erlegen.
484 4549 1945 4673 [Bad Vöslau.] Aus Vößlau wird uns geschrieben:
2009 4565 3613 4657 junge, rundliche Antlitz des Gräsen Radetzky, die massig
388 4625 1897 4729 Sonntag den 15. d. wurde hier die Saison durch Eröffnung d
1997 4641 3617 4709 vorstürmende Gestalt des Fürsten Schwarzenberg. Ganz
388 4681 1893 4781 großen Schwimmteiches eingeleitet. Das herrliche Sonntagswet
2009 4709 3629 4781 im Vordergrunde Kaiser Franz selber mit seinen weichen,
372 4741 1945 4842 hatte denn auch viele Gäste zum Baden veranlaßt, und dieselben
2021 4773 3617 4858 sanften Zügen. Die Nase in einer Linie mit der geraden,
372 4789 1953 4886 waren voll des Lobes über die große Erquirkung, die ihnen das
2021 4830 3617 4926 steilen Stirne, vorgewölbt die Lippen. Sehr ähnlich
372 4846 1949 4942 Bad in dem so herrlich schönen, jetzt, wo alles blüht und grünt,
2021 4902 3609 4990 seinen Brüdern: dem klugen, besonnenen Erzherzog
388 4910 1953 4994 doppelt schötten Teiche bot. Unser Kurort wird in der heurigen
384 4954 1953 5058 Saison auch noch verschiedene Neuerungen bieten, so wurden und
2009 4970 3613 5058 Rainer, dem freimütig-offenen Erzherzog Johann, dem
376 5014 1941 5102 werden neu eingeführt: Familienbäder im großen Teiche jeder
2025 5034 3633 5122 Palatin Josef, dessen hageres Antlitz harte, strenge Falten
372 5066 1949 5158 Samstag von 2 Uhr nachmittags bis 8 Uhr abends, für Sonnen¬
2009 5086 3613 5190 durchfurchen. Und dann ihm, dem Generalissimus: Erz¬
364 5118 1945 5214 bäder werden Strecksauteuils gegen die geringe Leihgebühr von
372 5178 1953 5270 20 Hellern per Stunde bereit stehen, Heißluft, Sauerstoff, Ozet¬
2021 5158 3621 5250 herzog Karl. Wir kennen sein Jugendbildnis, wie er mit
376 5238 1917 5322 Bäder, mit allen existierenden medizinischen Zusätzen verbunde
2021 5214 3633 5318 halbgeschlossenen Augen dasteht, trotzig den Mund, taten-
372 5282 1921 5382 Wannenbäder werden nun ebenfalls abaegeben. Endlich wurde d
2021 5306 3625 5390 durstig. Dann hoch zu Rosse, wie er tollkühn, die Fahne
376 5330 1965 5434 maschinelle Betrieb durch elektrische Anlagen verbessert, so daß die
2009 5374 3625 5450 in der Faust, mitten in den Ruhm sprengt. Und aber-
364 5402 1925 5494 östers beklagte Rauch- und Ruszplage wegsällt, und anderes mehr.
2021 5426 3609 5522 mals einige Jahre später, wieder in der Generalsuniform
504 5442 1953 5558 [Tobelbad.] Dieser alte steiermärkische Kurort ist unte
2021 5506 3637 5594 das Goldene Vließ um den Hals, die Arme lässig über
360 5510 1965 5614 einer neuen Verwaltung auf das vornehmste adoptiert und modernst
372 5574 1969 5662 ausgestattet worden. Die seit attersher bekannten Akratothermen
2037 5574 3637 5658 dem Degen gekreuzt. Das Haar bäumt sich zu einer
376 5618 1965 5722 (Ferdinandsbad 26 Grad, Ludwigsbad 30 Grad), welche ungemein
2033 5634 3637 5730 hohen Welle, jeder Muskel des Antlitzes ist gestrafft. Die
384 5674 1965 5770 ergiebig sind und deren Radioaktivität durch die kürzlich erfolgt
2033 5702 3653 5834 Lippen fest zusammengepreßt, aber, ach, so müde, ent¬
388 5726 1977 5826 Untersuchung des Professors Dr. Stephan Mayer (k. k. Physikali-
384 5778 1985 5874 sches Universitätsinstitut Wien) nach Gastein an dritter Stelle von
2021 5786 2657 5886 täuscht der Blick.
396 5842 1969 5938 stark radioaktiven Quellen rangieren, wurden neu gefaßt und haben
2141 5782 3661 5926 Er war gegen den Krieg, der Erzherzog Karl. Er
420 5894 1969 5982 lgende Indikationen: Rheumatismus, Gicht, Ischias, Frauen
2033 5906 3665 5994 wollte für seine Reformen Zeit gewinnen: er wußte,
