6136 4968
2210 73 2578 165 rück uventen
4286 67 5461 202 da, unpassende Gespräche führen, als wäre
3869 110 4176 233 schiat, das
1653 135 2902 263 nächsten Umkreise Uebrigens gibt ja
3631 141 3827 257 gegen
3857 141 5510 282 wir auf dem Subskriptionsballe, während Sie der Sie
557 165 998 257 Von Herrn von
2210 184 3276 300 diesen Lärm hievon Zeugniaa huia
527 196 1604 349 noch vorhandenen anderen Personen.
2345 251 5498 416 „Gerade weil der Spektakel so groß ist, beweist meine gewiß schon längere Zeit hier sind, mir, dem Mädchen
667 269 2143 373 Als man sich abend wieder traf, hatte sich die Ge¬
3857 300 5486 410 vom Lande, das den ersten Tag in der Residenz Palermo
551 349 2155 447 ellschaft schon vermehrt. Nicht etwa, daß in ihrer Nach
2210 324 3704 459 Widerstandsfähigkeit gegen ihn eigentlich sehr wenig.'
3863 380 5492 478 verbringt, gewiß eine Menge nützlicher Dinge von Stadt
539 404 2180 514 barschaft neue Ankömmlinge eingereiht oder Aenderungen
2314 410 2578 514 „Wieso"
2333 404 5486 569 „Ich habe auf den Lärm bisher nur geachtet, wenn und Leuten und sonstigen Inwohnern erzählen können.“
545 490 2204 588 in der Sitzordnung vorgenommen worden wären, aber
3998 508 5480 606 „Ich bin nicht viel länger da als Sie... ein Tag,
551 539 3820 655 Frau Präsident v. Uzow war eine sehr mitteilsame Dame sch arbeiten wollte; und da habe ich gefunden, daß mich
2210 576 5480 680 Geräusche allerdings leicht ablenken, wenn sie unter einer  das ist der ganze Unterschied. Da habe ich von Land und
551 618 2173 710 und berühmt wegen ihrer Gabe, mit allen Leuten be¬
3882 649 5467 735 Leuten noch nicht viel sehen können. Und mit den In¬
2222 680 3827 765 gewissen Grenze bleiben, ja am meisten genieren mich da
563 673 2173 784 kannt zu werden. Und da sie auf der Treppe einer Dame
2216 716 5467 839 ganz kleine Störungen, wie zum Beispiel, wenn jemand wohnem habe ich überhaupt noch nicht Fühlung ge¬
569 753 2173 845 und einem Herrn aus Bremen, die bei Tisch ihr und
1506 790 5247 888 begegnet war, so hatte im Nebenzimmer spricht, wenn ich mich aber mit meiner nommen. Hoffentlich sind sie besser als ihr Auf.
582 820 1469 912 ihrem Manne gegenübersaßen,
5094 912 5461 1010 Selbstbestim¬
2216 937 3631 1035 fremden meinte daher ein Soldat Napoleons:
4457 900 4984 1029 des politischen
3869 918 4390 1029 die Verheißung
3851 943 5320 1090 mungsrechtes für die Wiener als Einschüchterung
5296 998 5474 1065 mittel
2222 1004 3827 1078 konnten uns nicht denken, man würde in so übler Lage
576 967 1898 1163 10 1/4 Napoléon und die Wiener.
2229 1047 5486 1151 eine so schlecht angebrachte Neugierde zeigen.“ Am Tage benützte. Erzherzog Karl suchte die Zufuhr von Fleisch
1041 1071 1708 1176 Von Richard Charmatz.
3869 1108 5492 1218 nach Wien zu verhindern, und es entstand wirklich eine
2229 1133 3833 1224 vor der Besetzung Wiens hatte übrigens der landes¬
704 1169 2186 1286 Μäpoleon lebt in unserer Phantasie als Weltbezwinger
3888 1188 5504 1280 arge Fleischnot. Da ließ der Kaiser der Franzosen in der
2229 1206 3380 1316 fürstliche Hofkommissär ausdrücklich
3429 1194 3667 1280 bekannt
576 1255 2192 1347 Seine Füße zerstampften Reiche, sein Weg ist mit Blut
3882 1243 5486 1371 „Wiener Zeitung" schreiben, daß er, wenn die Verpfleaung
2247 1273 3667 1384 macht, daß Privatleute keinen Grund hätten
576 1329 3680 1414 gezeichnet. Wir sehen ihn in seiner historischen Rolle auf! Doppeladler von ihren Firmenschildern zu
3882 1329 5498 1420 Wiens weiter gestört werden sollte, „die Verfassung der Stadt
582 1384 2186 1482 der Bühne Europas vom grellen Rampenlicht der Ge¬
3876 1390 5492 1488 verändern und ihr einen den jetzigen Zeitverhältnissen
2241 1402 3833 1506 fernen. Die Aufregung war also wirklich nicht
588 1451 2204 1543 schichte beleuchtet. Freilich, auch sein Treiben hinter den
2241 1451 5486 1555 sehr groß. Auch während der Okkupation wurde angemessenen Charakter geben würde, wovon Oesterreich
576 1518 2180 1610 Coulissen ist uns bekannt, wir wissen, wie es in den Garde
3869 1525 5474 1610 vielleicht ein Andenken zurückbliebe, das noch empfind
2241 1537 3827 1629 zwischen den Bürgern und den neuen Herren eine leid¬
588 1586 2186 1671 roben aussah und was sich am häuslichen Herde zutrug
3888 1592 5486 1678 licher als der unglückliche Krieg selbst wäre“. Diese Worte
2241 1610 3833 1684 liche Harmonie aufrecht erhalten. An ärgerlichen Zwischen¬
594 1659 2186 1739 Aber daran denkt man erst in zweiter Linie. Marengo
3894 1659 5492 1745 sind zwar undeutlich, aber man kann ihren Sinn ver¬
2235 1671 3827 1751 fällen fehlte es zwar nicht, aber diese blieben vereinzelt
576 1720 2198 1800 Austerlitz, Jena, Moskau und Namen, die schwerer in die
3900 1720 5474 1818 stehen, sobald man sich erinnert, daß Napoleon auch
2222 1733 3839 1843 Die „Wiener Zeitung“ hatte nicht ganz Unrecht, wenn sie
576 1782 2180 1867 Wagschale fallen, als Josephine, Fourés, Grossini und
3882 1800 5486 1892 später von der Abschaffung der Feudalrechte und anderer
2241 1800 3833 1886 schrieb: „Nicht nur sind die Kaufmannsgewölbe, die
588 1849 2186 1941 Walewska. Von Bonaparte dem Ernsten, Strengen, Fürchter¬
3888 1855 5480 1941 alter Rechtsformen sprach. Der Schreckschuß verfehlte seine
2241 1861 3833 1947 Theater, die Gasthäuser wie gewöhnlich besucht; selbst in
588 1916 2204 2014 lichen hat einst in schwerer Zeit Arndt gesprochen, von
3869 1922 5492 2027 Wirkung nicht. Die Unterbindung der Lebensmittelzufuhr
2253 1941 3827 2020 den Stunden der Mitternacht herrscht die vollkommenst
588 1984 2180 2076 ihm reden wir noch heute. Und da hat es nun einen
3888 1996 5474 2082 hörte sogleich auf. In der Nacht vom 26. auf den
2241 2002 3827 2094 Sicherheit. Ruhig und friedlich setzen die Bürger ihre
606 2045 2180 2155 sonderbaren Reiz, sich diesen Mann, der nicht rasten konnte
2247 2063 5492 2161 gewohnte Lebensweise mitten im Schoße einer sieges¬ 27. Dezember 1805 wurde in Preßburg der Friede unter¬
600 2100 2192 2210 in die gemütlichste und lebenslustigste aller Städte hinein¬
2241 2118 5480 2229 trunkenen Armee fort.“ Allerdings machte sich eine starke zeichnet, der Oesterreich schwere Opfer auferlegte und
606 2180 2192 2296 zudenken. Napoleon in Wien, in der Stadt der Daseins¬
2235 2192 5480 2296 Verteuerung aller Nahrungsmittel fühlbar, und in gar Napoleons Macht und Ansehen erheblich vermehrte. Einen
612 2247 2186 2339 freude und des Wohllebens, wo im allgemeinen der Drang
3888 2253 5480 2357 Tag nachher gelangte bereits eine Proklamation zw Aus¬
2241 2278 3833 2357 manchen Familien war Schmalhans Küchenmeister
606 2314 2186 2400 ins Weite fehlte und aller Ehrgeiz darauf gerichtet schien
3894 2320 5492 2425 gabe, in der sich der triumphierende Kaiser der Franzosen
2241 2345 3833 2431 öpoleon hatte seine Residenz in Schönbrunn auf
606 2376 2192 2473 den engen Rahmen einer gut bürgerlichen Existenz mit
3888 2394 5474 2486 von den Wienern verabschiedete. „Im Begriffe, in meine
2235 2418 3833 2498 geschlagen, doch bald trieb ihn sein ungestümer Eifer aus
588 2437 2192 2535 freundlichem Inhalte auszufüllen! Wie haben sich die
3882 2455 5504 2547 Hauptstadt zurückzukehren" — heißt es darin — „wünsche
2247 2486 3833 2565 dem schönen Schlosse Maria Theresias. Es galt, eine
600 2510 2180 2602 beiden verstanden: der gewaltigste aller Tatmenschen un
2241 2529 5480 2627 Entscheidungsschlacht vorzubereiten, und je ungünstiger ich Euch die Achtung, die ich für Euch hege, und die Zu¬
3882 2590 5474 2718 friedenheit erkennen zu lassen, die ich über Euer gutes
588 2584 1133 2682 das heitere Wien?
2247 2614 3839 2700 sich die Situation für den Kaiser der Franzosen gestaltete,
716 2608 2192 2737 Der Koalitionskrieg des Jahres 1805 brachte
2235 2657 5474 2761 desto ruheloser war dieser am Werke, den Sieg an seine Betragen empfinde. Ich habe Euch ein Beispiel gegeben
588 2706 2192 2804 Ναρoleon nach der alten Kaiserstadt an der Donau. Die
3882 2725 5486 2816 das in der Geschichte der Völker unerhört ist Zehn¬
588 2749 3833 2859 Katastrophe von Ulm hatte den Feldherrnruf des glück¬ Fahnen zu heften. Da kam der Tag von Austerlitz, der
2235 2786 5480 2896 öpoleon einen seiner größten militärischen Erfolge tausend Nann Eurer Nationalgarde sind unter Wassen
594 2841 2210 2933 begünstigten Emporkömmlings außerordentlich gehoben.
3882 2859 5474 2957 geblieben und haben Eure Tore bewacht. Euer Arsenal
606 2890 3827 3000 Indes, der kühne Eroberer, der gegen Wien marschierte, | brachte. „Soldaten, ich bin mit euch zufrieden!" dieses
2253 2914 5474 3025 stolze Lob spendete der vergötterte Führer seinen braven wurde vollständig in Eurer Gewalt gelassen, und während
618 2969 2192 3073 stand noch nicht auf der Höhe seines Ruhmes. Noch galt
3882 2994 5504 3080 eben dieser Zeit habe ich mich den abwechselnden Launen
618 3025 3839 3129 er den Deutschen nicht als Tyrann, der die Völker unter=| Truppen. Am 3. Dezember wurde der Ausgang der
2235 3055 5480 3178 blutigen Schlacht bei Austerlitz in Wien bekannt. Ein | des Krieges bloßgestellt. Ich habe mich auf Eure Ge¬
618 3104 2186 3202 jochte; man bewunderte ihn als Phänomen, ohne sich
3906 3129 5492 3233 fühle von Ehre, Treue und Redlichkeit verlassen, Ihr
2247 3153 3839 3251 offizielles Extrablatt meldete: „Seine Majestät der Kaiser
600 3178 2192 3257 wie später, mit Abscheu von ihm zu wenden. Als
3888 3190 5480 3282 habt mein Zutrauen gerechtfertigt!... Alle die Uebel,
2235 3220 3833 3294 Ναρoleon haben gestern einen ausgezeichneten und voll¬
600 3239 2192 3331 Neepoleon in die Nähe Wiens gekommen war, wurde
2235 3257 5486 3373 ständigen Sieg über die russische Armee erfochten; diese die Ihr erlitten habt, schreibt dem Unglücke zu, das vom
618 3312 2173 3404 ihm aus der Hauptstadt eine Abordnung entgegengesandt
3692 3325 5498 3422 Der Kriege unzertrennlich ist, alle die Schonungen, mit denen
2241 3349 3673 3441 merkwürdige Schlacht wurde bei Austerlitz geliefert.
618 3380 2186 3459 die den Kaiser verständigte, daß man, auf seine Recht¬
3876 3386 5498 3490 meine Armee Eure Gegenden betreten hat, verdankt Ihr
600 3416 3839 3533 lichkeit bauend, Wien ohne Gegenwehr übergeben wolle. Kaiser der Franzosen kehrte erst am 12. Dezember nach
3882 3441 5492 3557 der Achtung, die Ihr Euch erworben habt.“ Gleichsam
2235 3490 3839 3576 Wien zurück. In der Nähe von Schönbrunn wurden
606 3508 2186 3600 Damals galt eben für Bonaparte nicht die nachher ver
3876 3514 5498 3625 als verlegene Entschuldigung kann die Begründung auf¬
2253 3551 3839 3637 nehrere Truppenrevuen abgehalten, zu denen viele fried¬
606 3582 2192 3661 tretene Ansicht, daß Großmut in der Politik eine Dumm¬
2235 3594 5504 3729 liebende Bürger der Stadt hinauszogen und fuhren. Man gefaßt werden, die Napoleon seiner scheuen Zurückhaltung
612 3649 2204 3735 heit sei. Betrat Napoleon auch an der Spitze einer feind¬
3906 3661 5498 3771 gab. Wenn er sich so wenig unter den Bürgern zeigte,
600 3692 3857 3802 lichen Armee die Hauptstadt des Kaiserreiches, so suchte, wollte den Sieger in der Dreikaiserschlacht mit eigenen
3894 3716 5492 3851 so geschah dies nicht aus Geringschätzung oder aus eitlem
2253 3753 3845 3839 Augen sehen, zumal da Napoleon trotz seines Aufent¬
618 3784 2204 3863 er doch die Gegensätze zu vermindern und die Schrecken
2247 3790 5510 3931 haltes in der Nähe Wiens jede Berührung mit den Stolze. Der Kaiser der Franzosen wollte bloß die Gefühle
606 3851 2192 3931 der Okkupation, so weit es ging, zu mildern. Schon der
3894 3857 5486 3961 schonen, die Wiens Bevölkerung mit dem angestammten
618 3894 3839 3998 Einzug seiner Truppen in die Stadt, der sich am | Wienern ängstlich mied. „Alle kehrten bezaubert von seinem
3894 3912 5498 4047 Herrschenhause verbinden, denn er hatte die Absicht, mit
624 3955 3845 4065 13. November vollzog, hatte ihn gelehrt, daß man der | Anblicke zurück, in dem sich Geist und Würde mit
3882 3986 5504 4096 Kaiser Franz einen schnellen Frieden zu schließen. Liest
1922 4022 3833 4114 In den edelster Simplizität und der einnehmendsten Freundlichkei
3888 4059 5504 4163 man diese eigentümliche Proklamation, dann wird man
600 4041 1886 4151 Franzosenherrschaft Vertrauen entgegenbringe.
2235 4090 3839 4218 vereinigt," schrieb die „Wiener Zeitung“, die nun in
606 4120 2045 4225 Straßen bildeten die schaulustigen Wiener Spalier,
2247 4120 5510 4249 französischen Diensten stand. Interessant und wenig unwillijrlich an die Schmeichelworte erinnert, mit denen
600 4169 2039 4267 das großartige, wenngleich betrübende Schauspie
600 4182 5529 4433 Kirumarschen zu können. Nicht ohne Be- heräftet ist die Tatflaue, daß Napoléon in dieser Zeit, ein junger Ritter von der freundlichen Schönen Abschied
