6584 5112
3156 79 4161 256 einer Rücksicht für Sie vorher alle
3832 164 5435 268 Naturmerkwürdigkeiten des Landes studieren. Aber das
835 213 1218 305 kirperuristen.
3832 219 5422 329 erstemal lasse ich mich gerne überraschen. Ich lasse mich
2199 219 3790 366 wienerisch zu teben anfangen. Nur, damit Sie mir end¬
561 232 1718 390 wenn ###mir scheint, xxx
2340 280 5453 487 Aber Sie haben mich ja doch selbst unterbrochen.“ überhaupt gerne übernaschen. Auch von den Menschen
548 286 1755 469 ###uswumdes Herrn Regierungspräsidenten
725 323 2559 506 „O durchaus nicht, Papa, schrie seine Tochter zurück, lich sagen.
3832 335 5447 457 Und dann... ist noch ein Grund.“ Der Doktor zögerte
2205 408 5441 634 ist es mit ihnen? Sind sie jung, sind sie alt? Sind fie etwas, aber da ihm seine Nachbarin einen fragenden
2327 414 3777 536 „Also ich will jetzt meine zwei Herren haben. Wa
542 457 1353 603 „wir reden ganz gemütlich.
3832 469 5477 597 Blick zuwarf, fuhr er fort: „Die Reise war nämlich selbst
713 439 2169 621 „Nun, der Herr Doktor Huber macht schon ganz das
3857 530 5459 664 für mich eine Ueberraschung. Ich hatte gar nicht die Ab¬
567 548 2181 670 Gesicht, das alle Herren immer machen, sobald sie zehn
2199 573 2827 701 klug, sind sie töricht?
3850 603 5447 749 nicht gehabt, zu reisen, oder eigentlich nicht die Möglich¬
2333 567 3808 731 „Auf so verfängliche Fragen gehe ich nicht ein.
561 615 1584 780 Minuten mit dir im Gespräch sind.
719 640 2169 816 „Papa wird mich gleich verleiten,“ wandte sich Fräu
585 688 3796 877 lein Suse an ihren Tischnachbar, daß ich Sie darauf an¬
2218 707 4636 865 werden, die Gesellschaftsräume dieses Hauses durch Ihre keit. Es kam ganz plötzlich.
4143 719 5130 871 (Fortsetzung in der nächsten Sonntagsmummer.)
585 804 2169 932 sehe, ob er recht hat; und dann werden Sie sich ein
2205 816 3820 926 Anwesenheit zu verherrlichen, dann werde ich Ihnen beide
573 883 2004 999 bilden, daß ich mit Ihnen zu kokettieren anfange.
2230 883 5471 1072 der Hauptstadt gestellten Landwehrbataillone mit feier befleißigte sich der größten Strenge. Schon am 14. Mai
2230 950 5471 1133 lichem Gepränge geweiht wurden, kam es zu jubelnden erschien eine Aufforderung zur Abgabe der Waffen und
573 950 2181 1127 nimmt. Das war eben noch nicht der Würzengel, gegen
3850 1011 5465 1133 ein drakonisches Edikt, das alle Landwehrmänner, die
567 1078 2187 1194 den die deutschen Patrioten einige Jahre Päter los¬
603 1078 3814 1273 stürmten, das war erst der aufsteigende Kaiser, dem die Kundgebungen. Der Mannschaft, die zu den neuen
3850 1078 5465 1188 nicht innerhalb vierzehn Tagen heimkehrten, mit dem Tode
597 1145 3802 1340 Krone noch nicht fest auf dem Haupte saß. Von den I Fahnen schwören sollte, wurde im Namen des Exzherzog
2236 1151 5447 1328 Karl ein Befehl vorgelesen, in dem es hieß: „Wo uns bedrohte. Vom 20. Mai ab erschien die „Wiener Zeitung
3869 1218 5471 1328 ohne Doppeladler als Organ der neuen Herren. Aber
585 1267 2187 1383 vielfachen Reizen Wiens hatte Napoleon nichts oder nu
2224 1273 3820 1395 die Ehre und das Vaterland hinrufen, da finde ich euch
2230 1273 5471 1462 wieder, da findet jeder von euch auch mich!" Bei dieser während sie im Jahre 1805 ihre Pfeile gegen England
591 1334 2181 1474 wenig genossen. Aber der vortreffliche Ruf der Stadt wa
3869 1346 5483 1456 richten mußte, überbot sie sich jetzt in den gröbsten
603 1401 2193 1523 auch bis zu ihm gedrungen, und deshalb schmeichelte es
2248 1413 3832 1523 Stelle brach die ganze Mannschaft in ein Jubelgeschrei
3863 1401 5063 1529 Beschimpfungen der erbgesessenen Dynastie.
597 1474 2096 1633 ihm, eine so gute Aufnahme gefunden zu haben..
2242 1468 3826 1596 aus, das, wie der Eipeldauer berichtete, den Sturmwind
3991 1474 5483 1615 Die Stimmung in der Wiener Bevölkerung war ge¬
737 1505 2181 1651 Als Napoleon wieder vor Wien erschien, hatte sich
2236 1547 3820 1682 der abscheulich gebraust hat, übertönte. Dieser „jung
2254 1566 5471 1724 Eipeldauer“ — sonst Josef Richter genannt — der durch drückt und mit Empörung gesättigt. General Rapp er¬
621 1602 2205 1718 vieles geändert. Jena, Auerstedt, Friedland bezeichneten
3881 1633 5483 1761 zählt in seinen L moiren, daß die Erregung der besten
634 1657 2205 1791 seinen Siegesmarsch. Der Friede von Tilsit hatte Deutsch-
2254 1682 3838 1803 seine Briefe an den „Herrn Vettern in Kakran" berühmt
3887 1694 5483 1816 Bürger Napeleon nicht verborgen blieb; das scharfe
621 1730 2205 1876 land aufs tiefste gedemütigt. Doch in trüber Stunde
634 1742 3832 1931 fehlte es nicht an Männern, deren Größe mit dem wurde, ist überhaupt eine köstliche Quelle für die Be¬
2254 1742 5483 1931 urteilung der damaligen Zeitverhältnisse. Die Maske des Auge des Weltbegwingers vermochte eben nicht getäuscht
2260 1840 5477 1992 Spötters und Witzholdes verbarg einen ernsten gebildeten zu werden. Ueber das Fühlen und Denken in den Ober¬
615 1870 2205 1980 nationalen Leide wuchs. Die Niederdrückung der deutschen
2273 1895 5489 2071 Mann, der, wie so viele Menschen, sich lustig zeigen schichten der Bewohnerschaft geben die Aufzeichnungen der
609 1931 2205 2047 National bewirkte ein wunderbares Aufflammen des
2266 1962 5495 2126 mußte, weil das Volk lieber fürs Lachen als für den Karoline Pichler, die in ihrem Salon das geistige Wien
628 1998 2218 2120 deutschen Volksbewußtseins. Fichte hatte seine „Reden
3887 2017 5477 2132 versammelte, verläßlichen Aufschluß. Als die schrift
621 2059 2224 2187 an die deutsche Nation" gehalten, Ernst Moritz Arndt
2266 2078 3850 2205 Zwang zum Nachdenken zahlt. Bald nach der Fahnen
3887 2084 5502 2205 stellernde Dame einer Soldatenrevue auf der Schmelz bei¬
628 2126 2218 2248 war vor das Volk getreten; von Kleist wurde zur Ta¬
2266 2145 3850 2273 weihe verliert selbst der junge Eipeldauer seinen Humor
2285 2163 5489 2340 „Herr Vetter, wir sind jetzt in Zeitumständen drin, wo wohnte, konnte sie sich des Wunsches nicht enthalten,
646 2193 2218 2333 gemahnt. Auch in den österreichischen Landen machte sich
2279 2224 5489 2407 sich alle gutdenkenden Einwohner nimmer fragen, was daß auf irgend einem Baum ein „Tiroler Scharfschütze
640 2254 2224 2376 ein neuer Geist bemerkbar. Erzherzog Karl verstand es
2279 2297 5483 2467 geben's heut' im Theater? Führen's nicht bald den verborgen sitzen und einen Tell=Schuß auf Napoleon
640 2327 2230 2449 dem Dienste des Kriegers zur Popularität zu verhelfen.
2291 2352 5489 2528 Pumpernikel auf?“ versichert der Briefschreiber. Und in diesen mehr als Geßler, tun möchte“. Der gleiche Ge¬
640 2394 2230 2510 Graf Stadion und Erzherzog Rainer bemühten sich um
3911 2419 5495 2541 danke blitzte im Hirne dieser patriotisch gesinnten Frau
646 2455 2230 2583 Reformen. Man muß nur nachlesen, was Eduard Wert
3899 2480 5514 2595 ein zweitesmal auf, als sie Napoleon im schönen Schloß¬
2279 2474 3863 2601 der Tat: Wien hat andere Sorgen, es rüstet sich zu
640 2522 2224 2650 heimer in seinem interessanten Buche über diese Bestre
3905 2547 5520 2669 theater in Schönbrunn beobachten durfte. Gewiß, die
640 2589 2230 2742 bungen erzählt. An guten Gedanken, an hochfliegenden
2279 2571 2675 2687 Verteidigung.
2382 2559 3875 2723 Durch das Unglück auf den bayrischen Schlacht¬
2309 2614 5508 2790 feldern wurde Napoleon der Weg nach Oesterreichs Schaulust der Wiener ist nicht zu bezwingen. Man
640 2650 2224 2796 Plänen, an richtiger Erkenntnis hat es in Oesterreic
2285 2681 5520 2851 Hauptstadt freigelegt. Am 6. Mai erschieck eine drängte sich auch diesmal dazu, dem gehaßten und ge¬
646 2723 2230 2870 ja niemals gefehlt. Immer fanden sich Männer, die au
2309 2742 5526 2943 Proklamation des Erzherzogs Maximilian, der nach waltigen Mann zu nahen, aber man ballte dabei die
646 2784 2242 2900 die Goldadern hinwiesen. Immer aber gab es auch
2291 2809 5520 2985 Wien geeilt war, um die Verteidigung der Stadt zu Fäuste in der Tasche. Einen tiefen Blick in die Seelen¬
640 2845 2254 2973 Menschen, die diese Toren schalten. Leider waren diese
3917 2876 5520 2985 regungen gestattet Grillparzers Selbstbiographie. Der
652 2924 2248 3052 Reformfeinde meistens stark genug, das Bestehende zu
652 2943 3869 3101 erhalten. So ging denn auch im ersten Jahrzehnt des leiten. „Wenn uns alle nur ein Wille beseelt, wem wirk
2315 2937 5526 3113 es gelingen, uns zu überwältigen?“ fragt der kaiserliche Junge Mann, dessen Name man sich damals noch nicht
3936 3010 5532 3119 merken mußte, war kein geringerer Franzosenfeind als
652 3046 2248 3180 vorigen Jahrhunderts nicht alles so, wie es gut gewesen
2315 3071 3875 3186 Prinz. Allein der Gedanke, Wien zu halten, war ein
3942 3077 5532 3186 sein Vater, der den Ruhm des Korsen nicht überleben
652 3113 2254 3247 wäre. Allein das eine wurde doch erreicht, daß die natio
2309 3132 3881 3259 Fehler. Von vornherein mußten die Vorstädte preis
3930 3138 5520 3253 konnte. „Mit dem Haß im Herzen und zu aller Zeit kein
652 3180 2266 3302 nale Begeisterung sich in Oesterreich zur lodernden
2321 3192 3881 3327 gegeben werden, und die Verteidigung konnte sich bloß
3930 3199 5532 3320 Liebhaber von militärischem Schaugepränge, versäumte
670 3247 2273 3381 Flamme entzünden konnte. Collins Lieder, die Weigel
2303 3259 3887 3375 auf die innere Stadt beschränken. Diese aber vermocht
3924 3266 5526 3412 ich doch keine von Napoleons Musterungen in Schön-
664 3320 2254 3436 vertonte, wurden gesungen und begeistert aufgenommen
2303 3339 3875 3442 den Kugeln des Feindes keinen Widerstand zu bieten
3936 3327 5508 3448 brunn und auf der Schmelz. Noch sehe ir
670 3381 2260 3497 und Castellis Kriegslied fand eine ungewöhnliche Ver
2315 3394 3881 3509 und die erste heftige Beschießung, die zahlreiche Bränd
3930 3400 5544 3515 ihn die Freitreppe des Schönbrunner Schlosses
670 3448 2273 3564 breitung. Aufmunternde Broschüren erschienen in großer
2327 3461 3881 3576 im Gefolge hatte, erstickte bereits die Lust an der Ver
3936 3467 5526 3588 mehr herablaufen als gehen, die beiden Kron
670 3509 2273 3649 Zahl. Wie in der josesinischen Zeit, so regte sich nun
2321 3521 3893 3649 teidigung. Am Morgen des 13. Mai 1809 rückten die
2315 3540 5532 3710 ersten französischen Grenadiere in Wien ein. Napoleon I prinzen von Bayern und Württemberg als Adjutanten
664 3576 2266 3710 wieder das geistige Leben. Der Krieg, zu dem sich
2315 3607 5544 3783 nahm neuerdings in Schönbrunn Aufenthalt. Doch, wie hinter sich und nun mit auf dem Rücken gefalteten
682 3637 2266 3765 Oesterreich im Jahre 1809 entschloß, war also aufs best
3948 3662 5550 3783 Hä den einsam dastehen, seine vorüberziehenden Gewalt¬
670 3704 2285 3844 vorbereitet. Ein französischer Beobachter charakterisierte
2327 3729 3899 3838 ganz anders war diesmal die Stimmung in der
2315 3735 5544 3893 Bevölkerung! Die Straßen, durch die das feindliche | hausen mit den unbewegten Blicken des Meisters über¬
658 3777 2285 3924 den Umschwung sehr richtig, indem er meinte: „Im
3978 3796 5550 3911 schauend.... Er bezaubert mich wie die Schlange den
676 3844 2291 3966 Jahre 1805 wollte die Regierung den Kampf, aber weder
682 3863 3917 4052 die Armee, noch das Volk; im Jahre 1889 will ihn die Militär marschierte, blieben leer. Durch die Ungunst der
3966 3869 5569 4015 Pogel." Diese Erinnerungen des alten Grillparzer an
2327 3917 3899 4045 Verhältnisse war man gezwungen worden, sich zu
3954 3924 5569 4045 die Erlebnisse seiner Jugend sind sehr wertvoll, weil
676 3991 1779 4131 Regierung, die Armee und das Volk.“
2126 3966 3893 4112 hoch. ergeben; nun fand man sich nur knirschend mit der
2340 3997 5581 4173 Schicksale ab. Auch der Kaiser der Franzosen trug nicht dieser große österreichische Seher und Gestalter den
822 4003 2108 4155 In Wien gingen die Wogen der Begeisterin
2340 4064 5575 4234 mehr die Liebenswürdigkeit zur Schau, die ihn vor Nagel auf den Kopf zu treffen verstand. Von dem alten
695 4100 2291 4234 Der Fasching war noch in heiterer Sorglosigkeit verlebt
688 4131 5587 4387 halten: den Apollosaa. Wir die Böhnen der sechs von drei Fuhren auszeichnet. Das kennenkliche Sommenen: Haaben ist bekannt, daß er während des Namensches des
695 4179 2279 4295 worden, hatte doch die Stadt einen neuen Tanzboden er
