5976 3704
360 100 1185 224 wolle.
372 144 1958 276 der allernächsten Nähe des Thrones gute Freunde habe,
1998 144 2983 264 werde, gemeinsam mit den
376 220 3591 428 meinen wohl Bellegarde (Generaladjutant), aber der hat bilden. Schon sprach man von Auflösung
372 200 1950 348 was den Herrscher zur Bemerkung veranlaßte: „Si
3659 188 4504 320 stehungsweise des konkulen Ab-
3647 248 5217 372 Ausgleich in irgend einer Form geregelt sein muß.
3635 308 5213 432 Sowohl die Bestrebungen zur Errichtung der selbst¬
2002 324 3587 468 die ausgestoßenen Schmerzensrufe. Zum Glück erfolgte
3635 380 5221 508 ständigen Bank als auch die Forderung eines für
2014 412 3579 524 kein Zerplatzen; wahrscheinlich war das Brandrohr durch
396 416 1962 553 Dach geschleudert hatte. Unverweilt traf ich die nötigen
3639 444 5205 573 Ungarn annehmbaren militärischen Ausgleichs stoßen
388 472 1954 625 Anstalten; umhüllte die kranke Tochter vom Kopf bi
2006 472 3583 605 das Anschlagen an die Wand des Theaters (wovon nach
3639 504 5217 645 bei der Krone auf Schwierigkeiten, und deshalb macht
396 545 1962 701 zu den Füßen mit ihrer Decke, nahm sie fest in mein
396 545 3587 741 Arme und trug sie ganz allein, frei und behende, bis Jahren die Spuren noch zu sehen waren) abgebrochen
3647 581 5225 725 die Verwirklichung dieses Entwirrungsplanes keinerlei
2022 601 3595 753 Wäre die Richtung dieser Granate nur um etwas mehr
2022 677 3595 797 nach links gewesen, so hätte sie richtig in die Mitte
388 673 1974 813 hinab in den Kellerraum; da Beer im dritten Stockwerke
2026 697 3960 861 unserer Wohnung eingeschlagen. Gegen 11 Uhr hörte das Fortschritte
3772 685 5221 821 Der zweite Plan, der noch vor Beginn der Krise in
388 749 1962 893 wohnte, vier Stockwerke tief. Als sie auf Matratzen ge
3659 757 5225 909 Aussicht genommen war, bestand in der Idee der Er¬
396 813 3591 1017 ich zurück, um eine zweite kranke Frau, eine vor ein Bombardement der Stadt und die Erwiderung von der
388 809 1982 961 hörig gebeitet und die Eltern mehr beruhigt waren, eilte
3651 829 5229 977 nennung eines 1867er Kabinetts, welches den Versuch
400 869 3595 1085 paar Tagen von Beer am grauen Star operierte Festungswällen allmählich auf. Wahrscheinlich in der Er¬
3659 913 5229 1037 machen müßte, sich im gegenwärtigen Reichstag oder
388 941 3595 1165 Bäuerin, gleichfalls nach unten in Sicherheit zu bringen, I wartung, daß die Stadt sich übergeben werde. Gegen
3663 965 5229 1101 durch Auslösung des Parlaments eine Majorität zu
404 1005 3603 1225 Durch den nicht nur unausgesetzten, sondern aufs höchste 1 Uhr begann es plötzlich wieder und dauerte wohl ein¬
3671 1029 5237 1181 sichern. Da jedoch der Standpunkt der 1867er Minorität
408 1069 3599 1289 gesteigerten Donner der Geschütze, der jenen vom Nach=  Stunde, jedoch ohne Erwiderung von Seite der Stadt
3671 1093 5241 1237 des Reichstages, laut welchem ein militärischer Ausgleich
412 1133 3607 1341 mittag weit zu überlönen schien, auch für unser Haus I Tiesmal litt es mich nicht mehr im Hause, denn ich sah
3667 1169 5241 1321 durchgeführt werden müsse, keinen Anklang findet, dürfte
412 1213 3607 1409 besorgt gemacht, ließ ich durch die Dienstleute Wasser wie das Haus, in welchem eine befreundete Famili¬
3663 1237 5249 1365 es sich auch nicht als möglich erweisen, aus der Reihe
420 1269 3615 1481 nach dem dritten Stockwerke tragen, um im Falle der Iwohnte, in Gefahr war, durch das fortschreitende Feuer
3675 1309 5245 1441 dieser Parteien, wenigstens soferne sie im Abgeordneten-
2038 1329 3627 1473 gleichfalls in Brand zu geraten. Ich wußte, daß meine
3671 1369 5141 1521 hause heute vertreten sind, eine Regierung zu finden
2038 1405 3611 1549 Freunde bei einem wirklich eintretenden Bombardemen
400 1409 1990 1549 Not im ersten Moment beim Zünden einer Haubitze
3784 1413 5249 1573 In dieser Sachlage beschäftigt nun auch ein dritter
420 1465 3619 1682 Mitte eines jeden Zimmers. Als ich dies im Zimmer in den Keller sich zu begeben beschlossen hatten. Besorgt
420 1493 1986 1614 versorgt zu sein, und stellte ein angezündetes Licht in di
3671 1501 5237 1638 Entwirrungsplan die politischen Kreise. Es ist derselbe
412 1541 3627 1738 Beers zu tun im Begriffe war, zersprang unter einem | daß sie, ungewaent von der drohenden Gefahr, ernstlich in
2038 1561 5241 1798 selbst Bitten der Kranken, die nun bei vollem Bewußt= der von jener Gruppe der Unabhängigkeitspartei aus¬
2038 1606 3615 1738 Gefahr gerieten, schlich ich mich, trotz aller Abmahnungen
3671 1618 5253 1778 gegangen ist, die das Schlagwort von der Alleinherrschaft
412 1682 1990 1834 furchtbaren Schlag eine Haubitze in unmittelbarer Nähe
2046 1706 5245 1938 über mich hinfliegenden Granaten, ging über den der Partei ausgegeben hat. Dieser Plan würde darin be¬
408 1738 3623 1970 Hand erloschen. Ich eilte um ein zweites, und da fand sein war, heimlich hinweg, öffnete die Haustür trotz der
432 1758 2002 1886 und mit diesem Schlag war auch das Licht in meiner
3683 1754 5253 1922 stehen, daß die Unabhängigkeitspartei
3683 1818 5249 1970 allein die Geschäfte übernehmen würde
424 1874 3619 2098 scheiben eingedrückt und zersplüttert und die brennende Michaelerplatz in die nächsten Straßen und nahm nur der
432 1882 2002 2022 ich, daß durch den verursachten Luftdruck die Fenster-
3675 1894 5253 2026 Selbstverständlich müßte sie in diesem Falle ihr Programm
2046 1938 3619 2082 Hut ab, um besser den Flug der Granaten sehen un
3675 1962 5269 2110 der Personalunion aufgeben und sich auch in der Bankfrage
432 2002 3627 2246 hellen Feuerschein und heftigen Feuerlärm an das Fenster möglicherweise noch schnell Schutz finden zu können
416 2014 2002 2154 Kerze in meiner Hand entzwei geschnitten war. Durch
3687 2030 5273 2158 mit einem Kompromiß begnügen, das die Zustimmung
420 2062 3627 2286 gezogen, sah ich, wie an verschiedenen Seiten, über den Nachdem ich die Familie von dem drohenden Feuer in
3691 2098 5281 2234 des Monarchen finden könnte. Diejenigen, die an diese
424 2126 3635 2346 Graben hin, mächtige Feuersäulen hoch über die Häuser Kenntnis gesetzt hatte, kehrte ich zurück. Mittlerweil
3687 2154 5265 2314 Möglichkeit glauben, gehen davon aus, daß der erste und
2074 2206 3643 2338 schien alles Militär aus der Stadt durch die Leopold¬
3687 2230 5269 2382 zweite Entwirrungsplan sich als unrealisierbar erweisen
2074 2266 3627 2410 stadt und über die Brücken der Donau abmarschiert z¬
424 2290 2002 2414 aufloderten, furchtbare Zeichen, daß die Granaten ihr
3695 2294 5277 2442 werden. Hier stehen in der Tat die Standpunkte einander
2070 2342 3635 2490 sein, denn das Bombardement hörte auf. Auf der
420 2354 2014 2502 Wirkung getan. Im selben Moment vernahm ich aus
3711 2350 5293 2518 so schroff gegenüber, daß sie im Laufe der letzten Woch,
2062 2402 3627 2546 Straßen wurde es sehr lebendig, man eilte zum Lösche
3711 2410 5289 2598 nicht die geringste Verschiebung erfuhren und voraussicht
424 2410 2014 2566 dem festen taktmäßigen Schritt von der Straße herauf
2062 2462 3639 2622 der in Brand geratenen Häuser, und bald verbreitete sich
424 2482 2002 2618 daß die in der Burg gelegene k. k. Truppe, noch ein
3703 2494 5293 2638 lich auch in Zukunft unverrückt bleiben werden. Soll aber
2062 2538 3651 2679 das Gerücht, daß eine Kapitulation abgeschlossen und der
428 2546 2018 2715 Rest der Besatzung, im Abmarsch begriffen sei. Als ich
3703 2558 5289 2703 die Krise in irgend einer Weise gelöst werden, so muß ein
444 2606 3651 2827 brüstung hinausbog, flog in Blitzesschnelle dicht vor mir eine Franzosen die Stadt übergeben sei. Diese rückten mit den
2086 2618 5301 2923 schaftlich mit den bewaffneten Bürgern die nötigen Posten. Anhaltspunkt gefunden werden, von dem aus sich die
436 2630 2014 2759 um mich hievon zu überzeugen, mich üner die Fenster¬
2074 2675 3651 2823 frühen Morgen auch wirklich ein und besetzten gemein
3671 2691 5305 2891 Dinge vom Fleck rücken lassen. Als ein solcher Punkt aber
436 2751 2022 2883 brennende Granate nieder, schlug in die Wand des gegen
436 2819 2042 2947 überliegenden Burgtheaters ein und dann mitten unter
444 2891 2038 3079 die abmarschierenden Truppen. Daß sie getroffen, zeigten
2110 2955 2358 3059 nischsten
2102 3035 2358 3167 «wjöpöim
