6056 4952
859 42 1234 139 Kirje ettävän
1609 97 1803 200 Durch'
550 109 1712 284 Junii 29/8.
4791 121 5408 224 Herrn Refiaurant. Bes. Kans Uüdn
581 175 901 351 Jaiun
4416 224 5414 345 bringt den verdorbenen Magen in zwei bis
4403 302 5341 399 drei Stunden vollkommen in Ordnung. D
3762 290 4246 448 Bitterwas
4403 381 5341 454 Gebrauch ist ein wahrer Segen für Ma=
599 302 2099 496 Vor dem Frühstück ein halbes Glas
2280 381 2504 544 S.
3744 381 5426 496 leidenden. an Stuhlverstopfung Leidende. Kk. Flasche 40 H..gr.Flasche 60 H.
3756 466 5432 563 Zu haben in allen Apotheken, Drogerien und Mineralwasserhandlungen
986 308 1694 611 Schmidthauer's
3847 641 5432 738 Ναρoleon selbst hatte zuletzt gedrängt; er war durch den
2208 647 3780 762 Leipzig. Indes, an diesem Tage fühlten sich alle besieg
563 684 2159 798 wohl nach dem denkwürdigen Kampfe bei Aspern einer
3853 726 5426 798 Attentatsversuch des deutschen Jünglings Staps aus seine
563 744 3799 871 harten Stoß, doch bei Wagram erhob sich wieder der bezwungen von Talma, dessen Schwert das zündende und
2214 786 5450 901 vernichtende, beglückende und erhebende Wort war. Ein Ruhe aufgescheucht worden. Ihn gelüstete es, als um¬
581 829 2178 938 französische Adler über den Doppelaar, und neu auf-
3853 847 5456 938 jubelter Sieger nach Paris heimzukehren, sich am Feuer
587 871 3799 1016 gerichtet in seinem Stolze stand der Kaiser der Franzosen andermal wurde Schillers „Phädra“ von den Schau
3841 907 5444 1004 der Franzosen zu wärmen. Die Wiener waren ihm
2220 932 3799 1034 spielern des Burgtheaters gegeben. Der Kaiser hatte das
563 968 2159 1059 da. Wie im Jahre 1805, so fehlt es ihm auch jetzt an
3853 956 5438 1077 gegenüber nur kalt zurückhaltend und dies nur deshalb
2214 998 3799 1089 Buch mitgebracht und er las fleißig darin. Nur von Zei
581 1028 2159 1125 dem Kontakt mit den Wienern, denen er nicht rech
2208 1034 5456 1167 zu Zeit blickte er auf, um den einen oder anderen! weil sie sich nicht stark genug fühlten, das fremde Joch
581 1095 2159 1186 traute. Nur bei militärischen Paraden konnte ihn da
4276 1101 5450 1186 Sonst hätten se ihre Feindschaft wohl
2214 1131 4234 1228 Künstler zu fixieren. Frau Weißenthurn, die übrigens als abzuschütteln.
581 1155 2159 1246 Volk sehen; da fühlte er sich sicher, weil hier die Wasser
3847 1180 5450 1258 offen betätigt. Am 14. Oktober wurde die Kunde vom
2220 1192 3799 1270 Theaterschriftstellerin mehr galt denn als Darstellerin, er
587 1210 2165 1331 seiner Garden im Sonnenglanze funkelten. Sonst fuh
3847 1240 5450 1355 Abschlusse des Friedens in der Stadt verbreitet, in der
593 1258 3799 1379 er bloß öfter im geschlossenen Wagen zu Berthier, der in hielt von Napoleon 150 Louisdors. Die schöne Adam
3847 1307 5444 1391 Nacht vom 15. auf den 16. Oktober verließ Napoleon
2208 1325 3799 1415 berger wurde mit 50 Louisdors bedacht. Einige Jahr
587 1343 2165 1446 der Alleegasse wohnte. Wenn Napoleon durch die Stad
3853 1361 5438 1452 Schönbrunn. Als rücksichtsloser Feind hatte er Wien be
2232 1391 3799 1470 später riß sich ihr Bräutigam Theodor Körner von ih
587 1409 2165 1512 ritt, geschah dies im schärfsten Galopp, der es seiner
3859 1440 5444 1524 treten, als solcher verließ er auch die Stadt. Im Jahre
2220 1458 3823 1567 los, um gegen den Zwingherrn zu Felde zu ziehen. Das
587 1476 2165 1585 Begleitern schwer machte, dem Kaiser zu folgen. So zog
3847 1506 5450 1609 1805 war er als Kavalier geschieden, jetzt zog er alS
605 1512 3811 1651 er wie im Fluge an den Wienern vorbei, deren Augen war keine „Szene“, sondern blutiaer Ernst. Die Freude
3859 1573 5456 1657 zürnender Weltbeherrscher von dannen. Bei dem ersten
599 1585 3805 1706 eo bereits entschwand, wenn sie ihn kaum erblickt hatten. Der Adamberger an dem kleinen Geschenke wurde späte
2208 1633 5444 1760 arg vergällt. Ja, man nahm nicht ungestraft Gaben von I Abschied ließ er sogar das Arsenal unberaubt, diesmal
593 1676 2190 1778 Während seine Generale sich bisweilen zügellos der
2238 1706 5444 1845 Μapoleon!... Auch das leichtbeschwingte Ballett wurde vergriffen sich die Franzosen selbst an den Schätzen der
587 1736 2165 1833 duftigen Blüten freuten, die aus dem Boden Wien
3847 1766 5444 1857 Hofbibliothek und der Bildergalerie im Belvedere. Der
2226 1772 3073 1875 in Schönbrunn gerne gesehen.
605 1796 2184 1924 hervorkeimten, schien die schöne Welt für Napoleon nicht
2347 1821 5444 1966 Ein Fest mit vielem Licht, aber ohne Wärme durch= drückende Friede von Schönbrunn hat Oesterreich um
605 1863 2190 1984 allzuviel zu bedeuten. Ihm war die Gräfin Walewska
2220 1869 5305 2014 lebte Wien am 15. August, am Geburtstage Napoleons, einige seiner schönsten Provinzen ärmer gemacht:
599 1942 2165 2057 gefolgt, der in der Nähe des Schönbrunner Schlosses ei
3859 1954 5317 2057 Staat, der als Hoffnung aller Deutschen zum Sä
2232 1984 3817 2081 Es war anbefohlene Heiterkeit, von der hohen Obrigkei
605 1990 2178 2105 sehr elegantes Haus eingerichtet wurde. Wie stürmisch
2238 2032 5444 2129 verordneter Enthusiasmus. Die Stadt hatte illuminiert, gegriffen, lag, mit schmerzlichen Wunden bedeckt, ge¬
611 2063 2184 2172 hatte er einst um sie geworben und wie beharrlich war
3865 2105 5438 2184 schlagen. doch nicht vernichtet, gedemütigt, doch um dei
611 2117 3823 2226 sie ihm widerstanden, als er sie nach dem Hofballe in weil die Behörde es gebot, allein die Kerzen waren wirk¬
3859 2165 5444 2262 stolzen Tag von Aspern reicher, auf dem Boden. Wien
2232 2184 3811 2286 lich nicht mit Begeisterung zum Leuchten gebracht worden
617 2190 2165 2299 Warschau bald bittend, bald fordernd zu umgarne
2238 2232 5444 2329 Da und dort faßte einer sogar Mut, seinen Em= aber erhielt noch eine letzte Strafe. Am Anfang November
611 2256 2165 2365 suchte Diamanten und Perlen. Verheißungen und Be¬
3871 2292 5444 2383 sprengten die französischen Truppen die Mölkerbastei, die
2238 2311 3817 2420 pfindungen Ausdruck zu geben. In einem Fenster la¬
617 2311 2172 2444 schwörungen lockten sie nicht. Nur die Zukunft Polen
3859 2365 5293 2450 Werke bei der Hofburg und die Augustinerbastei.
2232 2383 3629 2486 man : „Zur Weihe An Napoleons Geburtstag!“
611 2389 2184 2498 lag ihr am Herzen. Und so opferte sie sich für
2244 2426 5444 2528 sonders grell strahlten die Anfangsbuchstaben, die das Stadt hatte es gewagt, sich zu verteidigen; dafür sollte
617 2456 2190 2583 Polen, indem sie sich Napoleon hingab. In Wien wurde
3859 2486 5293 2607 sie nun nach Monaten besonders gezüchtigt werden
617 2516 3823 2637 sie, wie der unermüdliche Napoleon-Forscher Masson be¬ Wort Zwang! bildeten. Ein anderer sagte mit Flammen
3974 2540 5450 2674 Trotz all der erlittenen Bitternisse brach sich der alte
2244 2577 3823 2674 sprache : „Ihr guten Wiener beleuchtet nicht, Ihr seh
617 2595 2196 2722 richtet, guter Hoffnung. Am 4. Mai 1810 gab sie dann
3218 2589 5456 2716 In einer Wohnung I Frohsinn schnell Bahn. Als die österreichischen Truppen
2244 2637 3115 2746 Euer Unglück auch ohne Licht
605 2674 1331 2801 einem Sohne das Leben.
2238 2692 5438 2801 wieder war die Verordnung ins Fenster gestellt, die zur in die Stadt heimkehrten und Kaiser Franz wieder kam
732 2716 2184 2855 Im Schönbrunner Schlosse ging es während des
2238 2758 5456 2873 Illumination verhielt. Auch die Hofburg trug Gala= fieute man sich aufrichtig. Nach sauren Wochen sollten
593 2801 2196 2946 Aufenthaltes des Kaisers der Franzosen lebhaft her; gar
2244 2825 5444 2934 toilette. Im alten Kaisersitze gab der Generalgouverneur jetzt frohe Feste entschädigen. Einem lustigen Fasching
605 2879 2184 2994 oft versammelte sich die Hofgesellschaft im zierlichen Schloß
2232 2885 5444 2988 ein Fest, zu dem zwehundert Einladungen ergangen war ein furchtbar ernster und schmerzlich langer Ascher
599 2946 2184 3061 theater, wo deutsche und französische Truppen vor den
2232 2952 5444 3073 waren. In den oberen Fensternischen flammten die mittwoch gefolgt. Doch schon nahte wieder auf leichten
617 3006 2196 3121 Heros des Tages auftraten. Die Uniformen der Generale
3865 3018 5444 3109 Sohlen ein neuer Fasching. Trommelschlag und Hörner
2244 3049 3823 3139 Worte: „Vive Napoléon le Grand!" so, daß sie vor
617 3079 2196 3194 schimmerten und strahlten im Lichte von vielen Kerzen
2250 3085 5462 3194 der Straße aus wahrgenommen werden konnten. Schön=  klang hatte man genug vernommen. Wie fehnte sich da
659 3133 2184 3254 nd auch an schönen Frauenantlitzen fehlte es nicht
2244 3151 5462 3266 brunn sah natürlich eine große Parade, die den Sieger alles nach zarten weichen Fiedelklängen! Vom Tanze
659 3212 2202 3315 Wiens glanzvollste Damen waren eben glücklich, eine
3883 3218 5456 3303 war Wien jäh gerissen worden, nun stürzte man in die
605 3248 3835 3369 Vorstellung beiwohnen zu können. In Schönbrunn wurde von Wagram inmitten seiner getreuen Regimenter zeigte
3883 3278 5462 3375 bekannten Säle, um das Versäumte nachzuholen. Gewiß
2250 3309 3835 3418 Nachts soll Napoleon verkleidet durch Wien gegangen
635 3345 2196 3454 „Julius Cäsar“ zur Aufführung gebracht, Talma gab der
2256 3357 5480 3478 sein, aber er, der gekrönte Menschenkenner, dürfte keine an Geld fehlte es, und man müßte kräftiger zugreifen
617 3411 2202 3520 „Helden des Stückes, voll Schwung, mit hinreißender
3865 3418 5462 3514 als früher. Aber was fragen junge Herzen danach, wenn
2244 3442 3829 3532 rechte Befriedigung empfunden haben. Ihm fehlte nich
611 3478 2196 3569 Kraft. Als er vor der Säule des Pompejus zusammen
3883 3478 5456 3599 in hellem Raume die Geigen erklingen.... Der grollende
2256 3520 3835 3599 der Blick für das Wesen der Dinge, er hätte die wahr
611 3539 2184 3635 rach, wie eine vom Blitz gefällte Eiche niederstürzte
2250 3551 5462 3666 Stimmung zu erkennen vermocht. Ihm wäre es klar ge¬ Napolson war ja nur eine vorübergehende Erscheinung
611 3605 2208 3726 standen alle im Banne des Künstlers. Doch keine Hand
3883 3611 5468 3714 gewesen. Am 11. März 1810 fand bereits in der
2256 3653 3835 3738 worden, daß die, die für ihn beleuchteten, doch vol-
611 3678 2208 3774 rührte sich. Erst als Napoleon, der wie gewöhnlich in der
3883 3690 5468 3768 Augustinerkirche in Wien die feierliche Einsegnung der
2244 3714 3841 3841 Innigkeit ihres Kaisers Franz und der alten, der besserer
623 3738 2196 3847 prunkvollen Kaiserloge saß, das Zeichen zum Beifall gab
3883 3744 5468 3859 Ehe des Kaisers der Franzosen mit der Erzherzogin
2250 3793 2837 3895 Tage gedachten...
629 3811 2196 3895 erbrauste ein Sturm von Applaus durch das klein
3883 3811 5480 3920 Marie Luise statt, und Napeleon wurde dabei durch
2371 3805 3835 3932 Man atmete in Wien erleichtert auf, als der Ab¬
629 3871 2208 3968 Theater. Unter den Zusehern befand sich auch die Fürstin
629 3901 5486 4113 Sachvangenberg, die Gattin des späteren Stegers bei I. Gebruß des Friedens zwischenst bekannt gegeben wurde. I. Ergherzog Karl, den Leiden von Alpann, vertreten,...
