<?xml version="1.0" encoding="UTF-8" standalone="yes"?>
<PcGts xmlns="http://schema.primaresearch.org/PAGE/gts/pagecontent/2013-07-15" xmlns:xsi="http://www.w3.org/2001/XMLSchema-instance" xsi:schemaLocation="http://schema.primaresearch.org/PAGE/gts/pagecontent/2013-07-15 http://schema.primaresearch.org/PAGE/gts/pagecontent/2013-07-15/pagecontent.xsd">
    <Metadata>
        <Creator>prov=READ-COOP:name=TrHtr:version=2.1.0:model_id=51170:date=15_08_2023_02:26</Creator>
        <Created>2023-05-10T15:04:26.057+02:00</Created>
        <LastChange>2023-08-15T02:26:57.417+02:00</LastChange>
        <TranskribusMetadata docId="1428794" pageId="55430089" pageNr="96" tsid="132837432" status="IN_PROGRESS" userId="64420" imgUrl="https://files.transkribus.eu/Get?id=NHNIMUBQXJRJNRSESMEACSGA&amp;fileType=view" xmlUrl="https://files.transkribus.eu/Get?id=BXYCCIOOMRXIJNWEXXUPGEUT" imageId="44704161"/>
    </Metadata>
    <Page imageFilename="1428794_0096.jpg" imageWidth="4920" imageHeight="5848">
        <ReadingOrder>
            <OrderedGroup id="ro_1711805947578" caption="Regions reading order">
                <RegionRefIndexed index="0" regionRef="tr_2"/>
                <RegionRefIndexed index="1" regionRef="tr_1"/>
                <RegionRefIndexed index="2" regionRef="tr_3"/>
            </OrderedGroup>
        </ReadingOrder>
        <TextRegion id="tr_2" custom="readingOrder {index:0;}">
            <Coords points="1396,594 4218,594 4218,1913 1396,1913"/>
            <TextLine id="tr_2_tl_1" custom="readingOrder {index:0;}">
                <Coords points="3196,762 3297,715 3378,745 3475,668 3656,749 3908,776 4217,745 4210,517 4042,517 3932,598 3801,604 3680,574 3465,430 3190,450"/>
                <Baseline points="3210,644 3299,644 3389,650 3478,650 3568,650 3657,650 3747,650 3837,656 3926,656 4016,656 4105,668 4195,674 4218,686"/>
                <TextEquiv>
                    <Unicode>V. R. W.</Unicode>
                </TextEquiv>
            </TextLine>
            <TextLine id="tr_2_tl_2" custom="readingOrder {index:1;}">
                <Coords points="1635,708 2109,729 2239,688 2448,719 2515,769 2592,745 2595,591 2451,547 2263,601 2088,520 1877,584 1756,571 1692,618 1638,601"/>
                <Baseline points="1652,698 1706,698 1796,692 1885,692 1897,686 1975,692 2064,686 2154,686 2243,686 2333,680 2422,680 2512,680 2601,680"/>
                <TextEquiv>
                    <Unicode>F.T.F.K.C.L.C.,C.W,L.F,F.M,D.H. I.J</Unicode>
                </TextEquiv>
            </TextLine>
            <TextLine id="tr_2_tl_3" custom="readingOrder {index:2;}">
                <Coords points="1377,729 1420,742 1437,735 1457,755 1534,708 1565,722 1602,712 1602,544 1544,561 1501,541 1481,551 1467,544 1437,561 1420,551 1377,561"/>
                <Baseline points="1396,704 1432,698 1521,698 1611,698"/>
                <TextEquiv>
                    <Unicode>11</Unicode>
                </TextEquiv>
            </TextLine>
            <TextLine id="tr_2_tl_4" custom="readingOrder {index:3;}">
                <Coords points="3723,1910 3760,1900 3831,1910 3854,1894 3901,1894 3918,1907 3962,1907 3989,1931 4016,1924 4002,1736 3972,1729 3935,1769 3922,1759 3851,1773 3814,1759 3804,1769 3767,1753 3713,1766"/>
                <Baseline points="3741,1885 3831,1885 3920,1891 4010,1903 4021,1903"/>
                <TextEquiv>
                    <Unicode>97 a</Unicode>
                </TextEquiv>
            </TextLine>
        </TextRegion>
        <TextRegion id="tr_1" custom="readingOrder {index:1;}">
            <Coords points="1288,1996 3944,1996 3944,4133 1288,4133"/>
            <TextLine id="tr_1_tl_1" custom="readingOrder {index:0;}">
                <Coords points="1299,2142 3616,2078 3619,1951 3415,1873 3049,1991 2505,1951 2078,2035 1306,1954"/>
                <Baseline points="1318,2118 1384,2112 1473,2112 1563,2106 1652,2100 1742,2100 1831,2094 1921,2094 2010,2094 2100,2088 2190,2088 2279,2082 2369,2082 2458,2076 2548,2076 2637,2070 2727,2070 2816,2064 2906,2064 2995,2064 3085,2058 3174,2058 3264,2058 3353,2052 3443,2052 3532,2046 3622,2046"/>
                <TextEquiv>
                    <Unicode>dachte Robert-? Er-der Kranke - nicht ich?</Unicode>
                </TextEquiv>
            </TextLine>
            <TextLine id="tr_1_tl_2" custom="readingOrder {index:1;}">
                <Coords points="1853,2276 2303,2307 2521,2246 2874,2330 3206,2246 3300,2317 3663,2327 3807,2283 3814,2115 2297,2176 1857,2115"/>
                <Baseline points="1873,2255 1939,2249 2028,2243 2118,2237 2207,2237 2297,2231 2386,2231 2476,2231 2565,2225 2655,2219 2744,2219 2834,2219 2924,2213 3013,2213 3103,2213 3192,2213 3282,2213 3371,2207 3461,2207 3550,2201 3640,2195 3729,2195 3819,2195"/>
                <TextEquiv>
                    <Unicode>„Was ist dir?“ fragte Paula.„Habe ich</Unicode>
                </TextEquiv>
            </TextLine>
            <TextLine id="tr_1_tl_3" custom="readingOrder {index:2;}">
                <Coords points="1299,2434 1528,2468 1571,2444 1645,2468 1732,2427 1917,2461 1981,2421 2129,2438 2109,2263 1696,2276 1501,2340 1303,2300"/>
                <Baseline points="1318,2422 1330,2416 1420,2416 1509,2410 1599,2410 1688,2410 1778,2404 1867,2398 1957,2398 2046,2398 2136,2398"/>
                <TextEquiv>
                    <Unicode>dir weh getan?</Unicode>
                </TextEquiv>
            </TextLine>
            <TextLine id="tr_1_tl_4" custom="readingOrder {index:3;}">
                <Coords points="1843,2575 3747,2525 3774,2438 1847,2464"/>
                <Baseline points="1861,2554 1903,2554 1993,2548 2082,2548 2172,2548 2261,2542 2351,2536 2440,2536 2530,2536 2619,2536 2709,2536 2798,2530 2888,2524 2977,2518 3067,2518 3156,2518 3246,2518 3335,2512 3425,2512 3514,2506 3604,2500 3693,2500 3783,2494"/>
                <TextEquiv>
                    <Unicode>Er fasste sich. „Geliebte“, flüsterte</Unicode>
                </TextEquiv>
            </TextLine>
            <TextLine id="tr_1_tl_5" custom="readingOrder {index:4;}">
                <Coords points="1299,2760 3747,2716 3814,2558 2538,2642 1618,2558 1303,2639"/>
                <Baseline points="1318,2721 1402,2721 1491,2721 1581,2715 1670,2709 1760,2709 1849,2709 1939,2703 2028,2697 2118,2697 2207,2697 2297,2691 2386,2691 2476,2685 2565,2691 2655,2685 2744,2685 2834,2679 2924,2679 3013,2673 3103,2673 3192,2667 3282,2667 3371,2667 3461,2661 3550,2661 3640,2655 3729,2649 3819,2655"/>
                <TextEquiv>
                    <Unicode>er und drückte ihr die Hand. Aber seine innere</Unicode>
                </TextEquiv>
            </TextLine>
            <TextLine id="tr_1_tl_6" custom="readingOrder {index:5;}">
                <Coords points="1283,2928 3878,2851 3938,2733 1286,2793"/>
                <Baseline points="1300,2882 1348,2876 1438,2876 1527,2870 1617,2864 1706,2864 1796,2864 1885,2858 1975,2852 2064,2852 2154,2852 2243,2846 2333,2846 2422,2846 2512,2846 2601,2846 2691,2840 2780,2840 2870,2840 2959,2834 3049,2834 3138,2822 3228,2822 3317,2822 3407,2822 3496,2816 3586,2816 3675,2810 3765,2804 3854,2804 3944,2816"/>
                <TextEquiv>
                    <Unicode>Unruhe vermochte er nicht mehr zu beschwichtigen;</Unicode>
                </TextEquiv>
            </TextLine>
            <TextLine id="tr_1_tl_7" custom="readingOrder {index:6;}">
                <Coords points="1293,3059 3707,2975 3881,3055 3932,2891 1296,2928"/>
                <Baseline points="1312,3031 1342,3031 1432,3031 1521,3031 1611,3025 1700,3019 1790,3019 1879,3013 1969,3013 2058,3013 2148,3007 2237,3007 2327,3007 2416,3001 2506,3001 2595,2995 2685,2995 2774,2989 2864,2989 2953,2989 3043,2983 3132,2983 3222,2983 3311,2977 3401,2977 3490,2977 3580,2971 3669,2971 3759,2965 3848,2965 3938,2971"/>
                <TextEquiv>
                    <Unicode>Er dachte an die tückische Schicksalsmöglichkeit,</Unicode>
                </TextEquiv>
            </TextLine>
            <TextLine id="tr_1_tl_8" custom="readingOrder {index:7;}">
                <Coords points="2602,3092 2649,3086 2706,3102 2753,3092 2790,3112 2817,3109 2824,3002 2780,3008 2740,3032 2713,3015 2666,3035 2636,3012 2612,3012"/>
                <Baseline points="2625,3079 2649,3079 2739,3067 2828,3061"/>
                <TextEquiv>
                    <Unicode>sich</Unicode>
                </TextEquiv>
            </TextLine>
            <TextLine id="tr_1_tl_9" custom="readingOrder {index:8;}">
                <Coords points="1289,3230 3539,3176 3878,3146 3881,3045 1293,3126"/>
                <Baseline points="1312,3192 1384,3192 1473,3186 1563,3186 1652,3180 1742,3180 1831,3174 1921,3174 2010,3168 2100,3168 2190,3168 2279,3162 2369,3162 2458,3156 2548,3150 2637,3150 2727,3144 2816,3144 2906,3132 2995,3132 3091,3140 3091,3140 3174,3132 3264,3132 3353,3132 3443,3132 3532,3126 3622,3120 3711,3120 3801,3120 3890,3120"/>
                <TextEquiv>
                    <Unicode>dass gerade jetzt, da er dem Leben wiedergegeben</Unicode>
                </TextEquiv>
            </TextLine>
            <TextLine id="tr_1_tl_10" custom="readingOrder {index:9;}">
                <Coords points="2501,3243 2807,3240 2945,3193 3035,3206 3079,3193 3086,3149 2908,3149 2780,3183 2659,3153 2508,3183"/>
                <Baseline points="2524,3234 2548,3228 2637,3222 2727,3216 2816,3204 2906,3186 2995,3180 3089,3172"/>
                <TextEquiv>
                    <Unicode>dillen Daseren</Unicode>
                </TextEquiv>
            </TextLine>
            <TextLine id="tr_1_tl_11" custom="readingOrder {index:10;}">
                <Coords points="1269,3384 2065,3327 2424,3411 2612,3321 3922,3297 3925,3203 2515,3250 2293,3176 1272,3297"/>
                <Baseline points="1288,3365 1330,3353 1420,3347 1509,3341 1599,3341 1688,3341 1778,3335 1867,3329 1957,3329 2046,3323 2136,3323 2225,3317 2315,3317 2404,3311 2494,3317 2583,3311 2673,3311 2762,3305 2852,3305 2941,3305 3031,3299 3120,3293 3210,3288 3299,3288 3389,3288 3478,3282 3568,3282 3657,3282 3747,3276 3837,3276 3926,3264"/>
                <TextEquiv>
                    <Unicode>Kar und sich zu einem Glück ohnegleichen bestimmt</Unicode>
                </TextEquiv>
            </TextLine>
            <TextLine id="tr_1_tl_12" custom="readingOrder {index:11;}">
                <Coords points="1333,3452 1383,3445 1410,3455 1437,3441 1464,3445 1477,3431 1497,3441 1524,3441 1538,3428 1561,3441 1585,3438 1588,3358 1558,3354 1534,3371 1528,3364 1504,3374 1474,3354 1340,3381"/>
                <Baseline points="1354,3431 1414,3431 1503,3419 1593,3419"/>
                <TextEquiv>
                    <Unicode>we' hute</Unicode>
                </TextEquiv>
            </TextLine>
            <TextLine id="tr_1_tl_13" custom="readingOrder {index:12;}">
                <Coords points="1283,3535 3844,3398 2555,3358 1286,3455"/>
                <Baseline points="1300,3502 1342,3502 1432,3502 1521,3496 1611,3496 1700,3490 1790,3490 1879,3484 1969,3484 2058,3478 2148,3478 2237,3472 2327,3472 2416,3467 2506,3467 2595,3461 2685,3467 2774,3461 2864,3461 2953,3461 3043,3455 3132,3449 3222,3449 3311,3443 3401,3443 3490,3437 3580,3431 3669,3431 3759,3431 3848,3425"/>
                <TextEquiv>
                    <Unicode>wusste,sein unglückseliger Bruder sich zur Ein-</Unicode>
                </TextEquiv>
            </TextLine>
            <TextLine id="tr_1_tl_14" custom="readingOrder {index:13;}">
                <Coords points="1283,3687 3784,3629 3888,3519 1638,3609 1289,3535"/>
                <Baseline points="1306,3663 1390,3657 1479,3652 1569,3652 1658,3657 1748,3646 1837,3646 1927,3640 2016,3640 2106,3634 2195,3634 2285,3628 2375,3622 2464,3622 2554,3622 2643,3616 2733,3616 2822,3610 2912,3610 3001,3610 3091,3610 3180,3604 3270,3604 3359,3598 3449,3592 3538,3592 3628,3592 3717,3586 3807,3586 3896,3586"/>
                <TextEquiv>
                    <Unicode>lösung jenes furchtbaren Versprechens berechtigt</Unicode>
                </TextEquiv>
            </TextLine>
            <TextLine id="tr_1_tl_15" custom="readingOrder {index:14;}">
                <Coords points="1272,3848 3193,3811 3898,3707 1276,3760"/>
                <Baseline points="1294,3819 1312,3813 1402,3813 1491,3807 1581,3801 1670,3801 1760,3801 1849,3795 1939,3795 2028,3789 2118,3789 2207,3789 2297,3783 2386,3783 2476,3777 2565,3777 2655,3777 2744,3777 2834,3771 2924,3765 3013,3765 3103,3765 3192,3759 3282,3753 3371,3753 3461,3753 3550,3753 3640,3747 3729,3741 3819,3735 3908,3735"/>
                <TextEquiv>
                    <Unicode>und verpflichtet glauben könnte. Um seine plötz-</Unicode>
                </TextEquiv>
            </TextLine>
            <TextLine id="tr_1_tl_16" custom="readingOrder {index:15;}">
                <Coords points="1276,3985 3368,3972 3928,3915 3932,3747 3505,3854 1279,3848"/>
                <Baseline points="1294,3974 1336,3968 1426,3968 1515,3956 1605,3956 1694,3956 1784,3950 1873,3950 1963,3944 2052,3944 2142,3944 2231,3944 2321,3938 2410,3938 2500,3938 2589,3932 2679,3932 2768,3926 2858,3920 2947,3926 3037,3920 3126,3914 3216,3914 3305,3908 3395,3908 3484,3902 3574,3908 3663,3902 3753,3896 3842,3896 3932,3884"/>
                <TextEquiv>
                    <Unicode>lich verdüsterte Stimmung zu entschuldigen, hielt</Unicode>
                </TextEquiv>
            </TextLine>
            <TextLine id="tr_1_tl_17" custom="readingOrder {index:16;}">
                <Coords points="1279,4140 2102,4130 2223,4200 2481,4096 3730,4100 3734,3975 1283,4083"/>
                <Baseline points="1300,4123 1324,4123 1414,4117 1503,4117 1593,4117 1682,4111 1772,4111 1861,4111 1951,4099 2040,4099 2130,4099 2219,4099 2309,4093 2398,4093 2488,4093 2577,4093 2667,4093 2756,4087 2846,4081 2935,4075 3025,4075 3114,4069 3204,4069 3293,4069 3383,4063 3472,4063 3562,4057 3652,4057 3741,4051"/>
                <TextEquiv>
                    <Unicode>er es für angezeigt Paula mitzuteilen, dass er</Unicode>
                </TextEquiv>
            </TextLine>
        </TextRegion>
        <TextRegion id="tr_3" custom="readingOrder {index:2;}">
            <Coords points="1277,4156 3962,4156 3962,5225 1277,5225"/>
            <TextLine id="tr_3_tl_1" custom="readingOrder {index:0;}">
                <Coords points="1283,4304 3744,4251 3747,4160 1286,4234"/>
                <Baseline points="1300,4284 1336,4284 1426,4278 1515,4278 1605,4272 1694,4272 1784,4272 1873,4266 1963,4260 2052,4260 2142,4254 2231,4254 2321,4248 2410,4248 2500,4242 2589,4236 2679,4236 2768,4236 2858,4236 2947,4230 3037,4230 3126,4224 3216,4224 3305,4218 3395,4224 3484,4218 3574,4212 3663,4206 3753,4206"/>
                <TextEquiv>
                    <Unicode>seit einigen Wochen von ernstlichen Sorgen um</Unicode>
                </TextEquiv>
            </TextLine>
            <TextLine id="tr_3_tl_2" custom="readingOrder {index:1;}">
                <Coords points="1266,4462 3260,4432 3727,4371 3727,4267 1269,4378"/>
                <Baseline points="1288,4439 1318,4439 1408,4433 1497,4427 1587,4427 1676,4421 1766,4421 1855,4415 1945,4415 2034,4415 2124,4409 2213,4409 2303,4403 2392,4397 2482,4397 2571,4397 2661,4391 2750,4391 2840,4386 2929,4386 3019,4380 3108,4374 3198,4374 3288,4374 3377,4368 3467,4374 3556,4368 3646,4368 3735,4374"/>
                <TextEquiv>
                    <Unicode>den Gesundheitszustand seines Bruders gequält</Unicode>
                </TextEquiv>
            </TextLine>
            <TextLine id="tr_3_tl_3" custom="readingOrder {index:2;}">
                <Coords points="1276,4600 3787,4533 3787,4442 3327,4415 2961,4496 2377,4412 2206,4489 1279,4476"/>
                <Baseline points="1294,4594 1378,4588 1467,4582 1557,4582 1646,4576 1736,4570 1826,4570 1915,4565 2005,4565 2094,4565 2184,4559 2273,4559 2363,4553 2452,4547 2542,4547 2631,4547 2721,4541 2810,4541 2900,4541 2989,4535 3079,4529 3168,4529 3258,4529 3347,4529 3437,4523 3526,4523 3616,4523 3705,4517 3795,4511"/>
                <TextEquiv>
                    <Unicode>werde, der sich in seinem Beruf seit jeher mehr</Unicode>
                </TextEquiv>
            </TextLine>
            <TextLine id="tr_3_tl_4" custom="readingOrder {index:3;}">
                <Coords points="1256,4761 3801,4711 3831,4613 3337,4536 3200,4643 1259,4697"/>
                <Baseline points="1277,4744 1330,4750 1420,4744 1509,4738 1599,4738 1688,4732 1778,4732 1867,4726 1957,4720 2046,4720 2136,4714 2225,4714 2315,4714 2404,4708 2494,4708 2583,4714 2673,4708 2762,4702 2852,4696 2941,4696 3031,4690 3120,4690 3210,4684 3299,4684 3389,4684 3478,4684 3568,4684 3657,4678 3747,4672 3837,4678"/>
                <TextEquiv>
                    <Unicode>zumute als auch die angespanntesten Kräfte dau-</Unicode>
                </TextEquiv>
            </TextLine>
            <TextLine id="tr_3_tl_5" custom="readingOrder {index:4;}">
                <Coords points="1269,4925 3499,4882 3764,4781 1269,4848"/>
                <Baseline points="1288,4899 1354,4899 1444,4893 1533,4893 1623,4887 1712,4887 1802,4881 1891,4881 1981,4881 2070,4875 2160,4869 2249,4869 2339,4863 2428,4863 2518,4863 2607,4863 2697,4863 2786,4857 2876,4857 2965,4851 3055,4845 3144,4845 3234,4845 3323,4839 3413,4839 3502,4833 3592,4833 3681,4827 3771,4833"/>
                <TextEquiv>
                    <Unicode>ernd zu leisten vermöchten. Er sprach von ihm</Unicode>
                </TextEquiv>
            </TextLine>
            <TextLine id="tr_3_tl_6" custom="readingOrder {index:5;}">
                <Coords points="1259,5077 3700,4996 3952,5097 3955,4919 3321,4842 3045,4962 1259,4979"/>
                <Baseline points="1277,5060 1366,5054 1456,5048 1545,5048 1635,5048 1724,5048 1814,5042 1903,5036 1993,5030 2082,5024 2172,5024 2261,5024 2351,5018 2440,5018 2530,5018 2619,5018 2709,5012 2798,5012 2888,5006 2977,5000 3067,5000 3156,5000 3246,4994 3335,4994 3425,4994 3514,4988 3604,4988 3693,4988 3783,4982 3872,4988 3962,4994"/>
                <TextEquiv>
                    <Unicode>im Tone grösster Liebe, ja in den Ausdrücken innig-</Unicode>
                </TextEquiv>
            </TextLine>
            <TextLine id="tr_3_tl_7" custom="readingOrder {index:6;}">
                <Coords points="1262,5238 2078,5332 2679,5167 3821,5154 3851,5063 1266,5120"/>
                <Baseline points="1282,5215 1348,5209 1438,5197 1527,5197 1617,5197 1706,5191 1796,5191 1885,5185 1975,5179 2064,5179 2154,5173 2243,5173 2333,5167 2422,5167 2512,5167 2601,5161 2691,5161 2780,5155 2870,5155 2959,5155 3049,5155 3138,5149 3228,5149 3317,5143 3407,5143 3496,5143 3586,5137 3675,5137 3765,5137 3854,5137"/>
                <TextEquiv>
                    <Unicode>ster Schwärmerei und fühlte dabei sein Herz von</Unicode>
                </TextEquiv>
            </TextLine>
        </TextRegion>
    </Page>
</PcGts>
