4936 5828
2183 497 2490 666 1:10
1980 497 2145 700 .1.
2893 497 3476 739 '̃' ̃:̃
4064 484 4345 739 48
2551 666 4125 899 mit stille stehendem Herzen richtig
1855 683 2460 908 Und plötzlie
1224 765 4298 1038 die Berge ging und Robert, der keinen Schlaf fand, sich im Dunkel
1206 1029 4302 1237 neuerdings die Einzelheiten seines Abschieds von Alberta ins Ge-
3589 1116 4337 1267 Einzige gewesen
1206 1141 4242 1410 dächtnis zurückzurufen suchte; xxx Geine Unfähigkeit sich über
3999 1288 4384 1423 qualti
1219 1388 4341 1600 den Zusammenhang der Ereignisse enägliwig klar zu werden, pühmiss.
4056 1479 4341 1613 zu ihn
1306 1509 2175 1665 im Mährstr.
1206 1582 4073 1777 te ihn xxxer. Er erinnerte sich gewisser Auftritte aus der
3775 1621 4488 1786 eifermichtiger
1189 1652 4328 1946 früheren Zeit seines Verhältnisses mit Alberta, in denen ihm Zorn
4134 1820 4341 1950 Bett
1587 1859 2279 1989 the berueh
1202 1937 4146 2145 und Eifansucht die Sinne ### umnebald gedacht, und er sich nur
4233 1989 4419 2166 als.
1193 2119 4255 2292 mit Aufbietung aller Kräfte vor einem tätlichen Angriff zurück-
4121 2162 4311 2352 hrung
1189 2279 4116 2478 gehalten hatte. Da nun diesmal das, was seinem furchtbar auf-
4064 2322 4302 2456 mitte
2694 2356 3329 2499 sein mochte
1176 2443 4203 2655 steigenden Groll tatsächlich gefolgt war,völlig aus seiner Er-
1176 2650 4440 2849 innerung geschmunden war, so gab es durchaus keinen Beweis, dass er
3373 2724 3628 2828 te
1176 2754 4056 3027 dasjenige, was ### in Absicht und Wunschmehr als einmal
3852 2849 4224 3027 Hôtel
2897 2897 3165 3009 wines
1959 2914 2694 3079 cudlid immel
1345 2927 1764 3053 gebühl
1180 2996 4419 3208 vollbracht, nicht wirklich gesehen xxx. Dass man im Hotel
2473 3087 3139 3195 gethan hatte.
1172 3139 4583 3360 dem Verschwinden Albertens keine Bedeutung beigelegt hatte, worden, war
1146 3325 4134 3554 liess sich ohne Schwierigkeit erklären. Er selbst hatte viel-
1150 3528 4168 3662 leich t erzählt, dass sie vor ihm abgereist war, hatte vielleicht
3762 3584 4371 3727 sollte
1219 3619 3122 3744 den Ort angegeben, wohin man die
830 3705 4311 3878 gegeben, ihr das Gepäck inganduchen nachzuschicken, und al-
1725 3770 4436 3909 mit der Raffinnheit eines schreven Verbreibers noch auch der
800 3848 1665 3982 and   andies
1137 3891 4185 4108 les Hehnige dazu getan, um die Spuren seiner Tat mit den ganzen
2901 3926 4419 4112 Ummöglichkeit der Entdeckung.
2132 3991 2503 4125 gehaltenen
1146 4069 4246 4268 Raffiniarthait ainas Verbranhaus bis zur Unkanntlichkeit zu ver-
3178 4129 4389 4263 sondern auch dabeim,
2196 4181 2672 4298 dentten
1133 4281 4112 4402 wischen. All dies war möglich, ja, mehr als das, wahrscheinlich.
2235 4350 3260 4458 sant in fepbera
1604 4345 1954 4471 wert
1141 4324 4406 4553 Denn wie andans war die nöthältige Lücke seines Gedächtnisses, die
1146 4505 4540 4665 die sich im jener abendlichen Scheidertin die bis zu reisen Abreise aufgeführt
1133 4626 4510 4808 zu begreifen, als aus dem unbewussten, und bisher wohlgeglückten
3883 4674 4527 4886 evoulu
2919 4691 3390 4808 ten hatte
1111 4782 4198 4990 Bemühen das Ungeheuere zu vergessen, dessen Erinnerung zu ertra-
3398 4864 4246 5037 Ihre Art mit gerum
1111 4938 3014 5180 gen er nicht stark genug gewesen wäre.
3040 4964 4108 5206 and zu erwarten, wie sel
