4856 5800
2408 356 2891 694 1.° 1.°1.
3265 426 3607 699 Monsieur, il y a
690 852 4227 1103 genommen und müsste. Ach Unsinn über unsinn! Eine fragwürdige Erscheinung,
2531 962 3084 1103 ind you
1257 1033 4249 1265 Freund Leinbach, besonders als Arzt—Den konnte man
1239 1217 4275 1441 natürlich anschwindeln,wie man nur wollte; es war keine Kunst.
1235 1428 4218 1626 Mit Otto würde man kein so leichtes Spiel haben. Nein, das war
1239 1599 2711 1810 eine andere, eine heikle Sache.
2803 1648 3067 1801 The
1705 1696 4403 1894 Enstand von den Tor seines Gasthofs. Man öffnete
2838 1841 3805 1973 wesen is standen
830 1859 4253 2171 wir den xxx er die Treppenhinaufging, xxxer plötzlich wieder den
3089 2030 4130 2140 die Wände eines
1204 2140 4156 2324 damals vor zwanzig Jahren, dass es eigentlich in
2399 2219 3045 2333 I am in
1204 2223 4253 2487 kleinen alter Palast war, in dem er sich befand; und das verbli-
1204 2456 4288 2680 chene Rot des Stiegenteppichs leuchtete wie Purpur unter seinen
1182 2645 4231 2786 Füssen. Zum wievielten Male schritt er wohl diese Treppe jetzt
1186 2821 4236 3040 hinauf? Zum hundertsten,zum tausendsten Male? Und immer wieder'
3304 2913 4165 3058 vernergeliebter
1182 3005 4253 3137 Wie oft war sie der arme Höhenburg hinaufgegangen zu der Schau-
3888 3098 4552 3278 undging no
3194 3111 3568 3216 inna
1186 3124 4192 3379 spielerin, seiner Geliebten? Und ging er sie xxxe noch? Jetzt,
1173 3326 4275 3497 für ewige Zeiten? Zum Teufel mit den unsinnigen Gedanken! Jeden-
1406 3489 2469 3620 wollte sie nicht en stören.
1164 3480 4047 3757 falls war xxx diese Treppe. Nun endlich war er oben.
2219 3673 4130 3761 du welche hier leurs verlor ou à des gens
1147 3743 4130 3950 Hier sah es freilich nicht eben fürstlich aus. Jäh verlöschte
1147 3919 4227 4121 die Beleuchtung im Stiegenhaus. Robert schrak zusammen. Aber er
1134 4060 4165 4205 fasste sich rasch. Offenbar hatte man ihn schon in seinem Zim-
1138 4258 4170 4477 mer vermutet. Er zündete ein Streichholz an und leuchtete sich
1125 4446 4209 4574 so zur Türe. Als er sie hinter sich geschlossen hatte, atmete er
1125 4657 2645 4833 auf, wie einer Gefahr entronnen.
2351 4728 2685 4881 uft no
1964 4895 2403 5013 ich, einer
2821 4842 3432 5022 Schmieds fol
1573 4943 4170 5163 Am nächsten Tag um die Mittagsstunde, mit einem aufge-
2355 5079 2803 5277 eingetroffe
