5000 5828
2527 422 2982 637 ,,,,,, 1,1
4033 438 4252 691 65
3259 678 3756 898 Kertuel
1477 695 2138 898 aussi françois
2291 645 2461 885 G.C.
1146 765 4343 1092 Freien herumgelaufen sei und liess die namen xxx unerwähnt.
2221 964 2610 1092 No, dass
1133 964 4380 1208 Er habe sich im Ganzen recht wohl gefühlt, nur ausnehmend viel xxx
1882 1137 2155 1237 am, in
1142 1129 4471 1427 geträumt; die ganzen Nächte durch, tolles Zeug, wahrhaftig! Lein-
1973 1324 2155 1431 a8s.8
1142 1315 4186 1564 bach zuckte die Achseln. Was und wieviel Robert auch geträumt
4264 1365 4550 1568 inbach
1125 1547 4240 1733 haben mochte, was war das gegen seine eigenen Träume? Er erlebte
1113 1675 4215 1903 Jahre, Jahrzehnte im Schlaf. Einmal, noch als Gymnasiast, hatte er
1125 1874 4198 2122 in einer Morgenstunde vor dem Erwachen den ganzen dreissigjähri
1125 2018 4000 2312 gen Krieg durchgemacht. „Aber doch nicht sehr ausführlich?“
4128 2085 4401 2205 solcher
3880 2163 4509 2345 nehmiton
745 2205 1634 2354 sekeurdigte nich
1096 2200 4136 2449 Robert lächelnd nur den kleinen Plötz
3491 2345 3735 2490 left
1121 2387 4211 2631 - „Immerhin“,erwiderte Leinbach ernst, von 1618 bis
4178 2618 4368 2784 aus,
1104 2631 1410 2813 1648."
1572 2738 4252 2949 Sie schritten einen Waldpfad bergan. „in früheren Jah-
1088 2887 4149 3144 ren“, sagte Leinbach, „pflegte meine Frau mich auf solchen Sonn-
1092 3119 4173 3354 tagsausflügen zu begleiten. Jetzt, nach den vier Kindern, hat sie
1088 3255 4136 3499 es aufgegeben, lässt mich allein diese Touren machen und widmet
2639 3425 2957 3499 meine
1063 3487 4165 3677 sich der Häuslichkeit - oder was sie sonst treiben mag." Robert
1071 3661 4049 3867 blieb stumm. Er fand die Bemerkung seines Freundes ebenso ge-
2651 3772 3445 3909 Frau Leinbach
1059 3843 4066 4066 schmacklos als lächerlich, da er xxxx als ein höchst
1046 3983 4045 4215 hausbackenes, braves und völlig anmutloses Wesen kannte,- wie
1046 4145 4153 4393 sich Leinbach denn überhaupt schl gehütet hätte ein Wesen ande-
1046 4376 4219 4595 rer Art zur Ehe zu nehmen, da ihm seelische Unbequemlichkeiten
1022 4521 3177 4777 noch weit verhasster waren als körperliche.
3888 4554 4269 4790 England
1518 4748 4020 4935 Während sie weiter hinanstiegen, surschen sie
1088 4823 1315 4955 Und
1022 4889 4103 5096 von vorgangenen Tugontorinnenten sich gemeinsamen Eheandbekann-
1022 5038 4103 5323 ter, und zu geschehen an, dass auch die gestalt ferne seit in Nohn-
