4920 5812
2671 394 3036 653 dans une lettre est
1429 455 1786 621 G.C.H.P.
1108 434 1319 621 2 11
3133 390 3491 641 G.C.H.
4043 455 4229 649 52
2013 552 2399 727 davn
1214 613 4124 994 werde es auch Otte nicht sagen. Nein, nein, so leicht soll es
1201 897 2525 1149 Euch nicht gemacht werden.
2594 925 2760 1112 Ce Votre
1684 1003 4124 1307 En schlief allmählig ein, während die Lampe weiter
1952 1218 2253 1307 Non
1214 1214 4051 1534 brannte, allmals der Schlaf -
1680 1571 4083 1794 Als er am nächsten Morgen in die kühle Herbstluft
1193 1774 4160 1964 hinaustrat, und den Himmel mit trüben unruhigen Wolken bedeckt
2756 1883 3040 2001 der
1205 1940 4083 2216 sah, senkte er xxx missmutig xxx Blick, ohne eine junge
1214 2094 4140 2309 weibliche Gestalt zu beachten, die in einer weissen Wolljacke
2037 2253 2679 2391 am Hohel
1205 2220 4237 2529 auf der Bank neben den Eingang sass. Doch als er von dort zwei
3186 2382 3998 2520 die seiner bin
1205 2468 4213 2663 Augen auf sich gerichtet fühlte,wandte er seinen Blok und er-
1863 2610 2431 2736 Rertner, die
1201 2642 4176 2845 kannte Fräulein xxxh. „Ist es möglich“, rief er mit einem Aus-
2687 2667 4457 2861 denen lebetrscherkeit erfert cinofaad
1193 2817 4209 3024 druck der Ueberraschung, ja der Freude,- „Es ist sogar gewis s
3750 2890 4339 3068 duiter sic,
1201 2999 4176 3219 erwiderte Paula,ihm die Hand entgegenstreckend. „Gestern sind
1201 3158 4185 3361 wir in Wien angekommen und sofort wieder hier heraufbefördert
1977 3304 3470 3446 Aber bren sie sich nicht storen,
1201 3377 4250 3637 worden, Mama und ich. Sie wollten gewiss Ihnen Maugenspazierg ag
3227 3462 3515 3637 ewer
1189 3576 1839 3767 unternehmen? -
1676 3657 4286 3888 „Damit eilt es nicht. Wenn Sie erlauben, so leiste ich
2537 3840 2943 3957 Muller
1169 3827 3750 4112 Ihnen Gesellschaft bis Ihre Staat.Kassa herunterkommt.
1676 4075 4477 4278 „Ach nein“ sagte Paula und stand auf. Das könnte dürfte
1664 4217 2460 4351 sagte voulu
1035 4172 1469 4383 I haver you
1149 4213 4408 4517 neen lang dauern. Mama könnte uns wohl auch nachkommen das heiz ist,
1165 4428 4160 4688 wenn sie es nicht vorziehen allein zu sein. Da er zu dieser
4095 4530 4278 4647 me
1157 4570 4343 4814 Bemerkung nur lächelte, trat ein vom Tere weiter fort, liess einen
1157 4737 4010 5013 ziemlich kräftigen Pfiff-vernehmen, worauf an einem Fenster
1165 4911 4026 5211 des ersten Stockwerks, in einem hellblauen Morgenkleid, Prau
3657 5094 4087 5305 Rote d
3393 5171 3629 5349 9.
873 5155 3405 5362 Und nun auch nur zu vernehmen als
877 5256 4006 5621 Eben unentheilung werden sollt ich nicht auf den Orts
873 5427 2663 5682 avec été impulée,  conte
