4872 5748
1411 358 1797 592 G.C.H.P.
1834 341 2361 588 "F.H.F.P
2521 469 2706 592 11.
4038 465 4256 736 an
2369 609 2788 818 selbliche
1254 720 2167 946 delt werden war.
2340 777 2587 913 G.H.F.P
1139 740 4277 1102 diesen gewählt, nicht nur, weil seine Geldmittel, wenn auch noch
2270 975 2537 1077 iches
1123 975 4224 1258 leidlich zusammengehalten, ihm einen längeren Aufenthalt in ei-
2410 1152 2731 1258 egel, de
1123 1176 4145 1415 ner der moderneren Fremdenherbergen nicht gestatteten, sondern
1135 1357 4277 1592 auch, weil er gerade hier in einem Zimmer des vierten Stockwerks
1135 1501 4310 1723 vor vielen Jahren in Gesellschaft eines längst verstorbenen
3779 1608 4322 1756 frokleite
1608 1694 2019 1818 wir von
1127 1653 4178 1974 Freundes und dessen Geliebte hier wohnte manche schatten-
1123 1814 4376 2159 los heitere Stunde verbracht hatte. In seiner Erinnerung hat te schon
1131 2015 4224 2336 er das Bild des Gasthofes sonderbarerweise wie das eines kleinen
1123 2196 4285 2439 alten Palast es auf ewahrt; und suchte nun vergeblich nach den
2143 2361 2969 2505 verblichner Fudl
1147 2340 4088 2636 verblichenen Spuren einer Vornehmheit,die damals eine solche
1176 2422 1378 2542 vnd
2299 2505 3862 2673 oder begründigt haben nur allen
1201 2603 1633 2714 Tauxling
1131 2603 4224 2809 Wirkung offenbar hervorgerufen hatten. Weder gab es kunstreiche
3364 2706 3714 2821 werem
1127 2731 4084 2969 Zierrate an dem eisernen Treppengeländer, noch Reliefs an den
1238 2875 3792 3072 die Reliefs zu nehmen, die verstellte und der
1119 2928 4034 3200 Flurdecken nach zerschlissene Purpur des Stiegenteppich¬
1320 3068 3409 3241 in einem oben und ärztlichen Sie purrott.
1123 3113 4137 3364 schimmerte ###lich und blaas. Doch das Zimmer, das man ihm en-
1123 3253 4174 3529 wies, hochgewölbt mit zwei breiten Fenstern, behaglich eingerich-
1127 3454 4174 3714 tet und mit dem Ausblick auf die grünpat inierte Kirchenkuppel,
1119 3619 4067 3882 versöhnte ihn mit dem etwas trübseligen ersten Eindruck. Er
1110 3792 4125 4084 liess sein Gepäck heraufschaffen und machte sich sofort daran
3911 3944 4158 4047 auch
1119 3969 4108 4281 mit Hilfe einiger Kleinigkeiten aus eigenem Besitz, die er auf
1110 4162 4137 4462 Reisen stets mit sich zu führen pflegte,wie Briefmappe,Papier-
1094 4310 4400 4639 messer,Aschenschale und dergleichen, dem Gasthofzimmer einen leisen
1094 4520 4170 4824 Schein von Häuslichkeit zu verleihen, Nachher begab er sich in
2089 4709 2361 4803 tenster
1114 4717 4228 4968 das Badezimmer, dem wohl anzumerken war, dass es nur nach der Wi-
1098 4882 4207 5141 derwillig anerkannten Forderung einer neuen Zeit aus irgend ei-
1086 5038 4236 5416 nem unbenützten Bodenraum zu sei nach jetziger Bestimmung ungewan-
