4936 5832
2724 371 4381 683 heimste  geme die gelegen
823 463 1086 767 Xx
1238 515 3419 779 xxx keine: Unterbrechung; gönnete xxx
1234 683 4405 947 liebt gewesen war, dass sie Zigaretten rauchte und besonders, daß
2836 807 3518 935 ner solchen, in
1250 799 4261 1134 sie vom Semmering abgereist war, ohne ein Wort der Aufklärung
2903 1002 3451 1106 den Lebenswe
1238 982 4333 1254 für ihn zurückzulassen. Dabei war er sich völlig klar über das
2844 1166 3295 1294 Uds ange¬
1242 1194 4305 1450 Ungerechte, ja Unsinnige all dieser Beschuldigungen, die er sehr
1238 1402 4345 1669 wohl als das erkannte,was sie waren, als vorwände für das diesmæ
1250 1546 4245 1813 vorzeitige Erwachen eines Hasses, das sich in früheren Fällen
4369 1653 4541 1869 a.
1238 1733 4289 1989 seinen Zäntlichkeitsgefühlen immer erst allmählich beigesellt
1865 1753 2153 1857 Siebes
1226 1881 4433 2177 hatte. Was er jetzt in sich erlebte, war nur ein Beispiel mehr
1250 2105 4301 2308 für das unheimliche Auf und Nieder seiner Empfindungen, die dem-
2592 2225 3890 2348 von tädlichkeit und
1238 2280 4241 2484 selben Menschen gegenüber z### opferbereiter,verzehrender
2588 2424 2864 2544 his is
1933 2440 2408 2572 seine
1226 2428 4261 2688 Leidenschaft und Zäntlichkeit und Abneigung,Widerwillen, Grimm,
1226 2584 4273 2899 Wut und Todeswünschen hin und her zu schwanken vermochten. Und
2776 2768 3031 2872 den
1222 2792 4197 2999 wo ist am Ende der Unterschied, fragte er sich, zwischen einem
1242 2943 4249 3183 Todeswunsch und einem Mord? Gedanken vergehen; Taten sind unwi
1230 3099 4257 3423 deruflich. Ist das nicht eine Tücke der Vorsehung? Die Empfin-
1226 3339 4253 3594 dung, durch die eine Tat möglich geworden, ist längst erloschen,
1230 3522 4373 3742 ist vielleicht in ihr Gegenteil umgeschlagen; und die Tat bleibt
1218 3682 4281 3950 getan. Nehmen wir an, dasgoft,das ich Theresen gab, hätte nicht
1210 3878 4193 4106 gewirkt. Am nächsten Morgen wäre sie wieder aufgewacht, lebte
1234 4054 4237 4345 vielleicht heute noch und kein Mensch ahnte, was geschehen ist
2676 4193 3075 4337 given
1214 4193 4225 4457 oder vielmehr was beabsichtigt war. Ich selbst würde es nicht
1214 4369 4213 4661 ahnen, denn ich hätte es ja vergossen. Ich habe es vergessen.
1194 4625 3570 4848 ab ich wirklich? Nein, ich erinnere mich ja....
1494 4769 4090 5020 „Habe ich dich lange warten lassen?“ fragte Otto
1202 4988 3479 5252 und dieGartentüre fiel hinter ihm ins Schloss.
