4952 5816
4183 403 4342 634 39
1989 347 3485 673 in Augenschein (rebener)
1337 574 4355 836 tigung frei stände, nochmals schon zu können. „Für morgen aber
1312 759 4758 1020 lade ich mich wieder zu Tisch bei Euch ein, wenn ich nicht doch allein
1835 926 2049 1033 lilit
1320 982 4415 1153 setzte er hinzu, vielleicht für ein paar Tage auf den Semmering
1303 1110 4342 1303 fahre." - „Unruhiger Geist“, rief Marianne ihm xxx Ab-
1294 1307 1929 1513 schied nach.
1762 1346 4252 1723 Als er aus dem Tore trat stand gegenüber vor einem
1282 1680 4346 1843 grossen Spiegelfenster,eine Zigarre rauchend, ein Herr von frag-
3695 1805 4278 1925 Rasshert
1260 1830 4325 2070 würdig-verdächtiger Eleganz, der mit auffallender Harmlesigheit
1252 2032 4192 2182 den Blick wandte, als Robert ihn ins Auge fasste. Sind wir so
1230 2152 4295 2417 weit; dachte er flüchtig. Dann aber lachter er. Es wäre das Neu-
1230 2417 4235 2550 este, sagte er vor sich hin, wegen einer Wahnidee verhaftet und
1222 2580 4389 2756 zur Rechenschaft gezogen zu werden. Denn dass es nur eine törich-
1200 2717 4248 2889 te Einbildung gewesen war, die ihn früher überfallen, dessen war
1187 2889 4196 3142 er jetzt wieder ganz gewiss. Ob man aber nicht doch, dachte er
1187 3052 4316 3318 dann weiter, vorsichtsweise an die Hoteldirektion schreiben soll-
1170 3258 4218 3519 te? Und wäre es auch nur,um etwaigen Verdächtigungen gegenüber
1166 3468 4372 3716 eine Bestätigung in der Hand zu haben, dass Alberta an jenem Abend
1149 3588 4106 3810 gleichfalls heimgekommen und dass sie am nächsten Tag in Ge-
1140 3819 4119 3965 sellschaft eines anderen Mannes abgereist sei? Er warf einen
1110 3978 4252 4252 Blick nach der Seite. Die bedenkliche Erscheinung des eleganten
1110 4132 2250 4363 Herrn war verschwunden.
2113 4162 3510 4415 relste receive to my fort
3900 4209 4102 4449 eil.
1577 4321 4256 4616 Robert spasiert durch die strassen weiter, sehr nach,
1106 4518 4291 4745 ohne nach rechts oder linke zu schauen und zwang sich an irgend-
1093 4723 4196 4865 etwas möglichet Gleichgültiges zu denken. Er versuchte sich den
2447 4848 4483 5053 - nebeschaffigte xxx
1063 4908 4171 5152 Anhalt seiner letzten Arbeiter niederösterreichischen Volks-
2507 5006 2756 5152 des
1552 5049 2597 5311 - par nouvelle,
