4904 5800
1089 388 2411 709 Monsieur le précédé au 1er de la nouvelle 1er
1105 622 4234 1043 musikalischen Kaffee- und Havannah-Phantasien hinzugeben. Und (6)
2882 863 3058 968 me
1105 863 4209 1168 stand er denn auch jetzt auf, als hätte es einer Aufforderung zu
3491 984 4171 1130 une héteresse.
2878 1030 3220 1160 begal
1101 1064 4046 1356 gehorchend begab sich ins Nebensimmer, setzte sich ans Klavier
1126 1243 4088 1502 und spielte allerlei Ernstes und Heiteres, Klassisches und Ba-
1110 1427 4105 1660 nales nach-und durcheinander, ähnlich wie jener Pianist in der
3771 1481 4371 1681 Übergingen
1105 1577 4230 1848 Bar, wohl mit geringerer Sicherheit und xxx mühseligenen
1356 1652 1614 1760 zéran
1110 1760 4463 2019 hängen, doch nach eigenen Gefühl, mit edlerem Ausdruck als jener
1110 1973 4059 2248 als xxx. Plötzlich liess er die Hände auf den Tasten ruhen,
1114 2148 4050 2449 wandte sich nach Marianne um, die in einer Diwanecke sitzend,
2148 2307 2674 2419 beschäftigt
1122 2319 4071 2578 mit einer Stickerei in der Hand, seine Spiele gefolgt war, und
1126 2490 4184 2749 meinte: „Nun ist’s genug. Es geht ohnehin nicht recht.“ Und da
1147 2536 1406 2649 sigh
1114 2665 4025 2928 sie eine Einwendung erhob, fuhr er fort! „Auhh ist es höchste
1105 2803 4426 3137 Zeit, dass ich mich wieder auf die Wanderschaft mache. Ich muss bin
1381 3012 2574 3174 auf Wohnungsruch
1122 3024 4009 3299 wegen eifer Wohnung schlüssig werden."- „Ob du nicht lieber
2282 3195 2536 3320 sagh
1118 3162 4067 3483 noch warten solltest, meinte Marianne,-de du schon einmal im
1385 3216 1952 3354 eine Weile
1105 3354 4059 3625 Hotel abgestiegen bist... Es könnte sich ja doch fügen, dass du
2207 3533 2707 3662 Wohnung
1118 3571 4050 3858 bald eine geräumigere Weinung benötigest“. Robert, solo her An-
1618 3729 2353 3875 Marianner
1118 3700 4259 3992 spielungen von dieser Seite nicht ungewohnt, schüttelte den Kopf
1122 3904 4142 4188 und sagte: „Zu dem, was du meinst, Marianne, ist es nun doch all-
1114 4088 4025 4380 mähl ich zu spät geworden".- „Warum?“ erwiderte sie lebhaft.
1114 4280 4163 4572 „Es komnt ja doch noch. Eines schönen Tages wirst du uns über-
2286 4430 3174 4568 eure bestimile Pécon
1105 4467 4167 4688 raschen." - Denkt sie an irgendwen, fragte er sich. An Fräulein
1026 4626 2036 4780 Restner am Encl.
1256 4622 4121 4901 Ich habe doch kaum drei Mal mit ihr gesprochen. Sollte
1118 4809 4117 5093 man trotzdem schon hieher berichtet haben? Dann fiel ihm ein,
1105 4985 4271 5264 dass an verschiedenen Orten der Schweiz Bekannte ihn mit Albert a
