4920 5828
2741 482 2919 672 G.C.H.
1817 419 2417 719 .1.,,1.
3168 411 3749 656 Monsieur, éviter avec les
4128 446 4309 652 37
2504 592 2947 782 1/2/17
1268 585 4388 999 den Ueberlegenen gespielt und freundschaftlich-väterlich Alberta
1280 857 4456 1098 zur Annahme jenes Antrages geraten, da er ihrer Zukunft nicht hin¬
1288 1035 4325 1347 derlich im Wege stehen wolle. So hatten sie sich am Ende dahin
2650 1201 2824 1292 G.C.F.P.
1264 1221 4226 1525 geeinigt, dass sie noch heute Abend dem Amerikaner ihr Jakort
2781 1331 3693 1493 Morgen derenf
2445 1386 2801 1489 o am
1280 1386 4365 1651 erteilen und dass Robert morgen mit dem Frühesten, ohne sie noch
1276 1604 4278 1805 einmal zu sehen, einfach abreisen solle. Robert erinnerte sich
2172 1584 2485 1698 llein.
1276 1698 4274 2054 auch sehr deutlich, wie er um sechs Uhr margang seine Rechnung
1280 1896 4333 2180 bezahlt und xxxx in einem nicht eben unange-
1268 2113 4369 2402 nehmen Gefühl von Baffeitheit mit einem letzten kaum wehmütigen
1272 2228 4246 2504 Blick nach dem Fenster, hinter dessen geschlossenen Vorhängen
1280 2485 4270 2753 Alberta noch sch lafen mochte, die Bergstrasse hinuntergefahren
1268 2658 4282 2860 war und das Schiff nach Luzern bestiegen hatte. Woran er sich
1284 2832 4424 3057 aber durchaus nicht zu erinnern vermochte, das war der Augenblick
1560 2994 2532 3140 und die tut, in der
1280 2998 4306 3314 in dem pr von Alberta den endgiltigen xxxx Abschied ge-
1268 3180 4381 3389 nommen hatte. Noch sah er sich mit ihr auf einem schmalen Pfad,
2876 3294 3527 3436 alvorigend
1268 3377 4361 3571 der von dem breiteren Spazierweg abrührte, ins Dunkel des Waldes
3113 3488 3472 3598 spater
2248 3519 2824 3646 entrais rich
1264 3547 4250 3843 n. Er wasste auch, dass er, schon in der Finster-
1501 3555 1856 3677 fritile
1272 3729 4388 4021 nis, allein, von schweren Müdigkeit befangen, auf einem Baum-
1268 3899 4349 4096 stumpf gesessen war; aber wie er den Weg ins Hotel zurückgefun-
3571 4001 3780 4124 ens
1268 4088 4234 4278 den, was er in seinem Zimmer getan, das dem Albert### natürlich
1252 4278 4270 4546 benachhart war,wie er zu Bett gegangen und wie er des Morgens
1256 4448 4282 4736 wieder aufgestanden war, davon wusste er gär nichts mehr. Erst
1256 4578 4333 4835 beim Bezahlen der Rechnung in der Hotelhalle,wo eben der Boden
1872 4787 2346 4910 schuldigen
1252 4831 4294 5084 gefegt wurde, setzte sein Gedächtnis wieder ein. Und plötzlich,
3440 4906 3697 5032 das
1260 4985 4321 5269 mit einer bohrenden Angst, fragte er sich, ob jenes Gespräch mit
