4952 5812
917 436 1166 681 1.10.
1173 446 2670 813 G.C.H.F. Auszug, s. w. A. v. F.
2785 416 3669 796 1/2
3447 1494 3643 1632 53
1107 1645 3663 1845 Das dürfte Ihnen zu lange dauern“, sagte Paula.
1134 1802 3732 2035 „Mir übrigens auch. Eben war ich im Begriff mich
1114 1995 2759 2169 allein auf den Weg zu machen.
1651 2097 3692 2336 Robert bat um die Erlaubnis sich an¬
1114 2264 3748 2497 schliessen zu dürfen.Paula hatte nichts dagegen,
1114 2444 3617 2608 liess einen leisen trat vom Tor weg gegen die
1933 2552 3086 2673 spitzte die Lippen zu
1114 2621 3741 2775 Mitte der Strasse und liess einem leisen eigen-
2850 2703 3057 2801 ein
1114 2742 3748 2926 tümlichen Pfeifen, auf das an einem Fenster
1120 2886 3722 3119 des ersten Stockwerks Frau Kestner im hellblau-
2916 3001 3122 3099 rie!
1124 3070 3591 3250 en Morgenkleid sichtbar wurde,und zu ihr
1104 3224 3610 3391 hinauf: „Ich gehe ein stück voraus,Mama, gegen
1117 3384 3604 3604 die Kampalm zu, der Herr Sektionsrat begleitet
1107 3529 3604 3735 mich.“ Frau Kestner erwiederte freundlich Ro-
1114 3683 3663 3873 berts stummen gruss. „Wie hübsch, dass Sie auhh
1127 3794 3666 4056 da sind, Herr Sektionsrat aber bitte sich nicht
1117 3981 3404 4223 aufhalten zu lassen,ich komme schon nach,
1717 4144 3565 4371 Paula schlug sofort ein lebhaftes
1120 4331 3604 4525 Tempo ein und ohne Rücksicht auf die stattge-
1104 4482 3617 4656 habte Unterbrechung fuhr sie fort: „Das pflegt
1107 4639 3689 4829 der Papa nämlich immer zu tun, wenn er sehr in-
1111 4783 3725 5029 tensiv und mit besonders schwierigen Dingen be-
