4856 5784
3641 279 4015 595 120 L
825 423 1305 722 V. P. I. S. r.
878 513 3908 915 te sich mit leichten Vorwürfen, warum er sie von seinem Vorsatz
878 784 3896 1059 nicht verständigt und sie nicht mit hinaus aufs Land genommen
3485 866 3928 1002 Faula
891 932 3904 1236 habe. Sie sassen, wie es setzt manchmal der Fall war,in dem an-
878 1092 3781 1461 mutigen, ganz in Weiss gehaltenen Mädchenzimmer, wo von einer
4323 1092 4491 1244 res
4314 1215 4557 1396 leurs
891 1256 3949 1576 rötlichen verhängsten Seitenlampe über Bilder und Teppiche ein
2011 1322 2332 1445 Werken
883 1416 3875 1736 mildes Licht fiel. Robert beschwichtigte Perlamit Küssen, die
1121 1560 1539 1675 wthches
2615 1585 4199 1749 Robert a which in die hime tog
2627 1667 3949 1843 amste mit Zärtlichkeit in
891 1675 2590 2011 heisser waren als sonst und können
328 1773 702 1970 oberting
915 1806 3805 2151 saine Anna zog, kam ihm xxxn einfall, den ihm für das Galingen
271 1933 817 2106 stoiles pofollent
907 1970 3916 2291 sainen weiteren Pläne sehr dienlich schien und ihn dabei, wenn
2217 2011 2562 2143 wert
201 2077 813 2229 in some time
985 2155 3169 2385 avec une clé. au dernier de l'intérieurement
915 2221 3826 2553 an sich doch etwa anders entschliessen wollte, zu nichts ver-
152 2143 755 2360 dort or year
181 2311 842 2479 Atled###
924 2393 3883 2693 pflichtete. Und beiläufig warf er hin: „Was denkst du, wem ich
1704 2422 1884 2525 me.
144 2430 759 2586 Vintlare pricht
3136 2512 3362 2607 der
2262 2549 2906 2664 Braitigen
915 2496 3978 2841 heute begegnet bin? - Dem einstigen Vorlebten einer-jungen Dame,
156 2566 796 2750 clave from jhr
144 2648 764 2853 curs de tiens
915 2709 3982 3005 von der ich dir manchmal erzählt habe."- „Welcher jungen Dame?
1720 2763 2114 2878 cinnel
144 2808 800 3009 and vergeble of
936 2824 3982 3190 Du hast mir trotz deiner Diskretion immerhin schon von einigen
156 2980 842 3116 derricht & ihnen
928 3050 3822 3362 erzählt." - „Ich spreche von der, mit der ich letzten Sommer
148 3087 805 3276 fartall ingeben
1022 3120 1568 3284 Geschrieben
135 3206 829 3391 daran ist die oder
940 3202 4011 3563 ein paar Wochen in der Schweiz verbracht habe." - „Von Alberta?
152 3325 747 3493 hegle Feil.
932 3461 3883 3699 Du bist ihr begegnet?“  - „Nicht ihr,ihrem Verlobten.“ -.Dem
148 3411 772 3625 &c know it in
144 3567 764 3764 plozent in
3263 3567 4019 3805 Ihrem Mann al-
928 3674 3218 3900 Amerikaner?" - „Ganz richtig, dem Amerikaner." -
168 3686 792 3904 Ein gelang die
2812 3752 2997 3834 goup
936 3814 4015 4064 so?"- „Wieso? Ah freilich.“ Er hatte vergessen, dass er ihr von
164 3834 751 4023 the ses rer
936 3949 4076 4298 dem letzten Brief Albertens nichts erzählt hatte, aber er erkann-
156 3933 829 4183 freife set
3543 4048 3900 4199 welke
1704 4117 2849 4290 en diessen Musland.
164 4072 858 4269 gludlit stills
932 4109 4101 4421 te sofort, dass diese Auffassung Raulas sich für seinen Plan noch
2923 4220 4282 4368 even Taula die Wocheheit in ptt
160 4220 603 4454 Monsieur
1063 4327 2430 4491 besser verwenden könnte
940 4282 3941 4610 vorteilhafter wiinde verwenden lassen als die Wärheit. Und er
944 4495 3883 4745 sagte: „Ganz richtig, wenn er sie geheiratet hat, was ich wohl
944 4688 3863 4959 annehmen muss, so ist er ihr Mann. Daran hatte ich gar nicht
928 4844 4068 5148 gedacht." - „In diesem Fall würde Alberta wohl auch wieder hier
944 4938 4249 5300 sein?" - „Möglich.-Gesehen habe ich nur ihn.“ -.Auch gesprochen“
