4808 5796
1505 420 2244 699 1 ''̃'
2328 420 2784 686 V. P. v. M. F.
3222 991 3448 1186 121
1129 1173 3656 1421 Nein, er hat mich wohl gar nicht bemerkt. Er be¬
1129 1377 3532 1571 fand sich auf der anderen Seite der Strasse.
1129 1527 3581 1748 Und rasch, als legte er der soeben von ihm er-
1151 1678 3470 1872 fundenen Begegnung keinerlei Bedeutung bei,
1138 1859 3687 2089 brachte er das Gespräch auf andere, näherliegen
1120 2010 3581 2244 de Dinge, so auf die Einrichtung ihrer künfti-
1549 2129 2173 2244 and gewisse
1129 2160 3537 2337 gen Wohnung, auf Anschaffungen für den zu
1129 2315 3572 2492 gründenden Haushalt; nach dem Abendessen ent-
1129 2434 3585 2687 warfen sie unter Beihilfe der Mutter eine ge-
1115 2572 3528 2797 naue Liste aller nötigen Einkaufsgegenstände
1129 2789 3576 2952 und verabredeten endlich für den morgigen Tag
1115 2917 3714 3112 zum Zweck dieser Einkäufe einen gemeinsamen Gang
1120 3050 3678 3262 in die Stadt. Zu später Stunde erst verabschie-
1124 3244 3678 3492 dete sich Robert in anscheinend so aufgeräumter
1107 3386 3683 3581 Stimmung, dass auch den Rest von Unruhe aus Pau¬
1098 3523 3625 3731 las Gemüte sehwand. gestanden glaubte. -
2125 3700 2319 3895 15.
1638 3793 3700 4046 Als Robert am nächsten Morgen aus sei-
1093 4023 3612 4187 nem Zimmer trat,um sich ins Bursau zu begeben,
2864 4116 3156 4209 reber.
1151 4156 1509 4285 fayder
1115 4139 3497 4360 stand sein Bruder vor der Türe/Robert fühlte
1093 4316 3736 4541 sich erblassen, doch es gelang ihm sein Erstaunen
1200 5134 1713 5307 eine inw ane
660 5139 1169 5356 upon
655 5117 4214 5528 viel def in Post weise festgret dann aus, Teil
