4936 5832
2715 431 3889 779 1 7 1/2 1. 2. 6/4.
1254 1866 3812 2053 einem schmerzlich brennenden Mitle id schwellen.
1766 2013 3829 2204 Bewegt hörte Paula zu.Sie kannte Otto
1241 2230 3872 2334 nur wenig; doch aus der Entfernung hatte sie ihm
1271 2324 1752 2434 seit jeder
1241 2347 3805 2525 längst eine lebhafte Sympathie entgegengebracht,
1210 2494 3752 2672 die sie, als sie ihm im vorigen Jahr am Kraken
1204 2695 3735 2809 bett einer Freundin zufällig wieder begegnete,
1210 2815 3842 2963 bestätigt und gerechtfertigt fand.Was Robert ihr
1197 2949 3738 3123 von ihm nun erzählte, entfachte ihre Teilnahme
2120 3083 2735 3193 three Verlobten
1194 3150 3762 3284 ner weiter; sie bat ihn den gemeinsamen Besuch,
2896 3240 3270 3337 Caupt
1187 3297 3768 3441 zu dem sie beide natürlich xxxn sehon auf-
2297 3404 2862 3514 mehr hinaus
1187 3414 3862 3588 gefordert waren, nicht länger aufzuschieben und so
1247 3561 1749 3675 benslossen.
1180 3564 3748 3765 setzten sie ihn denn für den morgigen Tag fast.
2311 3758 2478 3906 13.
1809 3889 3601 4059 Dieser erste Besuch im Hause des
1157 4033 3635 4196 Brudersliess sich vortrefflich an. Die Kinder
1164 4230 3638 4360 waren von der neuen Tante, die ihnen Bilderbü-
1137 4377 3788 4564 cher und Näschereien mitbrachte, sofort entzückt;
1140 4527 3568 4671 Mariannens kühle Liebenswürdigkeit entwärmte
1120 4675 3812 4832 sich allmählig; undt Ottos Wesen wirkte auf Pau¬
1127 4858 3685 5006 la gerade durch den freundlich-spöttischen Ton,
1164 4955 3668 5143 der ihm in oberflächlicher Unterhaltung eigen
