4712 5524
3824 344 4051 547 124
733 506 3958 786 Welche wandte Otto sich um, Robert mæsste eine gewisse Anstrengung
1410 749 1839 871 verliets
1114 733 4003 972 auf xxxx seinem eigenen Blick einen heiter-unbefangenen
1098 940 4132 1167 Ausdruck zu verleihen und bemerkte, dass Ottos Augen sich flüch-
1106 1098 4177 1337 tig umschleierten. Gleich darauf lächelnd und im herzlichen Tan-
2451 1175 4262 1349 meme xxx xxx
1110 1321 4173 1519 trat Otto ganz nahe zu ihm hin und sprach: „Du bist nun hoffent-
1106 1475 4096 1673 lich endgültig vernünftig geworden.“ - „Endgiltig?" wiederhol-
1102 1669 4136 1839 te Robert, für seinen Teil den sch erzhaften Ton aufnehmend. „Das
1098 1811 4100 2005 kann man ja nie wissen. Bei mir sohon gewiss nicht. Und ist es
1086 1993 4128 2188 denn gar so wünschenswert vernunftig zu sein, endgültig vernünf-
1086 2151 3995 2386 tig?" - „Meiner Ansicht nach doch wohl“, erwiderte der Andere
1074 2342 4128 2573 ernst, beinahe hart.- „Das wäre noch zu beweisen“, entgegnete Ro-
1074 2487 4039 2718 bert eigensinnig-l###ftn „Vielleicht bin ich sogar verrückt.
1070 2726 3970 2905 Ich will es nicht in Abrede stellen. Aber wenn ich es bin, so
2435 2787 4420 2933 Ännd das ist dort die Haftracht
4185 2864 4456 2978 met
1074 2884 4059 3087 fühle ich mich sehr wohl dabei. Schw wohl“, Es war ihm, als er-
1057 3071 4104 3249 öffnete sich ihm mit einem Mal hoffnungssspendend eine neue Aus-
1884 3188 2293 3310 Ausnehmen
1070 3213 3942 3456 sicht auf Rettung, wohl wiederholte er mit Betonung
1033 3310 4298 3662 ich habe mich niemals wehler gefühlt. Vielleicht ist es xxx
1726 3383 2382 3525 vorher so wohl
1065 3585 3999 3824 riickt, dass ich mir gesund und jung erscheine, aben jedenfalls
1049 3776 3990 3966 steht es fest, dass ich mich in dieser Venriicktheit unendlich
3342 3881 3837 3986 vericht
1045 3974 4197 4153 wohl befinde und mit Vergnügen mein Zeden Iung wennsinnig bleiben
2901 4063 3857 4181 immeinetwillen
1086 4128 1353 4238 will
1033 4080 4177 4319 möchte, wenn das so schön ist. Also, mach dir keine Sorgen nach,
2836 4234 3573 4363 auf der Gelt.
1033 4286 4234 4505 ich versichere dich, dass ich mit keinem Mensch en tauschen möchte.“
1511 4464 4104 4704 Ottos Antlitz war unbeweglich geblieben.
3354 4598 3516 4704 ev
1276 4485 1463 4720 1630
1013 4647 4136 4837 Rohant-geendet, sagte er mein vor sich hin! Nun, dann ist ja alles
1629 4805 2090 4918 so she is
1005 4797 4072 5032 in Ordnung.) Es klang wie zerstreut. Und dann, als fiele es ihm
1005 4999 4181 5267 eben erst ein brachte er aus der einen Tasche seines Ueberrockes
