4888 5748
4033 509 4316 682 12 e
2846 489 3646 783 enim W. Clen
2326 618 2810 820 gelbliche
3763 670 3961 832 d'e of
1211 779 4300 961 delt worden war. Eine xxx, in die Decke eingelassene Lampe
3989 896 4304 1017 ge klei
1235 896 4231 1106 verbreitete spärliches Licht in dem fensterlosen Raum, und
3767 1070 4207 1187 inventata.
1215 1078 4344 1288 durch den länglichen Spiegel, der in einem glatten alten Goldrah-
3856 1248 4300 1377 zur bedeu¬
1207 1252 4292 1470 men an der Wand hing, ging ein Sprung von unten bis oben. Seiner
1211 1425 4328 1635 Gewohnheit nach blieb Rohert ziemlich lange im Bad, dann, den rau-
1195 1627 4243 1809 hen weissen Mantel um die Schultern geschlagen, trat er vor den
1199 1849 4405 1986 Spiegel hin und fand sein bartloses, schmales Gesicht recht frisch,
1183 2023 4167 2156 ja sogar für seine dreiundvierzig Jahre jugendlich genug aus-
1175 2188 4324 2374 sehend. Schon wollte er sich befriedigt abwenden, als ihm aus dem
1175 2305 4280 2527 trüben Glas in rätselhafter Weise ein ihm fremdes xxx anzubli-
1163 2556 4276 2741 cken schien. Er beugte sich vor und glaubte zu bemerken, dass das
1143 2636 4256 2855 links Augenlid tiefer herabsinke als das rechte. Als er es ange
1135 2846 4264 3040 strengt zu heben versuchte, wollte es seiner Absicht nicht gleich
1110 3020 4187 3295 folgen. Er erschrak ein wenig,prüfte mit den Fingern nach,zwin-
3101 3194 3303 3311 und
1106 3206 4102 3432 kerte, presste die Lider Rest aneinander/öffnete sie wieder so
1094 3359 4179 3658 weit als mögl ich, worauf ihm der Unterschied gegenüber der rech-
3178 3557 3545 3670 when
1094 3626 4082 3819 ten Seite weniger auffallend erschien als früher./
3565 3731 4247 3904 stellte fest
1070 3727 3755 4005 er die Lippen nur und herzumpelte die Stinn und wennen
3832 3832 4130 3973 e-hun
1058 3949 4082 4175 zu seiner Donuhigung festzustellen, dass die Bewegungen beider-
4256 3965 4461 4118 c'est
1054 4094 4138 4316 seits wohl ungleich, aber abwechsalnd bald zu gunsten den ainen,
981 4276 4009 4510 bald der anderen Seite ausfielung Er kleidete sich rasch an,
2406 4441 2689 4530 nicht
3077 4429 3569 4538 entdeck
1009 4502 4098 4712 begab sich in sein Zimmer und trat vor den grossen Wandspiegel
2641 4615 3117 4720 gelenkt werden
1034 4639 4276 4893 zwischen den beiden Fenstern hin. Mit einer Gebüsse der Entschlos-
2192 4788 2745 4910 ühlte er, d
3618 4813 3900 4918 in the
1017 4845 4033 5083 sanheit stellte er sich ganz nehmen und öffnete die Lider
1865 4978 2838 5091 bestimmten Angst den
1009 4982 2649 5200 so weit er konnte.
3383 4982 4001 5233 erwor
1619 5136 3731 5422 und müßte wieder fortstellen.
3759 5176 3953 5422 von
1381 5261 2721 5487 eines Verweises, vielleicht
