4936 5812
1788 427 2132 660 1.° 1 m
4161 475 4315 668 58
3911 609 4501 811 me must
2745 617 3544 846 Kestner, zählte
1313 767 4374 981 er ihnen gegenüber Platz. Frau xyz erwähre, dass sie im Gebir-
3022 890 4267 1009 einzucklafen sei.
1432 902 2832 1005 amt heute reçu körper
1309 1001 4267 1147 ge immer erst in den Morgenstunden tief einsuschlafen pflege.
1483 1052 4584 1202 sich immer noch einer unterwissen Beobachtung
1309 1147 4291 1285 Robert für seinen xxx hette die gesetzung sammcht, dass er in
1313 1262 4465 1368 die er nun schon zu niederholten Malen gemacht hätte; daß es in
1301 1333 4335 1519 der Höhe nicht nur mehr, sondern auch anders träume als dah eim,
3014 1416 3188 1531 ganz
1285 1479 4188 1661 oder am Meer. Diese Träume seien nämlich dadurch xxxvürdig,
2591 1586 4600 1724 trittuelle nt nemlich de durit au
1274 1633 4256 1863 dass die Menschen oder Dinge nicht sich selbst, sondern irgend
1277 1811 4228 2017 etwas Anderes, ganz weit davon Abliegendes, ja gar nichts Wirk-
4042 1962 4299 2088 Doch
1262 1993 4224 2235 liches, sondern gewt sermassen Begriffliches vorstellten. Aber
1535 2136 1978 2258 wähalt
1254 2155 4358 2365 er erzählte als Beispiel nicht den Traun der verflossenen Nacht,
2480 2318 2875 2440 langst
1238 2401 4279 2504 sondern einen ändern ausverflossener Zeit, in dem er auf
3864 2492 4180 2602 bib¬
1238 2519 4180 2757 weiter Ebene eine Art von Schlacht gesehen, aber in so fahlem
1230 2725 4232 2919 treiben Lichte, dass er die denen beteiligten Kämpfer weder ein-
1206 2887 4374 3117 zeln, noch als Ganzes wahrzunehmen vermochte hätte. Dann aber hatte
1416 3014 2163 3148 am Tirmoment
2353 3030 2863 3148 statt der
1218 3101 4232 3298 er auf ###el an Stelle der Sonne einen schief gestellten,
1186 3263 4240 3461 mit Organtin verhängten Luster mit gelb glimmenden Flammen er-
2468 3382 2745 3492 den
1190 3405 4299 3643 blickt und plötzlich gewusst, d e s,und nicht jenes fahle Bild
1179 3635 4149 3832 auf der Ebene haha die Schlacht zu bedeutete. Paula hänte ihm
1183 3832 4303 3983 aufmerksam zu Sie hatte den Kragen ihrer weissen Wolljacke auf-
431 3836 985 4054 # Röhlich
427 3971 985 4180 wit jever
1167 3995 4188 4196 gestellt, ihr Gesicht war von der frischen Luft gerötet Frärz-
1918 4078 2650 4228 nicht österr.
1483 4093 1792 4208 wandte
356 4121 937 4287 lauern
1155 4105 4145 4347 lich fragte sie ihnt.Beschäftigen Sie sich nicht zu viel mit
336 4232 1064 4398 bekanten wolle
1143 4319 4216 4548 sich selbst?“ Dech klang in diesen Werten kain Tadel mit. „Ich
332 4362 941 4580 vorlevolg
2353 4438 2792 4584 betroffen
312 4517 1020 4659 ﻿wending out
1139 4536 4315 4730 glaube nicht“, erwiderte Robert. Vielleicht gesteh ich’s nur auf-
320 4619 922 4853 Stopfs, die
1143 4643 4204 4916 richtiger zu als Andere." Doch er wann betroffen. Und während die
273 4782 981 4967 Robert,
1123 4853 4113 5035 Unterhaltung xxx an der Oberfläche weiterging, fragte Ro-
277 4892 1020 5058 or Mr Kamerle
277 5007 933 5189 und liebte,
1103 5031 2175 5260 bert, sich in den Zinsen
2745 5011 4070 5260 Wenn ich ihr früher
301 5142 842 5308 wandti in
1171 5221 2413 5438 glaible u eine neue
301 5276 933 5454 richn seiten.
1297 5355 1685 5592 Erkler
1859 5359 2943 5628 7 dfr. den ge habte
