4872 5748
1183 369 1742 602 G.C.H.F.P.
3128 326 3510 598 „ „
2251 339 2988 615 Monsieur, éviter s'estime, mais elle ne
3607 754 3921 1013 6.6
860 856 3429 1153 wonderte bis kur in Abgang des Zigs
920 1047 3527 1289 an den ninklich - tugeligen Straßen der
945 1267 3336 1492 Hefenstadt umher, deren Altertümer
949 1420 3756 1679 zu besichte ges er sich täglich wogenommen hätte.
920 1670 3527 1933 um er eben so oft wieder aufzuschicken.
933 1878 3484 2085 und endlich bis zur letzten Stunde anfri¬
2124 1975 2518 2115 abend
954 1996 3336 2234 schreiben.
971 2191 3438 2403 ihm, also er als er auf den obersten
975 2412 3336 2675 verenttecten stifen der
979 2577 3332 2853 neve stond
979 2764 3819 3060 aus der tiefe noch vom I den
2891 2789 3056 2899 noch
1034 2916 3404 3196 Strahler entwenter der Tageschen
996 3103 3488 3450 umflossen, stieg (aus der Tiefe des
2340 3141 2891 3272 mehnen
1026 3327 3264 3620 misehenen Preises der abend ni
1000 3438 1899 3743 den empor. -
966 3760 3599 4112 Als der für den Bebschof verliess, verweille
937 3972 3361 4235 Robert am Feurtern seines Abtberts und
1064 4167 3713 4468 nahm obre Rühring in der gegenüber
1064 5180 4048 5434 war freibt, immer geneigt gewesen, Beschwerden
721 5404 4129 5646 der die zweiten Klage kam, leicht zu nehmen, und es kann
