4984 5764
3466 378 3967 674 V. P. v. M. Männerin
3754 613 4370 818 recembre 17
2607 617 2985 793 Robert
1451 756 4251 888 die Rede gewesen. Ja, ein-Rann schien/ven Robert genommen,
1361 859 4448 1094 steskrankheit an ihm entdeckte, ihn ohneweiters auf Ergend eine
1727 978 2496 1122 nicht admercirte
1073 1036 4378 1283 rasche ert wie sie dem Arzte ja immer zu Gebote stände f vom Le-
1719 1163 2002 1258 were
2750 1172 3836 1299 remolleté : on a
1348 1221 4428 1439 ben zum rode befördern. Otto lachte ihn aus, wie es lanzte Hypo-
1344 1447 4383 1599 chondern gegenüber mit Vorliebe tun, als wären gerade diese vor
1320 1595 4424 1780 Krankheiten gefeit und besonders ver solchen, denen sie sich eben
1324 1739 4239 1961 ausgesetzt glauben Robert aber gab nicht nach und erklärte,
1324 1961 4387 2117 dass brüderliche Liebe einen solchen Dienst nie und nimmer ver-
1311 2117 4247 2286 weigern dürfe, da in jedem andern Fall der Kranke selbst nach
1283 2298 4362 2479 Belieben seinen Leiden ein Ende mach en könnte, während der Wahn-
1291 2459 4350 2652 sinn den Menschen zum willenlosen Sklaven des Schicksals ernie-
1357 2578 1649 2705 derti
1295 2664 4321 2845 deige. Otto brach die Unterhaltung ab und verbat sich weiteres
2035 2759 3194 2878 Genter als solcher Ent¬
1283 2746 4333 2985 durchwärtig dieser Art. Im Laufe der nächsten Wochen aber kam Ro-
3647 2935 4489 3075 seem Fordeenin
1246 2989 4284 3174 bert mit solcher Beharrlichkeit immer wieder auf dasselbe Thun
2713 3116 3104 3244 Concem
2602 3219 4202 3388 mit so ruhig vorgebrachten
1254 3182 2545 3375 zurück, unterstützte
1566 3301 2163 3416 eigentlich
1225 3392 4251 3552 und ### unwidersprechlichen Gründen, dass Otto, unge-
2977 3486 3264 3593 wort
1237 3564 4255 3721 duldig g worden, sich das erbetene Versprochan endlich entreis-
1229 3700 4358 3926 sen liess. Doch auch damit gab Robert sich noch nicht zufrieden.
3569 3832 3774 3947 to him
1176 3926 4321 4115 Er schrieb seinem Bruder einen Brief,in dem er/trocken,geradezu
1928 3992 3404 4136 den Empfang des Versoientums
1205 4074 4263 4251 geschäftsmässig das erhaltene Wort bestätigte und ihm überdies
1797 4173 2434 4304 Bertätism
1188 4235 4436 4452 riet dieses-Schmaihen sorgfältig aufzubewahren, um sich vielleicht
1862 4370 2644 4489 Anklagern veler
1196 4387 4185 4650 später einmal xyz Zweiflern gegenüber mit einer so un-
1176 4568 4370 4843 widerleglichen Rechtfertigung ausweisen zu können. Nach Absendung
2232 4707 2578 4831 Pobered
1196 4716 1834 4839 sauw Riete
1184 4736 4280 4995 dieses Briefas fühlte er sich beruhigt, und es war von da an, wie
1172 4975 4230 5172 im geg nseitigen einverständnis, zwischen den Brüdern von jener
1094 5151 4099 5365 Abmachung mit keinem Worte, ja nicht einmal anspielungsweise,
1196 5258 2339 5517 man sie mitteilen
1357 5464 2261 5641 in Gicher dem
