4536 5620
2736 281 3272 426 Von 7, Februar, März 1/4, rthl
2164 278 2587 433 1) - "    -  "  - "
3169 1108 3534 1266 127 b
1030 1195 3505 1495 vielleicht würde Otto es ganz allein mit sich
1851 1412 2297 1525 niemand
1809 1386 3511 1628 kein Mensch käme jemals auf die
1014 1495 1776 1663 ausmachen und
1841 1563 3556 1786 es ein Mord gewesen war, den ein
1024 1654 1793 1802 Vermutung, dass
1902 1709 3424 1974 einem Gesunden verübt hatte.
1024 1783 1867 1967 Wahnsinniger an
1005 1893 3492 2093 Ja, konnte es nicht sogar geschehen,dass damit
1014 2019 3553 2264 das Verhängnis sich erfüllt hatte, der Bann ge¬
2054 2164 2529 2284 der Einlieb
1008 2229 3605 2419 löst war und Otto, im Bewusstsein eine herrliche,
1014 2358 3592 2658 edle Tat begangen zu haben, geistig genesen wür¬
998 2545 1234 2736 de?
