4920 5812
3899 318 4174 573 34 C
1846 402 3394 791 N:o 7: 5: 5. 5: 4: 5; 5: —: 5
3588 489 4037 750 lass: s/c
3253 1631 3494 1782 54 a
1095 1769 3531 1980 schäftigt ist." - „Was pflegt er dahn zu tun?“
1092 1916 3528 2121 fragte Robert.-Er schickt uns fort. Er kann
1095 2090 3678 2278 dann niemanden von seiner Familie in seiner Nä-
1085 2275 3605 2446 he vertragen.“- „Sonderbar“,=st sagte pobert.
1079 2435 3601 2590 „Warum“, entgegnete Paula. „Ich begreife es sehr
2218 2543 3250 2667 berühmt gewordenen
1085 2586 3648 2764 gut.“ Und sie erwähnte eines grossen Prozesses,
1079 2720 3595 2894 in dem ihr Vater vor drei Jahren plaidiert und
1065 2837 3755 3065 wider allgemeines erwarten seinenKlienten, einem
1789 2992 3018 3146 in ewen, treisponit verholfen
1072 3038 3561 3219 nen Millionenkridatar, freibekommen hatte.Auch
1055 3176 3601 3350 damals waren Frau und Tochter auf Reisen gewe-
1055 3397 1303 3541 sen.
1531 3461 3564 3662 Robert wunderte sich stillschweigend.
1028 3658 3514 3842 Er war der Meinung,dass einem eigentlich viel
1045 3836 3427 3993 alles viel leichter vonstatten gehen müsste,
1055 3970 3424 4134 wenn man solch ein klaräugiges kluges Wesen
2462 4110 2703 4198 curs.
1045 4131 2680 4332 zur Seite hatte wie Paula war.
1511 4238 3410 4459 Sie fragte nach Roberts Bruder und
1032 4432 3618 4613 Schwägerin, mit denen sie in verflossenen Jahren
1139 4566 2506 4683 die né ausføhren til kamerte
1028 4616 3484 4777 zuweilen flüchtig zusammengetroffen war. Nun
1025 4770 3544 4911 habe sie fast jeden gesellschaftlichen Verkehr
1209 4891 1601 4998 suslage
1035 4891 3501 5089 aufgegeben, da er sie nicht im geringsten mehr
