4856 5832
1369 645 4425 913 und Doktor Renthal, der sich während Ihrer Abwesenheit wirklich
1369 909 4296 1121 famos eingearbeitet hat, wird Sie vorläufig in Ihrem Referat
1349 1062 4394 1275 weiter vertreten.“ Sollte man damit gerechnet haben, dachte Ro-
3391 1208 4378 1357 Daum gebieten ein
1337 1275 4304 1420 bert flüchtig, dass ich nicht wiederkomme? Zugleich merkter,
2286 1393 2459 1522 de
1326 1393 4264 1589 dass Baron Prantner, in Trauer gekleidet war und xxx ihm
1334 1593 4429 1817 ein, dass der xxx im Laufe des Sommers seine Frau verlo-
1876 1751 2270 1865 Clouar
1314 1766 4300 1959 ren hatte. Wenn Robert ihm fach schon von der Reise aus sein
1298 1924 4347 2144 Beileid kundgegeben hatte, hielt er es doch für angebracht, auch
1302 2108 4327 2317 jetzt einige Worte der Teilnahme zu äussern. Der Baron drückte
1302 2278 1558 2392 ihm
1267 2341 4418 2506 die Hand und sah zu Boden. Hm, dachte Robert, sollte er sie
1275 2486 4370 2691 auch umgebracht haben? Das ist vielleicht viel häufiger, als man
1239 2651 4363 2864 Jahnt. Es wäre interessant diesen Dingen nachzugehen. Vielleicht
1263 2864 4370 3025 ahnt er das Gleiche von mir und ist darum so auffallend liebens-
1251 3005 4339 3214 würdig. Gibt es am Ende eine Art Freimaurerzeichen für uns Mör-
1231 3163 3792 3395 der? Sonderbar,er hält noch immer meine Hand fest...
3997 3226 4189 3442 kan
1695 3367 4331 3548 In diesem Augenblick trat Hofrat Fanto ein. Robert er-
1227 3525 4217 3749 wachte sofort aus seinem Wahn,erwiderte den Willkommgruss des
1196 3717 4359 3898 Hofrats mit Unbefangenheit und bald war zwischen den drei Herren-
2234 3851 2950 3981 in Verlauf dessen
1396 3859 1904 3993 beruflicher
3489 3875 4520 4036 nach einige einen
1184 3949 4335 4123 ein Gespräch im Gang, in dem Robert gelegenheit hatte seine Ideen
3788 4048 4111 4178 me
1369 4048 1589 4158 ym
1648 4052 1853 4166 Um
1184 4115 4079 4260 Ausgestaltung des musikalischen Unterrichtswesens
1865 4237 3713 4347 die mit Interesse angeböst worden
1640 4233 1806 4339 ed
1188 4307 4245 4437 vorzubringen, Er solsate seine Ausführungen, da derangea abharu-
1160 4433 4189 4626 fen wurden, im Runaan des Hefrats bis in alle Einzelheiten fort
1113 4599 4178 4815 und erst, als das Arbeitsprogrum der nächsten Woche eingehend
1806 4756 3206 4898 nachher steltele er
1141 4846 4036 4988 durchgesprochen war verlies er ihn, um einigen Amtskollegen
3328 4949 3599 5063 und
1137 4968 4103 5232 in ihren Kanzleien seinen Besuch abzustatten, Manche beglück-
