4920 5848
3813 473 4344 751 11 99 6
1846 539 2186 776 in
1838 602 2805 867 in Nerveneers
3684 718 3916 834 schon
1128 743 4223 1000 wie Otto Professen für Nervenkrankheiten war, dem er seit Jahren
1116 921 4236 1224 im Hause des Bruders nicht mehr begegnet war. Nachher bei Kaffee
2502 1095 2875 1216 achtete.
1120 1075 4194 1332 und Zigarre hatte ihn der Professor In eine anscheinend gleich-
1776 1290 2336 1440 Gefahren
1112 1323 4194 1547 gültige Unterhaltung, hauptsächlich über musikalische Gegenstän-
1465 1498 1701 1614 verte
1112 1485 4111 1772 de verkickelt; und wenn Robert sich auch der Einselheiten nur
1141 1697 4236 1892 unvollkommen zu erinnern vermochte, so glaubte er doch zu wissen,
1058 1838 1859 1987 bei dem Robert
1377 1805 4103 2074 sich im Ganzen gut gehalten und Widerspruch gegenüber
1112 1942 1344 2066 dann
1365 2016 1568 2149 rlet
1099 2008 4074 2228 keine merkliche Erregung gezoigt; ebenso wie er sich auch bei
2746 2149 2912 2265 Von
1444 2166 2688 2307 mit so heumloren
1104 2203 4161 2456 Tisch xxx gegeben hatte, dass ihn selbst
2676 2327 2896 2444 you.
1108 2323 4207 2585 ein voreingenommener Beobachter nicht für verrückt hätte halten
1987 2502 2966 2634 des nouvelles sont ence
1713 2527 2000 2655 frick
1987 2568 4248 2759 mtehre mögl ich, dass er, eisre se suchean, duroh
407 2527 963 2734 Trotzelen
1116 2547 1917 2767 können. +
2402 2659 3443 2792 N.Y.?
1560 2717 2166 2829 weilen einen
382 2684 1025 2854 la ses diéphane
2817 2697 4207 2925 ###n, das Bild einen Kranken
1099 2767 2614 2921 Anzeichen, die Ihm selbst entge=
369 2805 954 2950 nicht eister
2717 2850 3257 2971 auillisten
1120 2871 2311 3004 dertete ud daß
1095 2900 4132 3149 dargibeten oder wenigstens einem Beobachter, der ihn jahmelang.
357 2896 1008 3049 aller hoe ich
4116 2917 4493 3136 gefallen
382 3012 904 3203 neit/dep
1099 3008 4431 3273 nicht gesehen, einem Amst, gewisse Veränderungen seiner Züge aufsteilen
340 3141 776 3352 es durch
1066 3257 4207 3502 gefallen wären die, wie schon die zweifellos vorhandene Ungleich-
1195 3253 1755 3373 wollen
1460 3431 1655 3539 der
1075 3414 4087 3630 heit seiner Lidspalten, nicht schlechtweg als das Ergebnis der
3157 3502 4443 3692 plotst bei thinke gepocht
1087 3605 1888 3730 dahin flieben der
1087 3605 4232 3838 dahinfährnden Zeit zu deuten waren von wachsender unget dur-
1087 3750 4182 4004 schüttelt warf er die oche ab, sprange aus dem Bett, machte Licht
1079 3966 3979 4203 und trat vor den spiegel. Schrecken erfasste ihn. Der Mann,
1070 4149 4132 4373 der ihm da entgegenstarrte mit blassen Wangen,witaufgerissenen
1058 4323 4087 4526 Augen, zerrauftem Haar, einen schmerzlich entsetzten Zug um die
1054 4510 4045 4713 Lippen und mit offenam zerknitterten Hemtkragen, das war kaum
1062 4676 4136 4858 mehr er selbst. Es war wohl sein Abbild, aber so, wie es sich je-
1041 4813 4033 5032 mandem offenbaren musste, dem es gegeben war hinter der Maske
1037 5024 4091 5236 des Tags, hinter der vorsichtigen Gepflegtheit des Alltags- und
