4920 5764
1130 312 4022 640 W. du Brösse des Gewändes in der Gem.
1338 548 2294 760 de la nuit
3195 536 4487 839 sich mein einem Bau befreit
2543 569 2983 789 Robert
1163 769 4192 914 mehr die Rede gewesen. Ja, ein Bann schien/ven Robert genommen,
1172 860 4188 1084 als wäre von allen dii###ern Möglichkeiten, die ein Dasein bedro-
2393 1047 2863 1151 soll
1163 1093 4259 1267 hen konnten, gerade jene grauenhafte ein für alle Mal für ihn aus
2339 1188 2854 1338 du vérité.
3652 1209 4035 1330 rungen
1147 1217 4172 1471 der Welt geschafft. Und als er vor sechs Monaten genötigt war,
2663 1363 3511 1471 im letzte Früher
3661 1384 3868 1492 an
1118 1404 4255 1616 . für eine Weile jeder Beschäftigung zu entsagen, weil das Gedächt-
3320 1554 3528 1650 der
1604 1562 2132 1683 veriègte
1151 1587 4284 1803 nis ihn zu verlaßsen drehte, als er sich aus allen Gesellschaften
1138 1812 4255 1999 zurückzog, weil ihn die gleichgültigsten Worte ärgerlich, oder gar
1130 1924 4147 2181 schmerzlich berührten, als er sogar sein geliebtes Klavierspiel
1130 2136 4167 2318 aufgeben musste, weil es ihn plötzlich zu Thränen rühren konnte,
1122 2327 4151 2472 deren er sich dann schämte,- selbst damals hatte er keineswegs
407 2368 1026 2626 & rowening
1122 2464 4176 2651 den Ausbruch des Wahnsinns gefürchtet, und er wus ste untrüglich,
370 2539 989 2701 [incompréhensible]
3307 2605 4118 2755 schi Moolnolle.
2028 2622 2908 2738 im Lieutete Cappen
370 2651 981 2805 Besangleven
1109 2709 4014 2830 dass gestern Abend vor dem Einschlafen das furchthare Wort
382 2751 1039 2896 auf seiner
1097 2854 4097 3029 für ihn zum ersten Mal aus seiner Buchstabentotheit wieder zu
386 2863 1022 3050 Erholungsreise
3357 2971 3860 3083 schreiben
332 3000 939 3208 gequalt hette
1084 2996 4101 3195 lebendiger Bedeutung erwacht war. Damit war aber auch der Ver-
1097 3183 4043 3403 trag zwischen ihm und seinem Bruder unanhättlich in Kraft ge-
1076 3345 4105 3602 treten, und das Schreiben, das Otto unter seinen Papieren gewis s
1064 3577 4084 3715 sorgfältig aufbewahrte,war gamissarmassen zum Schuldschein ge-
2161 3673 3748 3810 das unerhaltlichkeit
1072 3764 4043 3897 worden, gegen dessen stumme, Fenderung es in der herandrohenden
3066 3848 3341 3943 einer
2476 3868 2726 3976 Dock
1055 3910 3993 4122 Stunde keinen Einspruch gab. Und bedurfte es überhaupt eines
1055 4072 4026 4255 solchen Scheins? War Otto nicht der Mann einen Verlorenen aus
1109 4221 2086 4342 auf den hundern
3087 4192 4271 4346 der Krankvilem enthobte
1039 4313 4101 4425 der Welt zu schaffen, auch ohne durch einen Vertrag entschuldigt
1496 4404 4263 4525 que c'est fachari leur etre loppé. Je n'ai avec aussi neve¬
1026 4483 4172 4587 zu sein, einfach aus Menschenliebe. Entschliessen sich zu solchem
2597 4566 3910 4670 zu einem coleter Kirchen¬
773 4525 1479 4720 dafür ich
1035 4641 3968 4782 Vorgehen kluge und edle Aerzte überhaupt nicht öftermals im
3390 4733 4143 4870 -    entschliepte.
1014 4782 4126 4986 Allgemeinen bekannt zu werden pflegt; auch ohne Rechtfertigungs-
1001 4949 4051 5136 briefe in der Hand zu haben, wie Otto einen besass? An dieser
395 4953 902 5198 & Niveterle
3212 5123 3926 5298 and einem
1014 5111 2805 5289 [illegible]
1022 5231 4246 5410 zuschien. Und können sie sich nicht zu Erfuhr -
864 5343 4205 5497 Roma ne ett seltst insinuen werden....  Und ist nicht
1325 5456 4167 5609 so über dem andern rettungslos angeleisten
