4936 5800
1708 424 2326 655 11 K:H:F:S:
774 431 1653 665 V. M. I. 1. A.1. 1
3154 397 3653 689 18 1 46. 1
3809 492 4176 750 m.r /: 1:
2668 584 3212 757 II E X
3178 1212 3453 1372 60 a
1008 1402 3589 1623 und wie ihm vorkam erlösende Erklärung. Von sei-
1025 1484 3524 1735 nem eigenen Leben gleichsam im Stich gelassen,
1012 1731 3534 1932 im lünersten leer geworden,hatte er allzu wil¬
1018 1884 3476 2071 lig, ja mit einer gewissen Selbstgefälligkeit,
1022 2044 3473 2214 eine Art Rolle für sich selbst zu spielen be-
1008 2217 3493 2431 gonnen, die wachsende Gewalt über ihn erlangt,
1015 2373 3602 2533 und end ich gedroht hatte sein eigentliches We-
1008 2492 3561 2675 sen zu verstören. Nun aber reckte er die stirn
1932 2604 2655 2740 aufstehlichen
1002 2587 3731 2842 hervor wie aus einem Neben und fühlte Kraft und oder
1402 2808 1677 2910 mrich
1002 2855 3195 3100 Willen wieder gesund und wahr zu werden.
1120 3015 2360 3246 und die Kraft in sich
