4920 5636
1321 556 2748 836 sichungen seines Lebens, sogar
1301 753 2645 1001 trefflichen, allzu früh vere
2831 828 2992 962 G.H.F.P
1297 919 4218 1179 che von xxxe klopfte; der Sektionsrat erwachte, und auf sein
3663 1049 3899 1163 et en
1273 1139 4266 1289 unwillkürliches „Herein" erschien ohneweiters der Kellner mit
3592 1230 4159 1321 er sich also
1254 1285 4293 1530 dem regelmässig für acht Uhr bestellten Frühstück in der Türe.
3556 1404 4293 1534 sondern auch
1242 1490 4400 1711 Robert###erster und xxx ärgerlicher Gedanke war, dass er gestern
3793 1585 4372 1743 gesicherter
1250 1676 4246 1869 Abend nun doch wieder vergessen hätte die Türe zu versperren;
3178 1762 3718 1881 das zu den
3769 1766 4222 1900 xxtern, die
2366 1810 2645 1904 emer
1250 1869 4144 2070 aber er hatte kaum Zeit der Verstimmung über dieses Zeichen
3808 1932 4305 2070 schrit
1218 2050 4337 2255 von Zerstreutheit nachzugeben, da seine Aufmerksamkeit durch die
3146 2133 3343 2243 man,
1250 2196 4408 2433 auf der Frühstückstasse neben Thee, Butter und Honig bereitliegen-
1218 2373 4155 2602 den Briefschaften in Anspruch genommen wurde. Unter anderen
3138 2484 3655 2598 arend zu aerl
1214 2567 4282 2779 gleichgültigeren fand er ein Schreiben seines älteren Bruders
3150 2661 3659 2772 von jene
1191 2712 4293 2965 vor, in dem dieser seiner Freude über das nahe bevorste-
3122 2846 4364 2973 chen Mann und Weib herauf-
1179 2957 4250 3138 hende Wiedersehen Ausdruck gab und, nach Mitteilung anderen, un-
3260 3024 3513 3150 11/aus
1191 3032 4353 3324 wesentlicher Familienneuigkeiten mit einer nicht unabsichtlichen
3134 3205 3331 3308 che
3465 3213 3998 3316 immer perzä
1159 3217 4195 3513 Beiläufigkeit seiner kürzlich erfolgten Ernennung zum ausser-
3710 3391 4029 3501 von
1183 3371 4301 3682 ordentlichen Professor Erwähnung tat. Robert setzte eine herzli-
1100 3651 4199 3789 ehe Glückwunschdepesche auf und liess sie ohne Verzug zum Amt
1798 3765 4021 3860 Wie auch Berufspflichten und andre Lebe
1195 3801 1723 3978 befördern.
3489 3927 4017 4045 Krinken
3485 4104 3919 4222 and then in
1277 3808 1762 4218 Prudem
1167 4333 1620 4558 und manah
1415 4530 2953 4759 wieder ein Ereignis, das - oft die
1135 4707 2776 4952 gigkeit - sie Beide ihre Zusammen
1609 4877 2783 5129 less. Dem jüngeren Bruder
1155 5082 2736 5299 legenheiten alle anderen abgelauft.
