4904 5764
3522 366 4578 715 27/11 " " "
1729 425 2428 602 G.C.R.M.
1346 446 1540 694 ./.
783 433 1119 715 P.S.
1309 661 4447 816 etwas vernachlässigt, was ihm auch angenehmere Leute völlig ver-
2726 804 4300 909 bekendette
1224 808 4607 1086 leiden konnte: Joch Kahnberg begrüsete ihn wie einen mit Sehnsucht
2663 976 4182 1098 genen bescheidenen musikalischen
1212 1056 4439 1216 erwarteten Freund, xxx zog er ihn mit sich an einen Nebentisch
3370 1161 3694 1275 stören.
2785 1165 3307 1275 elesmehr zu
1359 1216 4397 1351 und erzählte ihm die Fortsetzung eines intimen Erlebnisses, von
3606 1342 3947 1456 d. Lgemein
3084 1376 3248 1460 5,3
1342 1338 4477 1582 dessen Beginn/Robert, so weit er sich erinnern konnte, niemals das
3311 1527 3480 1628 das
1325 1527 4308 1767 Geringste erfahren hatte. Dann sprach er von seinem neuesten,
1325 1687 4397 1902 vielfach angegriffenen Werk, einem Drama in Versen, als hätte Ro-
1313 1868 4422 2091 bert seit jeher seine schriftstellerische Laufbahn mit Teilnah -
3980 2062 4191 2158 soh
3122 2079 3341 2179 woron
3698 2053 3896 2163 2/2
1300 2066 4296 2272 me und zustimmung begleitet. Nun fiel ihm allerdings ein, dass
3151 2217 3341 2344 wird
1309 2247 4195 2440 ihn irgendwo auf der Reise dieses neueste Buch des Dichters
1275 2419 4153 2604 mit einer sehr warmen Widmung erreicht, und dass er es auch
2100 2575 2356 2714 halle
1271 2588 4237 2827 flüchtig gelesen, doch vermochte er sich des Inhalts nicht im
1271 2773 4287 2970 Entferntesten zu entsinnen. Er war eben in Verlegenheit,wie er
1266 2937 4292 3126 sich verspütet bedanken, und wie er sich über seine Gedächtnis-
1254 3122 4250 3328 schwäche hinweghelfen sollte, als auf August Langers vorschlag
4022 3311 4250 3416 letz:
1237 3299 4254 3505 die kleine Gesellschaft aufbrach, um den Abend in einer Bar zu
1229 3496 4279 3724 beschliessen. Robert schloss sich gerne an, und bald sassen sie
1212 3665 4279 3862 alle in dem niedern, menschenerfüllten, weiss gehaltenen, überhel-
1208 3854 4254 4043 len Raum eng aneinander gedrängt an kleinen Tischchen, tranken,
3740 4035 3909 4128 3)4
1199 4018 4081 4224 rauchten und hörten dem Klavierspieler zu, der nah der Türe-
3963 4208 4266 4321 nerike.
1187 4208 4111 4456 auf einem dumpf klingenden Pianino Opernarien, Tänze, Lieder,
3955 4380 4292 4498 in Gau-
1178 4409 4136 4595 aufs reinste harmonisiert, und eins ins andere zwanglos über-
4035 4565 4208 4679 tiol
1165 4565 4237 4797 führend, mit Unermüdlichkeit vortrug. Robert besonders lauschte
3412 4759 3597 4860 gewe
1153 4733 4292 4948 mit einer Art von fachmännischem Vergnügen, da sein eigenes Ta-
3539 4914 4069 5045 wie zu auszul
1132 4931 4212 5188 lent demjenigen dieses Nachtpianisten, der tag süber als Beamter
