4904 5844
1873 464 2529 714 .  ̃   =  =
3396 503 3685 728 V. R. W.
3696 913 4099 1106 39 b
1095 1049 3828 1288 I whatewes letster Cubeit - sur Statistil
1085 1234 3835 1470 des wederoesterreichischen Volkrebschulwesers-
1109 1420 3981 1641 ins Geclaßtnis zu erfen, und es beruhigt
1127 1605 3692 1830 „m, daß mouche Ewselnke ter daraus
1117 1791 3650 2094 on die a charge lang nicht wehr gedacht
1131 1980 3899 2158 und die ich in Grunde niemals sonderleich
1184 2215 3928 2397 interessirt halten, ich sowen auszutilen
1184 2372 3914 2615 Geiste heils wil größtes klacteit daenboten
1206 2579 3899 2800 Juglant bedeutete u, und nicht zum ersten Fall
3468 2743 3664 2883 in
1181 2726 3817 3025 dass auf einen andern schick, auf den
1167 2932 3860 3129 er weil besser zu Hunner, auf den der
1209 3114 3749 3393 der mir eikalischen Unterrichtsfragen
1238 3361 3789 3582 eine Uitarbeitenschaft bisher nicht
1238 3528 3824 3767 in Beliacht gezogen worden war, und
1238 3753 3799 3953 we felles with dann weil Hopet
