4952 5848
844 465 1260 717 1.   1    = =
3880 560 4065 762 96
3830 741 4016 865 G.C.F.P
2269 651 2512 881 p.e
1075 704 4016 980 hatte doch nur Geltung für einen bestimmten Fall. Und dieser
1075 1017 4226 1227 Fall lag nicht vor, konnte niemals eintreten. Er war nicht wahn-
1071 1182 4148 1413 sinnig, er war gesund. Aber was half ihm das, wenn ihn Andere für
2788 1285 3353 1400 nelleicht
1071 1330 4053 1582 wahnsinnig hielten? Was half ihm das wenn Otto selbst ihn für
2442 1462 2871 1582 as it.
1059 1549 4090 1746 wahnsinnighielt? Konnte es nicht sein, dass gerade die wunder-
2298 1648 2768 1771 Wessers
1363 1660 1965 1779 Veränderung
1046 1713 4082 1932 same   seines Seelensustandes, dieses Aufschweben, diese
3138 1738 4374 1932 enem andre Beobarbte
1038 1833 4349 2043 Gelästheit, diese Heitekkeit, in das nun lehte, Andern, denen Blick
1590 2010 2352 2121 in dienstalt
1034 2018 1264 2162 pein
428 2010 1005 2274 gebrübten
1046 2076 4032 2232 gebrübt und ###tert war, die Anzeichen einer herandrohenden
1034 2179 4040 2467 Geistesstörung vortäuschten? Das es nicht durchaus im Bereich
1026 2430 4094 2652 tückischer Schicksalsmöglichkeiten, dass gerade jetzt, da er dem
1009 2632 4131 2772 Leben wiedergegeben war, da er sich zum allerersten Mal im völli
1009 2722 3979 2994 gen und ungestörten Besitze seiner Seelenkräfte und zu einem
1009 2957 3983 3176 Glück ohnegleichen bestimmt wuschte, dass gerade jetzt sein un-
989 3106 4148 3373 glückseligen Bruder sich zur Einlösung jenes furchtbaren Verspme-
989 3303 3056 3534 chens berechtigt und verpflichtet glaubte?
1470 3357 4078 3707 Was ist dinf. Tragte Pauta. „Habe ich dir weh getan?
1470 3579 4123 3872 Er kan wieder zu sich. „Gelebte“, sagte er und drückte
923 3736 4040 4003 Ihr die Hand. Aber seins innere Unruhe verliess ihn nicht mehr.
943 4049 3999 4160 Er manste, dass neue Ge###hren ihn bedrokten und bedurfte Seiner
943 4255 4115 4391 ganzen Selbstbeherrschung, um sich vor Paula nicht zu verrate.
947 4407 4119 4572 Und um seine plötzlich verdüsterte Stimmung zu erklären, hielt er
3550 4477 3950 4601 Worten
1726 4489 2714 4638 Coule mitzilheile
947 4572 2900 4782 es für angezeigt übr xxxx, dass er
2953 4522 3987 4683 seit einiger Zeit von
2677 4650 2924 4749 sdenk
947 4667 1512 4794 ernolliche
935 4642 4069 4955 Sorgen um den Gesundheitszustand seines Bruders gequätt
2191 4807 4329 4951 mehr gute möchte, so weiter als auch die ausgepaüterte
1153 4835 2059 4967 der rich
3987 4885 4481 5004 trefle doucun
927 4942 3913 5070 sei, Zugleich (sprach an im Tone grösster Liebe, ja in den Aus-
3970 4971 4403 5103 in leisten ver-
2500 5021 2747 5132 2am
3258 5013 3534 5115 an de
4036 5062 4366 5202 wachten.
914 5103 3929 5313 drücken innigster Schwärmerei von ihm und verspürts selbst,
