4936 5864
2641 385 2841 732 "
4052 553 4273 813 G.C.P.
3604 1268 3958 1429 100 a
1250 1468 3772 1713 Berufsantlitztes das wirkliche zu erkennen,
1282 1583 4003 1818 in das die Spuren all der unsinnigen Aengste ein.
1296 1786 4115 2003 gegraben waren, die ihn sein Leben lang in der durch
1958 1937 2224 2049 jagt
1135 1965 3688 2137 duWelt umhergehetzt hatten. Was nützte es ihm,
3222 2035 3611 2144 schien
1292 2094 3846 2312 dass ihre Macht nun endlich gebrochen war. War
1285 2256 3832 2469 es nicht zu spät? Hatte Otto nicht seit Jahren
441 2298 602 2480 s
2739 2368 3194 2480 by in
1275 2403 3930 2602 den Ausbruch des Wahnsinns vorausgesehen und er¬
1285 2567 3954 2770 wartet? Und war er dem Bruder nicht gerade in der
1275 2735 3874 2932 allerletzten Zeit eben, da das Schicksal sich so
1282 2879 3835 3072 entschieden für ihn erklärten, da er zum ersten
1271 3044 3713 3208 Mal seit zwanzig Jahren  erhobenen
1278 3194 3804 3425 Haupts in die Zukunft schauen durfte, immer nur
1285 3355 3839 3555 verdächtiger geworden? Ja,glaubte der Unselige,
1271 3488 3856 3709 der in sich selbst dunkel die Zeichen herandro-
1275 3650 3919 3839 henden Wahnsinns empfand und davor zurückscheute
1261 3793 3986 4021 sie sich einzugestehen,glaubte er nicht viebleicht
1271 3954 3863 4168 in einer gle ichsam dämonischen Weise das Unheil
1264 4115 3863 4301 dadurch beschwören zu können, dass er es in eine
1254 4259 3996 4459 scheinbar dafür vorbestimmte Seele hinüberdeuten
1261 4459 3797 4655 Und traute er auch heute der eigenen Diagnose
1247 4609 3933 4795 noch so wenig, dass er in der Person eines Koller
