4888 5832
3979 459 4163 742 92
820 512 2131 832 1 1/2
2811 512 3008 758 J.P.
2438 537 2639 795 12.
3098 541 4388 824 bei Restners entre
1647 729 4274 1045 Als Robert im nächsten Abend zu Laube ins Zimmer trat,
1201 815 1516 938 nicht
3557 901 3921 1016 saile.
1172 983 4352 1155 erhob sich Paule auf der Ecke des Divans, ging ihn eingaan Schrit-
1283 1115 3331 1258 empfing itis gaulo mit einem Rä
1172 1151 4171 1360 te entgegen, und xxx. Dann wandte sie sich zu ihrer Mut-
1176 1303 4167 1508 ter, desen stige kaum ein leichtes erstaunen verrieten, und sagte
1164 1500 4143 1717 einfach: "Du erlaubst, dass ich der meinen Bräutigam vorstelle."
1147 1688 4036 1901 Robert wollte der Mutter die Hand küssen, wie gewöhnlich, sie
1143 1819 4077 2049 liess es nicht zu, stahd auf xxx schloss ihn gerührt verlegen
1151 2041 4061 2233 in ihre Arme. Dann sagte sie, um die Stimmung des Augenblicks
1151 2184 4225 2413 sofort ins Leichte und Heitere zu wenden:.Das ist doch wohl bei
1147 2336 4204 2581 solchen Gelegenheiten üblich, und es soll auch nicht wieder vor-
1135 2561 2348 2778 kommen,Herr Sektionsrat."
1598 2655 4167 2967 „Er heisst/Robert“, sagte Baula. „So wirst du ihn von
1119 2893 4143 3192 nun an nannen, Mama, und hiemit erkläre ich die Verlobungsfeier-
1119 3057 4048 3282 lichkeiten für beendet." Der Rest des Abends wurde, als hätte
1119 3221 4114 3602 sich nichts besonderes ereignet, mit Musik und Geplauder hinge-
1086 3454 1491 3667 bracht.
2581 3495 2807 3639 12
1774 3565 2008 3741 Tage
1578 3548 4036 3831 Am Tage darauf eröffnete Robert dem Bruder und der
1106 3762 4397 4016 Schwägerin, dass er sich im Frühjahr mit Fräulein Paula Leab Restner
1094 3966 4151 4188 zu vermählen gedenke. Man heglückwünschte ihn herzlich und for-
1086 4122 4159 4339 derte ihn auf seine Braut und ihre Mutter, mit denen man ohnehin
1086 4290 4130 4552 von früherher bekannt war, recht bald im Hause einzuführen. Als
1086 4515 4138 4712 Otto schon nach wenigen Minuten abberufen wurde, begann Mariann
1094 4688 4134 4864 wieder zu klagen, dass er sich gar keine Ruhe gönnen wolle, dann
1082 4835 4118 5085 erst liess sie sich von Robert Näheres über Paula erzählen und
1065 5044 4102 5278 ihre Fragen verrieten, dass sie mit Rücksicht auf die bekannten
