4952 5764
1634 607 2078 831 begeber
1361 733 4224 1010 Jahren ### sein würde. Robert war anfangs versucht gewesen,
1361 896 1520 1002 B Co
1369 998 4220 1161 diese Aeusserungen für einen grausamen Scherz zu halten, bis
1348 1177 4379 1373 Otto ihm xyzhaft auseinandersetzte, dass das überlaute, hoohge-
1344 1340 4465 1548 stimmte Gebahren Höhenburgs in Verbindung mit einer eigentümlich
1344 1520 4351 1719 veränderten Sprache, die dem Laien ja nicht ohneweiters auffal-
1324 1691 4416 1866 len müsse, jeden Zweifel an der unheilvollen Vorhersage unbedingt
1308 1854 4282 2082 ausschlösse. Immer noch lehnte sich Robert gegen die Zumutung
1304 2045 4314 2249 auf, in dem jungen Mann, der ein solches Bild ungetrübter, ja ge-
1300 2167 4428 2432 steigerter Gesundheit bot, und der zudem sein Freund war, einen Ge-
1267 2412 4200 2587 zeichneten, einen Verurteilten zu erblicken; als er sich aber
1267 2583 4184 2770 endlich genötigt sah, sich den Fachkenntnis seines Bruders
2583 2689 4025 2815 begois    Wm uw Benetmer
1267 2754 4306 2953 gegenüber zu bescheiden, ### wurde ihm die Erscheinung des Freun-
3084 2860 3475 2974 davon
2232 2872 2733 2990 et n'ouvelleur
1426 2852 1687 2966 diener
1255 2933 4261 3125 des xxxr unheimlich### er vermied es, das Wort an ihn zu rich-
1247 3141 4159 3320 ten und als sich xxx die übrige Gesell-
3556 3182 4575 3365 verschwander selbst
1238 3308 4151 3495 schaft in ein Caféhaus der inneren Stadt begab, beg er selbst
1214 3385 4453 3646 ohne Gruss in eine Seitengasse ab, da er es nicht über sich
1214 3666 4123 3862 vormochte dem zu Wahnsinn und Tod Bestimnten in lügnerischer
4102 3683 4314 3862 eden.
1181 3825 4379 4041 Heiterkeit gegenüberzusitzen. Er vermied es segen von jenem Abm d
4082 3947 4265 4037 dezt
1190 4021 4330 4184 ah mit ihm wieder zusammenzutreffen, was sich umso leichter durch-
2538 4106 2884 4233 müsstlich
1153 4151 4257 4387 liess, als Höhenburg schon nach wenigen Tagen wegen eines
1161 4302 4440 4563 Tobsuchtsanfalles einer Anstalt übergeben werden müsste. Abend und
1410 4457 1630 4567 der
1145 4522 4212 4742 bei seiner nächsten Begegnung mit Otto stellte Robert,ganz ohne
4000 4644 4347 4766 sendung,
2318 4644 3943 4766 einer plötzlichen Eingebung folgende
1133 4660 4106 4941 vorherige Absicht, wie unter einem unwidenstehlichan Zwang, die
2786 4827 3210 4941 ruhigt, und
3275 4831 3740 4946 Ges war von
1157 4880 3988 5121 Forderung an den Bruder, dieser möge, wenn er irgend einmal,
1980 5003 2656 5117 einverständnis
3051 4998 3320 5121 n den
3520 5011 3691 5145 dern
3988 4937 4167 5113 diner
1124 5096 4127 5308 sei es morgen oder in ferner Zukunft, die vorzeichen einer Gei-
2122 5178 2469 5308 Worte,
