4904 5832
1227 607 1479 796 G.C.P.
895 518 1147 728 1.9.11
1888 530 2706 773 [incompréhensible] 4, 7
2700 572 3256 805 G.C.R.P
1687 674 2236 888 Votre très-hier.
3521 1035 3764 1173 :99 a
1195 1201 3722 1431 wie Otto ein Nervenarzt war, dem er seit Jahren
1201 1438 3633 1594 im Hause des Bruders nicht mehr begegnet war.
1208 1559 3607 1783 Nachher bei Kaffee und Zigarre hatte ihm der
1189 1732 3690 1891 Gelehrte in ein anscheinend gleichgültiges Ge-
1205 1859 3652 2045 spräch.hauptsächlich über musikalische Gegen-
1195 2045 3610 2214 stände, gezogen, bei dem Robert sich im Ganzen
1189 2179 3741 2390 gut gehalten und Widerspruch gegenüberkeinerlei
1189 2329 3700 2537 Erregung gezeigt,- ebenso wie er sich auch bei
1173 2537 3709 2697 Tisch so harmlos gegeben hatte, dass selbst ein
1195 2697 3697 2828 voreingenommener Beobachter ihn nicht für ver-
1176 2828 3479 2987 rückt hätte halten können. Trotzdem lag es
1163 2975 3569 3131 durchaus nicht ausser dem Bereich aller Mög-
1163 3118 3732 3288 lichkeiten, dass einem ärztlichen Beobachter, der
1169 3281 3681 3457 ihn lange nicht gesehen,gewisser Veränderungen
1163 3435 2786 3652 seiner Züge aufgefallen wären
