4936 5764
1764 405 2500 601 V. R. W.C.P. v. C. F.
1010 399 1513 595 1 4, 1, 4, 4.
3591 925 3924 1180 186
876 1072 3411 1238 Und kommt es nicht auch vor - dass sie sich
876 1278 3506 1425 tänden.  Können nicht selbst - ihr
912 1438 3447 1650 sinnig werden und einen Geistis
931 1627 3346 1827 geänden für geeilecksank hatten -
948 1751 3447 1954 Und ist w wicht Eines der Arden
961 1967 3411 2192 rellemplos angeliefert, - der
935 2189 3415 2398 krautte dem Genieder - nie der
997 2415 3320 2621 feinde den Krancken -?.Hier
1026 2601 1385 2777 aber
