4696 5572
2448 219 3329 399 1 1 1 - 1.
2209 196 2405 372 P.
1637 211 2005 415 G.C.P.
1222 196 1512 462 G.H.P.
3908 325 4092 450 146
1022 450 4096 678 auf dem menschenleeren beschne iten Marktplatz hin und her, sehr
1022 611 3944 893 gemächlich, eine zigarre im Munde, so dass er jedem, der ihn so
1026 818 3908 1038 gesehen, als ein sorgenfreier Wintertourist hätte erscheinen
1018 1006 4010 1230 müssen. Plötzlich fielen ihm die Aufzeichnungen wieder ein, die
1018 1175 3987 1355 er am Abend niedergeschrieben hatte. Könnt' ich's nicht wagen
1003 1398 4085 1566 mit ihrer Hilfe den Kampf aufzunehmen? sagte er sich. Wohin sende
1010 1563 4006 1751 ich sie nur? An Paula? Oder ans Gericht? oder an den Professor
3110 1625 4343 1774 n mai si beobamblet.
2620 1704 2871 1794 in
999 1754 3987 1935 den Otto neulich zu-meiner Beobachtung geladen hatte? Wer di e-
1923 1872 2193 1978 last
991 1903 4045 2099 se Aufzeichnungen gelesen hat, kann mich nicht mehr für wahnsin-
1762 2056 2001 2142 kare
979 2091 4120 2244 nig halten. Das ist vollkommen ausgeschlossen. Aber ich werde das
987 2303 3944 2452 Ganze noch einmal schreiben, ausführlicher und verständlicher.
971 2405 4092 2636 Morgen mit dem ersten Zug fahre ich von hier weiter, gehe dann an
971 2616 3967 2796 einer Zweigstation auf eine andere Strecke über, irgendwo-
952 2820 3944 2984 hin,wo mich niemand vermutet,und dort setze ich meine Anklage-
952 3000 3861 3172 oder meine Verteidigungsschrift sorgfältig auf. Anklage oder
952 3133 3897 3352 Verteidigung? Ja, was ist es eigentlich? Und er begann zu grü-
3666 3250 3861 3368 es
1159 3254 2154 3407 nicht dort uxendire
936 3309 4002 3505 beln,ob ingendw eine Schuld von seiner Seite vorläge? Wie ein
3654 3427 3834 3529 me
940 3529 3971 3666 blasses Gespenst schwebte die Gestalt jener armen Klavierlehre-
2640 3599 3987 3732 der seltsame Zweifel in ihr
282 3505 775 3830 #iiutde
920 3681 3975 3822 rin durch seinen Sinn, und wieder meldete sich das Gefühl, als ob
2553 3795 2777 3920 regts
266 3795 725 3916 er receive
932 3811 4010 4077 in jener Begegnung sich das Leben zum letzten Mal mit einer Fra-
247 3873 885 4057 l Stele leibrelipy
219 4010 838 4159 Liebesnoit
928 4049 3975 4280 ge an ihn gewandt hätte,die er gedanksnlos, ja grausam beantwor-
3290 4139 3536 4261 dens
1100 4163 1371 4308 hatte.
223 4136 756 4327 verbracht
1809 4171 2479 4277 noch einmal
928 4226 4042 4418 tet. Er erlebte es wieder in der Erinnerung, wie jemas einsame Ge-
223 4280 572 4519 selle
909 4367 3944 4578 schöpf aus dem davonfehrendan Wagen sich nach ihm umgewandt, ihm
905 4555 3998 4797 traurig-ernst zugenickt und wie er selbst ihr ungerührt und her-
1625 4700 1939 4817 blicht
877 4758 4026 4962 zenskalt nachgesehen hatte. Doch sah er sich völlig anders, als er
885 4915 4026 5119 in jenem Augenblick und überhaupt jemals ausgesehen haben konnte.
858 5079 3826 5342 Uebergross und heger stand er da in einem fliegenden dunklen
