4872 5800
2751 456 2936 654 P.S.
2208 495 2665 723 „ „
960 387 2135 710 Monsieur Männerin bey der E. Z. A. M.C. Mitte aufgelegen.
3939 448 4180 706 34
3539 525 3724 745 II.
1128 667 4193 887 Tage ins Gebirge gehe." Er hatte absichtlich Leinbachs Vornamen
1119 861 4107 1093 genannt, um ihn gewis sermassen als den alten Freund und nicht
2893 994 3913 1132 au succifilbaren
1119 1050 4051 1296 etwa in seinem für Otto immer etwas zweifelhaften ärztlichen
1115 1253 4081 1451 Charakter ins Gespräch einzuführen. Otto konnte trotzdem ein
1111 1416 4197 1636 spöttisches Lächeln nicht unterdrücken. Umso mehr liess es sich
1102 1597 4189 1812 Robert später, als man bei Tische sass, angelegen sein, Leinbachs
1093 1744 4064 2002 menschliche Vorzüge, insbesondere seine Liebenswürdigkeit und
1081 1942 4176 2183 Gutherzigkeit zu loben,wobei er die Absicht verfolgte,
1081 2135 3986 2295 sich von dieser Seite eines Schutzes gegenüber feindseligen
1081 2351 4047 2518 Mächten zu versichern. Er sprach lebhaft, mit bewusster Aufge-
2673 2419 3194 2540 Obeim
1068 2480 4094 2691 räumtheit, berichtete dann in gleich lebendigen Weise von ein-
1050 2678 3956 2837 seiner Reise, verweilte mit besonderer Wärme
1033 2815 4068 3061 bei der Schilderung der schönen Sommertage am Vierwaldstätter-
3328 2949 3681 3074 dabei
1038 3069 4154 3199 see, ohne Albertens zu erwähnen, und es war ihm xxxxfert, als wem
1025 3203 4073 3422 er irgend einen über ihm schwebenden Verdacht abwehren müsste.
3633 3276 4232 3483 abhalter
1502 3367 4025 3590 Nach Tisch, da der Bruder Ordination aufnehmen
3074 3491 3621 3595 Schweren
1016 3526 4189 3754 musste, blieb Robert mit der Schwägerin allein. Er rauchte schwai-
2566 3676 2755 3784 sich
1003 3741 4197 3965 gend seine Zigarre, als Marianne/mit der Frage sich an ihn wandte:
1007 3905 4038 4094 „Was macht denn dein Klavierspiel?“ - „Mein Klavierspiel“, wie-
1304 4038 2127 4159 etwas me lautolisch
986 4103 4094 4271 derholte er. Das weiss ich eigentlich selber nicht. Auf Rei sen
964 4275 4038 4460 komnt man begreiflicherweise wenig dazu. Manchmal hat es mir
3293 4400 3870 4512 Le helver
2411 4400 2815 4516 memte
3922 4434 4090 4619 tain
964 4438 3844 4641 wohl gefehlt." - „Uns auch“, anwidamte Marianne freundlich.
1326 4581 3646 4688 Es war Roberts Gewandert gewesen sich
1838 4636 4081 4852 nach den Mahlzeiten, im Haus des
956 4572 1696 4804 ondert laisser-
1171 4731 2161 4865 cubli et Robert
930 4813 3939 4989 Bruiens, pflegte an sich gern, die zigarre zwischen den Lippen,
1610 4946 1911 5058 xyz
762 4968 4223 5166 an den Flügel hinzusetzen und sich, wie Marianne sie nannte, Albert a
1614 5114 2174 5287 verbegeben
1653 5222 2165 5437 zunehmen
