4920 5828
4060 458 4216 696 43
1236 677 4358 1012 erzählte sie ihm allerlei von ihrem Leben. Sie gab Klavierlektio-
3955 838 4184 943 Drucke
1222 925 4275 1213 nen; ihr Mann, ein Magistratsbeamter, war vor drei Jahren gestor-
3227 1035 3465 1140 is vo
1433 1057 3140 1218 und mir, verantwet und Niederlos
1231 1103 4321 1364 ben. Sie war kinderles, wohnte zusammen mit einen Ensundin in ei-
2550 1236 3136 1369 re
1213 1277 4225 1547 ner nahen Seitengasse,bei einer besseren Handwerkerfamilie, wo
2449 1424 2701 1552 theil
1231 1460 4147 1730 sie auch den mittagstisch hatte. Im letzten Sommer hatte sie
1218 1643 4339 1858 sich zum ersten Mal nach ihres Mannes Tod drei Wochen Urlaub ge-
3639 1739 4047 1868 breate
1222 1817 4294 2078 gönnt, die sie in einem kleinen ort nah von Wien verlahte. „Dort
1222 2010 4166 2202 habe ich mich auch wieder verlobt", setzte sie hinzu. „Es ist
1218 2188 4362 2449 aber nichts draus geworden. Besser so", schloss sie achselzuckend.
1208 2321 4285 2605 als sei sie kein besseres Schicksal gewohnt und kaum eines bes-
1222 2577 2975 2756 seren wert als des ihr beschiedenen.
4184 2476 4376 2710 er
1685 2733 4175 2925 Ein offener Einspänner trottete vorn ei, der Kutscher
2769 2797 4285 2943 Robert ludseine Beglestern
1218 2893 4312 3085 schmang grüssend die Peitsche. „Wie würde mit einer kleinen Spa-
1318 3049 3099 3177 p eine Blämer Spapenfehrt in
1199 3085 4248 3287 zierfahrt", wandtes ich Robert an seine Begleiterin. Sie niakta
3520 3122 4422 3314 weiter und dam
2710 3195 3195 3328 durch die
1195 3227 4243 3461 ###w. Sie stiegan ein und fuhren an den Vorstadthäusern vonhal
2069 3392 2444 3520 Jeudière
1218 3410 4266 3644 unter dem Bahnviadukt weiter hinaus, auf die Laxenburgerstrasse,
2673 3548 3277 3667 mit dem
2518 3570 4243 3799 nd den Blick auf die im Abend
1199 3621 2357 3850 die xxx
1195 3731 4339 3960 verdämmernde Hügelkette faeiliess. Allmählich rückten sie näher
1195 3946 4124 4161 ansinander. Er hatte nun noch von sich zu erzählen begonnen,
2998 4074 3369 4202 laufen
2197 4111 2614 4220 op
1099 4133 1533 4266 erreichte
1213 4138 4088 4321 schönst von seiner Reise, dann auch von seinem Klavierspielen,
371 4188 1062 4399 and fragle in
4033 4184 4417 4353 da ihr
1680 4294 1982 4413 usag
1341 4275 4230 4596 wenn sie nicht sonderlich zu fesseln schien.
394 4330 1241 4513 Spalle vant trenne
2632 4344 4431 4578 be dein tete als ein Erwerbsmöglichte.
394 4445 1282 4628 Rt in quel, would
1181 4468 4445 4747 badantate die Musik kaum mehr als einen zwälligen gewerb, und
3026 4610 3964 4738 hilste sich eröst.
664 4687 4344 4893 als Schreiben die möchte bescheidene Kenntnisse aus, die sie als junges Mädchen
1845 4829 2513 4953 Umständen
1176 4848 3534 5063 in besseren Verhältn###en sich angeeignet hatte.
1648 4999 4257 5260 Die Sonne war gesunken und es wurde empfindlich kühl.
