4936 5812
4199 476 4489 717 56 C
1814 641 2358 798 augemessen
1076 649 4308 967 Robert für richtig sich zu verabschieden. „Auf heute Abend“,
1310 923 4308 1136 sagte Paula und er fühl te dann, dass ihre Blicke ihm folgten.
4465 903 4675 1181 aueil
1773 1060 4401 1326 Während eines einsamen Nachmittagsspaziergangs spiel-
1302 1286 4324 1475 te er mit der Frage,ob er es wagen dürfte, um Paulas Hand anzu-
4425 1257 4606 1491 leurs
1273 1431 4352 1668 halten. Ihre Gegenwart tat ihm wohl; dass sie nicht mehr allzu
1850 1552 2640 1701 seine Vermeilung
1278 1624 4288 1846 jung war und auch, dass sie schon etwas Ernsteres erlebt haben
1261 1842 4280 2019 mochte, brachte sie ihm näher. Aber ob er es bei seinem Gesund-
2885 1922 3268 2039 durfte
1261 1979 4300 2156 heitszustande überhaupt noch wagen xxx, ein fremdes Geschick
2656 2092 3397 2212 dan Rechthalt
1249 2180 4369 2378 an das seine zu binden? Warum nicht, antwortete er sich selbst.
1136 2269 1701 2418 schweres un
2273 2277 2696 2382 scha
3426 2293 3607 2390 Mrall
1241 2362 4264 2535 Alle dunklen Gedanken wurde in ihrer Nähe verflogen, und es
1463 2434 2466 2563 rielleicht nur en ihui
1229 2515 4171 2696 lag xxxx sie für immer von sich fern zu halten.
1709 2660 4163 2881 Am Abend sass er mit den beiden Damen lange in der
3861 2841 4151 2930 was
1205 2902 4324 3071 Halle zusammen. Man plauderte über Allerlei und Robert schien etc.,
1205 3051 4244 3232 als hätte er noch nie von einem weiblichen Wesen so treffende
1189 3164 4296 3389 Urteile über Menschen und Dinge aussprechen gehört, als aus Pau-
3893 3349 4522 3498 es fügte sich
1177 3409 4296 3583 las Munde. Die Unterhaltung geriet ins Allgemeinere und
1173 3546 4074 3756 es so weit, dass Robert in ganz leichtem, fast humoristischem
3341 3696 4252 3837 me et nénamite
1628 3712 1850 3816 der
1173 3752 4276 3957 Ton von sainen nervösen, wechselnden Stimmungen erzählte, die ihn
1149 3937 4312 4155 zu seiner Urlaubsreise veranlasst, aber nun allmählich ihre Macht
1145 4147 4256 4352 über ihn verloren hätten. Er fühlte, wie gut Paula ihnverstand,
1132 4308 4195 4542 wie sie noch mehr zu erraten vermochte, als er erzählte, und er
1112 4461 4288 4663 dachte: ihr könnt ich alles gestehen, auch Verb rechen, wenn ich
1116 4610 2539 4892 sie wirklich begangen näets.
3663 4691 3998 4864 grand,
3252 4639 3583 4884 an den
2728 4735 3192 4892 Robert
1862 4780 2233 4888 der It
1592 4852 4203 5029 In dieser Nachtsträumte er von der armen Klavierlehr-
1092 4997 4207 5219 rerin, mit der er seinen letzten Wiener Abend verbracht hatte.
1072 5142 4135 5420 Er schritt mit ihr denselben Waldespfad einher, den er in jener
