4904 5748
1408 385 1574 597 11
2067 377 3152 613 1. ƒ 1    1  11.
3260 431 4258 762 aber inderitand des 20
1736 642 2345 820 verlogeur
3235 700 3471 812 hm
1230 684 4250 940 das musste seine Ursachen haben, denen er/zögernd nachgrübelte.
2556 866 3529 994 d seine Geldmittel, we
1210 944 4155 1114 Und allmähl ich fühlte er, wie aus den tiefsten Gründen seiner
2452 1040 4022 1181 als wolle ne
2150 1056 2403 1172 halten
1205 1106 4296 1330 Seele dumpf eine Erinnerung hervorschlich, sie sich nicht länger
2419 1234 3103 1350 nherbergen nicht
1205 1280 4374 1504 in ihrem jahrelangen, trügerischen Schlummer welke halten lassen;
2556 1408 2755 1516 eine
1214 1417 4287 1628 und nun diese konnte es sein; die ihn vor der Helmkehr erzittern
2676 1570 3571 1690 - his as
1181 1616 4416 1785 machte. Es war vereret nur ein Wort, das dr###d in ihm zu klin-
3028 1752 3488 1868 eigenen
1802 1744 2751 1885 dirk achtete ich
1189 1802 4229 2026 gen anlub und das sich gleichsen seinen Sinn nicht eingestehen
2469 1926 3306 2051 G.C.F.S
1189 1993 4238 2154 wollte; ja, mit Absicht, als wäre damit eine Frist gewonnenen,
2378 2096 3028 2220 G.C.
1168 2125 4167 2361 fasste er von dem Wortnichts anderes auf als die Silbenfolge
1810 2307 2117 2415 Oberne
1176 2345 4345 2531 und flüsterte einmal,zehnmal, fünfzig Mal vor sich hin, als ver-
1777 2457 2055 2581 et is
1164 2510 4209 2693 möchte er es auf diese Weise seiner Bedeutung,wie seiner Kraft
2436 2643 2763 2763 beym
1147 2709 4416 2846 zu berauben. Und wirklich wurde es allmählich leen und nichtigen
1152 2829 4482 2978 were in pfalliges    Leute  -   Laute of Leiben  mittelst to meie and expect
1135 2925 4196 3086 ein Nacheinander von Buchstaben nicht sinnvoller als unter dem
692 2904 1052 3032 weiden
1127 3045 4258 3219 heimrasenden Zug das Singen der Räder, mit dem es sich vermischte
1123 3248 4006 3426 und in dem es sich endlich für den mählich Entschlümmernden
1123 3389 1843 3604 völlig verlor.
2796 3616 3836 3807 ligen ersten Eindruck
1582 3712 4147 3977 Als Robert in strömendem Regen am Bahnhof in den Wa-
2324 3890 3521 4010 ment surtout
1081 3952 4155 4151 gen stieg, gab er dem Kutscher unwill xxxlich die Adresse seiner
1094 4118 4225 4263 früheren Wohnung, die er bei seiner Abreise gekündigt hatte; dann
2651 4246 2900 4337 pfle
1135 4246 1864 4379 rich berinend
1081 4300 4167 4495 erst nannte er den Namen des alten Gasthofes, in dem er Quartier
2622 4428 2887 4532 chen,
1040 4474 3981 4685 bestellt hatte. Hinter einer Kirche zwischen hohen disteren
2316 4611 2722 4735 zu verle
1056 4623 4118 4834 Häusern der inneren Stadt gelegen,bot er nicht den freundlich-
2162 4801 2428 4909 dhl an
3857 4731 4408 4946 longender
1044 4847 4022 5033 festlichen Anblick dar, mit dem ###e neuentstandenen den Ankom-
2030 4975 2639 5075 ten Forderung
1023 4971 3948 5224 den willkommen zu heissen pflegen; Robert aber hatte gerade
1350 5166 1665 5307 unbontit
