4920 5848
1558 512 2027 683 V. R. W. I. 1. 11.
3899 405 4359 764 92
3384 1393 3553 1555 81
2121 1506 2345 1681 12.
1419 1691 3559 1859 Die Verlobten suchten in vorstädtischen
1127 1875 3569 2005 Bezirken nach einer ihren Verhältnissen ent-
2989 1979 3440 2063 Sie waren
1140 2047 3585 2170 sprechenden bescheidenen Wohnung. Manxwar für
1127 2193 3608 2312 die nächste Zukunft auf Roberts Beamtengehalt
1104 2332 3695 2507 und auf eine geringfügige Rente aus dem Erbteil
1121 2484 3501 2614 von Paulas Grosseltern angewiesen und Paula
1091 2678 3695 2795 sprach zuweilen davon, ob sie nicht durch Ertei-
1079 2814 3572 2925 lung von Violinlektionen das Ihrige zum Haus-
1069 2947 2636 3164 halt werde beitragen können.
