4872 5812
1350 451 1659 602 V. P.
4001 651 4270 854 33 A
3647 724 3944 878 troux de
1545 712 1712 862 3
3058 683 3249 907 e de
3708 825 4022 1004 beide
1122 878 4054 1094 takelten Segelboot sowie einem Schlachtschiff, die er soeben
1118 1078 4127 1265 in einem Spielwarengeschäft in dankbarer Erinnerung an seinen
2484 1224 2785 1362 been
1118 1252 4164 1456 letzter-Stranddufenthalt einstanden hatte, trat er in das Zimmer
1098 1407 4225 1679 seiner Neffen, eines neunjährigen und eines sechsjäbrigen Knaben
2029 1594 2269 1712 den
1098 1610 4184 1822 die dem Oheim und xxx Geschenken einen freudigen Empfang be-
1082 1781 4034 1972 reiteten. Eben war er daran den Kindern ohne besondere Fach-
3424 1927 3879 2053 Bouait
1086 1960 4355 2212 kenntnisse, aber umso gemeinverständlicher, die Kommission der Sec-
1065 2131 4225 2342 Fahrzeuge zu erläutern, als die Mutter mit vielen kleinen Paketen
1053 2322 4111 2521 heimkehrte und den Schwager aufs Herzlichste willkommen hiess.
1053 2529 4135 2720 Sie setzte sich ihm gegenüber an den langen weissen spieliisch
2082 2655 2525 2769 babits
1057 2728 4095 2887 der Kinder / hin und hätte xxx mit ihrem gewohnten spöttisch-
1631 2830 1976 2952 eid in
2297 2830 2855 2952 leobnische.
1045 2899 4119 3029 vergnügten Lächeln seinen technischen Erörterungen ###. Erbrach
3318 3005 4404 3184 wille er willen x
1073 3017 2005 3131 nicht einzulassen.
1037 3123 2846 3265 bald ab und xxx von ###an-Raiten-
2964 3111 4168 3237 euzählen. Otto trat sin,
2964 3168 4270 3314 so auch geehrtei seinen
354 3054 927 3249 Diese sie
1098 3192 2220 3281 sobald alle heimt
2419 3184 2789 3322 2.
2066 3237 2253 3318 the
277 3204 854 3375 Maitre Ri
1029 3298 4054 3448 noch im Ueberzieher, xxx schwarzlederne Ärztenstasche in der
232 3306 793 3460 sibelabrt
3708 3371 3973 3489 in me
2489 3375 2932 3521 schiene
232 3416 870 3615 Oth Santi
1017 3408 4180 3590 Hannr. Sein Haar und sein Bart waren gaanar, als Robert sia in der
1273 3542 2131 3676 Grains jeunesders
220 3525 931 3704 Havie schouven
1017 3639 2232 3757 Erinnämung hawahnt hatte.
2297 3546 4131 3814 „Nun also, da wär man ja wieder“, sagte
187 3651 947 3826 sei. heresabes
1679 3729 2733 3863 legtende tante her
199 3790 931 3932 in einer toutum
1021 3765 3989 4001 er trocken. Dann ergriff er des Bruders Hände, schüttelte sie
183 3904 874 4062 Wm Robert's Re
1004 3895 4054 4123 und nach einem leichten Zögern umarmte er ihn,worauf sie Beide
500 4017 752 4131 mit
175 4042 748 4184 nich het
3452 4091 4070 4205 mit ohne
1724 4091 2147 4217 hinder
354 4127 622 4225 wede
996 4103 4083 4318 etwas verlegen schienen. Marianne betrachtet sie mit einem Lä-
175 4164 907 4335 for Lerex Starde
1183 4261 2297 4400 mitte uns bepricht gl
159 4282 899 4473 et gesetzlich
984 4318 3940 4514 ohain dak Befriedigung. „Du kommst heutetwohl schon aus dem
171 4444 866 4636 Et huis vert dic
968 4461 4034 4680 Ministerium" fragte dtto. „Du überschätzt meinen Eifer“, erwi-
171 4587 850 4798 schnay le clerc
960 4656 3985 4900 derte Robert. Mein Urlaub läuft noch einige Tage, und es wäre
155 4725 813 4896 Arplendant
167 4863 862 5071 in the Hand;
960 4798 4058 5026 nichts unden kbar, dass ich, einer Anregung Edmunds folgend, den ich
939 5006 4005 5274 gestern Abend zufällig im Café getroffen habe, noch auf ein paar
