<?xml version="1.0" encoding="UTF-8" standalone="yes"?>
<PcGts xmlns="http://schema.primaresearch.org/PAGE/gts/pagecontent/2013-07-15" xmlns:xsi="http://www.w3.org/2001/XMLSchema-instance" xsi:schemaLocation="http://schema.primaresearch.org/PAGE/gts/pagecontent/2013-07-15 http://schema.primaresearch.org/PAGE/gts/pagecontent/2013-07-15/pagecontent.xsd">
    <Metadata>
        <Creator>prov=READ-COOP:name=TrHtr:version=2.1.0:model_id=51170:date=15_08_2023_02:26</Creator>
        <Created>2023-05-10T15:04:11.406+02:00</Created>
        <LastChange>2023-08-15T02:26:29.232+02:00</LastChange>
        <TranskribusMetadata docId="1428794" pageId="55429438" pageNr="11" tsid="132837315" status="IN_PROGRESS" userId="64420" imgUrl="https://files.transkribus.eu/Get?id=EZJHUGCIWDXOVEWBZXAXVKKL&amp;fileType=view" xmlUrl="https://files.transkribus.eu/Get?id=JYBYLTNAALWZJCWYBRKSUHXV" imageId="44703511"/>
    </Metadata>
    <Page imageFilename="1428794_0011.jpg" imageWidth="4872" imageHeight="5748">
        <ReadingOrder>
            <OrderedGroup id="ro_1711805679559" caption="Regions reading order">
                <RegionRefIndexed index="0" regionRef="tr_1"/>
                <RegionRefIndexed index="1" regionRef="tr_2"/>
            </OrderedGroup>
        </ReadingOrder>
        <TextRegion id="tr_1" custom="readingOrder {index:0;}">
            <Coords points="405,409 4524,409 4524,3979 405,3979"/>
            <TextLine id="tr_1_tl_1" custom="readingOrder {index:0;}">
                <Coords points="1005,611 3790,465 4246,590 4359,557 4368,327 2307,406 1951,260 1013,306"/>
                <Baseline points="1026,561 1062,561 1151,555 1241,555 1331,549 1420,543 1510,537 1599,531 1689,531 1778,525 1868,519 1957,519 2047,513 2136,513 2226,507 2315,507 2405,507 2494,507 2584,501 2674,501 2763,495 2853,489 2942,483 3032,483 3121,477 3211,477 3300,477 3390,471 3479,477 3569,471 3658,471 3748,465 3837,465 3927,465 4017,465 4106,465 4196,465 4285,459 4375,459"/>
                <TextEquiv>
                    <Unicode>and nicht at acke beintigend geler de pja alle ryend</Unicode>
                </TextEquiv>
            </TextLine>
            <TextLine id="tr_1_tl_2" custom="readingOrder {index:1;}">
                <Coords points="1005,729 2827,636 3844,750 4146,708 4150,540 1009,603"/>
                <Baseline points="1032,704 1110,692 1199,692 1289,686 1378,686 1468,680 1557,674 1647,674 1736,662 1826,662 1916,662 2005,662 2095,662 2184,662 2274,656 2363,650 2453,650 2542,644 2632,644 2721,638 2811,632 2900,632 2990,626 3079,620 3169,614 3258,614 3348,608 3438,602 3527,602 3617,602 3706,596 3796,596 3885,602 3975,614 4064,614 4154,626"/>
                <TextEquiv>
                    <Unicode>einmal schon am eignen teil verspürt haben wollte.</Unicode>
                </TextEquiv>
            </TextLine>
            <TextLine id="tr_1_tl_3" custom="readingOrder {index:2;}">
                <Coords points="2760,858 2935,879 2982,842 3048,854 3090,817 3174,804 3203,829 3308,808 3392,858 3404,636 3329,666 3270,649 3120,741 3019,745 2881,687 2772,704"/>
                <Baseline points="2787,829 2871,829 2960,817 3050,811 3139,805 3229,799 3318,799 3408,793"/>
                <TextEquiv>
                    <Unicode>challe de</Unicode>
                </TextEquiv>
            </TextLine>
            <TextLine id="tr_1_tl_4" custom="readingOrder {index:3;}">
                <Coords points="1156,1009 4028,951 4234,896 4242,708 2940,879 2592,754 1164,829"/>
                <Baseline points="1181,966 1199,966 1289,966 1378,966 1468,960 1557,955 1647,960 1736,949 1826,949 1916,949 2005,949 2095,949 2184,943 2274,937 2363,937 2453,937 2542,931 2632,931 2721,931 2811,931 2900,925 2990,919 3079,919 3169,913 3258,913 3348,907 3438,901 3527,901 3617,901 3706,901 3796,901 3885,895 3975,895 4064,889 4154,883 4243,883"/>
                <TextEquiv>
                    <Unicode>verspürt haben wollte, xxx der Bruder, der treue, gewissen-</Unicode>
                </TextEquiv>
            </TextLine>
            <TextLine id="tr_1_tl_5" custom="readingOrder {index:4;}">
                <Coords points="1323,1080 1528,1085 1755,1047 1997,1068 2056,1055 2060,963 1972,1001 1830,959 1750,988 1612,963 1554,1018 1470,972 1327,984"/>
                <Baseline points="1348,1056 1438,1056 1528,1044 1617,1044 1707,1038 1796,1032 1886,1032 1975,1032 2065,1038"/>
                <TextEquiv>
                    <Unicode>Frau Monate,</Unicode>
                </TextEquiv>
            </TextLine>
            <TextLine id="tr_1_tl_6" custom="readingOrder {index:5;}">
                <Coords points="1152,1168 3614,1085 3907,1193 4234,1135 4238,909 1156,1072"/>
                <Baseline points="1175,1140 1199,1134 1289,1140 1378,1140 1468,1140 1557,1134 1647,1134 1736,1128 1826,1128 1916,1128 2005,1122 2095,1116 2184,1116 2274,1110 2363,1110 2453,1104 2542,1104 2632,1098 2721,1098 2811,1098 2900,1092 2990,1086 3079,1092 3169,1092 3258,1086 3348,1086 3438,1074 3527,1074 3617,1068 3706,1068 3796,1074 3885,1068 3975,1068 4064,1056 4154,1056 4243,1056"/>
                <TextEquiv>
                    <Unicode>hafte, ihn unbegleitet in die Ferne mit de ziehen lassen, wenn da-</Unicode>
                </TextEquiv>
            </TextLine>
            <TextLine id="tr_1_tl_7" custom="readingOrder {index:6;}">
                <Coords points="3417,1319 3555,1340 3589,1306 3672,1327 3794,1302 3878,1344 3949,1315 4003,1336 4100,1281 4250,1298 4250,1143 3848,1198 3660,1172 3572,1085 3417,1093"/>
                <Baseline points="3438,1253 3527,1253 3617,1247 3706,1247 3796,1247 3885,1253 3975,1253 4064,1253 4154,1247 4243,1265 4261,1271"/>
                <TextEquiv>
                    <Unicode>Von wina, drei nur</Unicode>
                </TextEquiv>
            </TextLine>
            <TextLine id="tr_1_tl_8" custom="readingOrder {index:7;}">
                <Coords points="1143,1353 2035,1344 2127,1281 2948,1336 2952,1110 2244,1139 2119,1240 1147,1235"/>
                <Baseline points="1169,1319 1259,1319 1348,1313 1438,1319 1528,1313 1617,1307 1707,1307 1796,1301 1886,1301 1975,1295 2065,1289 2154,1283 2244,1283 2333,1283 2423,1283 2512,1277 2602,1277 2691,1277 2781,1277 2871,1277 2960,1259"/>
                <TextEquiv>
                    <Unicode>mit eine ernstliche Verantwortung van</Unicode>
                </TextEquiv>
            </TextLine>
            <TextLine id="tr_1_tl_9" custom="readingOrder {index:8;}">
                <Coords points="4338,1327 4388,1336 4443,1315 4476,1336 4522,1340 4514,1097 4464,1110 4405,1156 4384,1160 4376,1152 4330,1164"/>
                <Baseline points="4357,1271 4446,1277 4524,1277"/>
                <TextEquiv>
                    <Unicode>be.</Unicode>
                </TextEquiv>
            </TextLine>
            <TextLine id="tr_1_tl_10" custom="readingOrder {index:9;}">
                <Coords points="1847,1415 2161,1415 2215,1365 2270,1411 2370,1369 2425,1411 2935,1415 3304,1390 3392,1369 3392,1319 2127,1286 1847,1353"/>
                <Baseline points="1868,1390 1880,1390 1969,1390 2059,1378 2148,1366 2238,1354 2327,1360 2417,1360 2506,1366 2596,1372 2685,1378 2775,1384 2865,1378 2954,1378 3044,1372 3133,1366 3223,1360 3312,1360 3402,1360"/>
                <TextEquiv>
                    <Unicode>in gleich mittel konnte ich nicht</Unicode>
                </TextEquiv>
            </TextLine>
            <TextLine id="tr_1_tl_11" custom="readingOrder {index:10;}">
                <Coords points="1147,1566 2852,1457 3739,1512 4192,1449 4196,1336 1152,1407"/>
                <Baseline points="1175,1486 1265,1498 1354,1504 1444,1510 1533,1510 1623,1480 1713,1474 1802,1456 1820,1468 1874,1480 1963,1474 2053,1474 2142,1468 2232,1462 2321,1462 2411,1456 2500,1450 2590,1456 2680,1456 2769,1450 2859,1444 2948,1438 3038,1444 3127,1444 3217,1438 3306,1432 3396,1432 3485,1426 3575,1426 3664,1426 3754,1426 3843,1420 3933,1420 4023,1420 4112,1414 4202,1420"/>
                <TextEquiv>
                    <Unicode>nicht xxx. Doch Nobert xxxte sich zugleich- und nicht</Unicode>
                </TextEquiv>
            </TextLine>
            <TextLine id="tr_1_tl_12" custom="readingOrder {index:11;}">
                <Coords points="2508,1574 2600,1558 2626,1574 2868,1566 2889,1549 2914,1566 2948,1541 2969,1562 3074,1562 3078,1495 3023,1499 2965,1470 2860,1457 2797,1487 2772,1461 2726,1461 2676,1503 2512,1499"/>
                <Baseline points="2530,1545 2548,1545 2638,1545 2727,1545 2817,1545 2906,1539 2996,1545 3085,1539"/>
                <TextEquiv>
                    <Unicode>nun diesem</Unicode>
                </TextEquiv>
            </TextLine>
            <TextLine id="tr_1_tl_13" custom="readingOrder {index:12;}">
                <Coords points="1152,1671 4196,1662 4271,1487 1152,1604"/>
                <Baseline points="1175,1665 1235,1665 1325,1665 1414,1665 1504,1659 1593,1659 1683,1653 1772,1647 1862,1647 1951,1641 2041,1641 2130,1635 2220,1635 2309,1629 2399,1629 2489,1635 2578,1629 2668,1629 2757,1629 2847,1623 2936,1617 3026,1617 3115,1617 3205,1617 3294,1611 3384,1605 3473,1605 3563,1605 3652,1605 3742,1599 3832,1599 3921,1599 4011,1587 4100,1587 4190,1581 4279,1593"/>
                <TextEquiv>
                    <Unicode>zum ersten Male — ob er sich das Bruder denn auch eine Räckhalt</Unicode>
                </TextEquiv>
            </TextLine>
            <TextLine id="tr_1_tl_14" custom="readingOrder {index:13;}">
                <Coords points="3882,1704 3936,1700 3957,1721 3966,1713 3995,1717 4066,1683 4087,1683 4108,1704 4154,1700 4158,1621 4125,1625 4116,1612 4083,1608 4062,1625 4041,1621 3974,1650 3940,1650 3911,1625 3886,1629"/>
                <Baseline points="3909,1695 3981,1689 4070,1683 4160,1683"/>
                <TextEquiv>
                    <Unicode>noch</Unicode>
                </TextEquiv>
            </TextLine>
            <TextLine id="tr_1_tl_15" custom="readingOrder {index:14;}">
                <Coords points="3032,1738 3559,1738 3635,1713 3639,1658 3518,1637 3480,1654 3446,1621 3375,1662 3325,1667 3287,1642 3216,1675 3149,1654 3082,1675 3036,1650"/>
                <Baseline points="3056,1724 3109,1724 3199,1724 3288,1724 3378,1719 3467,1713 3557,1707 3646,1701"/>
                <TextEquiv>
                    <Unicode>in du bois</Unicode>
                </TextEquiv>
            </TextLine>
            <TextLine id="tr_1_tl_16" custom="readingOrder {index:15;}">
                <Coords points="1147,1855 3848,1851 4263,1792 4267,1642 3069,1742 2018,1654 1147,1784"/>
                <Baseline points="1169,1832 1229,1838 1319,1838 1408,1838 1498,1832 1587,1832 1677,1826 1766,1826 1856,1820 1945,1820 2035,1820 2124,1820 2214,1820 2303,1820 2393,1814 2483,1814 2572,1808 2662,1802 2751,1802 2841,1802 2930,1796 3020,1790 3109,1790 3199,1790 3288,1790 3378,1784 3467,1778 3557,1778 3646,1778 3736,1772 3826,1772 3915,1772 4005,1772 4094,1766 4184,1766 4273,1760"/>
                <TextEquiv>
                    <Unicode>aufgeschlossen, und nicht vielmehr in rätschafter Scheu aaeh in</Unicode>
                </TextEquiv>
            </TextLine>
            <TextLine id="tr_1_tl_17" custom="readingOrder {index:16;}">
                <Coords points="2316,1939 2651,1922 2709,1943 2764,1905 2806,1935 2914,1939 2973,1901 3065,1922 3074,1809 2990,1805 2914,1842 2797,1809 2600,1868 2496,1830 2458,1863 2425,1838 2320,1863"/>
                <Baseline points="2339,1916 2363,1916 2453,1916 2542,1916 2632,1910 2721,1898 2811,1898 2900,1898 2990,1892 3079,1892"/>
                <TextEquiv>
                    <Unicode>tiben tudend</Unicode>
                </TextEquiv>
            </TextLine>
            <TextLine id="tr_1_tl_18" custom="readingOrder {index:17;}">
                <Coords points="1135,2035 3970,2006 4192,1968 4196,1830 1135,1951"/>
                <Baseline points="1157,2017 1163,2017 1253,2011 1342,2017 1432,2011 1522,2011 1611,2005 1701,2005 1790,1999 1880,1999 1969,1993 2059,1993 2148,1993 2238,1987 2327,1993 2417,1993 2506,1987 2596,1987 2685,1981 2775,1981 2865,1981 2954,1975 3044,1969 3133,1969 3223,1963 3312,1963 3402,1963 3491,1963 3581,1957 3670,1957 3760,1951 3849,1951 3939,1945 4028,1945 4118,1939 4208,1933"/>
                <TextEquiv>
                    <Unicode>der letzten Unterredung seina Leiden harmloser dargestellt hat-</Unicode>
                </TextEquiv>
            </TextLine>
            <TextLine id="tr_1_tl_19" custom="readingOrder {index:18;}">
                <Coords points="3593,2081 3806,2102 3945,2069 4041,2077 4083,2119 4213,2098 4263,2119 4263,1972 4175,1968 4045,2006 3865,1968 3798,1989 3760,1960 3702,1964 3668,1997 3593,1989"/>
                <Baseline points="3617,2047 3706,2047 3796,2041 3885,2041 3975,2047 4064,2053 4154,2047 4243,2047 4273,2047"/>
                <TextEquiv>
                    <Unicode>selbstung an</Unicode>
                </TextEquiv>
            </TextLine>
            <TextLine id="tr_1_tl_20" custom="readingOrder {index:19;}">
                <Coords points="3086,2090 3116,2085 3145,2110 3182,2085 3208,2090 3224,2069 3300,2094 3316,2081 3404,2085 3400,1993 3358,1981 3342,1993 3329,1981 3254,1989 3241,1976 3220,1985 3174,1976 3136,2002 3082,1989"/>
                <Baseline points="3109,2053 3199,2053 3288,2059 3378,2065 3414,2065"/>
                <TextEquiv>
                    <Unicode>detin</Unicode>
                </TextEquiv>
            </TextLine>
            <TextLine id="tr_1_tl_21" custom="readingOrder {index:20;}">
                <Coords points="1947,2119 2157,2131 2257,2098 2580,2119 2638,2098 2638,2027 2483,2039 2416,2014 2307,2056 2081,2006 2052,2035 1947,2039"/>
                <Baseline points="1969,2089 2047,2083 2136,2083 2226,2083 2315,2083 2333,2089 2381,2089 2471,2089 2560,2083 2650,2077"/>
                <TextEquiv>
                    <Unicode>br under.</Unicode>
                </TextEquiv>
            </TextLine>
            <TextLine id="tr_1_tl_22" custom="readingOrder {index:21;}">
                <Coords points="1147,2232 3840,2207 4058,2178 4062,2077 1152,2106"/>
                <Baseline points="1175,2184 1205,2190 1295,2196 1384,2196 1474,2190 1563,2190 1653,2184 1742,2184 1832,2178 1921,2178 2011,2178 2101,2172 2190,2172 2280,2172 2369,2172 2459,2166 2548,2172 2638,2166 2727,2160 2817,2154 2906,2154 2996,2154 3085,2154 3175,2148 3264,2148 3354,2148 3444,2142 3533,2136 3623,2130 3712,2130 3802,2124 3891,2124 3981,2130 4070,2124"/>
                <TextEquiv>
                    <Unicode>te, als er selbst empfand. Hatte er sich nicht über seine</Unicode>
                </TextEquiv>
            </TextLine>
            <TextLine id="tr_1_tl_23" custom="readingOrder {index:22;}">
                <Coords points="2085,2265 2152,2291 2487,2270 2508,2286 2642,2286 2646,2186 2270,2203 2169,2173 2085,2198"/>
                <Baseline points="2107,2262 2118,2262 2208,2262 2298,2262 2387,2262 2477,2256 2566,2256 2656,2256"/>
                <TextEquiv>
                    <Unicode>Bertavater</Unicode>
                </TextEquiv>
            </TextLine>
            <TextLine id="tr_1_tl_24" custom="readingOrder {index:23;}">
                <Coords points="1147,2412 4058,2370 4347,2320 4351,2190 1147,2320"/>
                <Baseline points="1169,2369 1175,2363 1265,2369 1354,2369 1444,2363 1533,2369 1623,2369 1713,2363 1802,2357 1892,2357 1981,2357 2071,2357 2166,2353 2166,2353 2214,2345 2303,2345 2393,2339 2483,2345 2572,2345 2662,2345 2751,2339 2841,2339 2930,2333 3020,2327 3109,2333 3199,2327 3288,2321 3378,2321 3467,2315 3557,2315 3646,2315 3736,2309 3826,2309 3915,2309 4005,2303 4094,2298 4184,2298 4273,2292 4363,2292"/>
                <TextEquiv>
                    <Unicode>vielfachen kleinen Beschwerden lustig gemacht in der halbbbewussten</Unicode>
                </TextEquiv>
            </TextLine>
            <TextLine id="tr_1_tl_25" custom="readingOrder {index:24;}">
                <Coords points="2140,2471 2198,2466 2228,2483 2265,2479 2316,2433 2345,2462 2387,2462 2391,2353 2270,2370 2224,2345 2203,2345 2144,2362"/>
                <Baseline points="2168,2391 2262,2405 2351,2393 2399,2393"/>
                <TextEquiv>
                    <Unicode>sein</Unicode>
                </TextEquiv>
            </TextLine>
            <TextLine id="tr_1_tl_26" custom="readingOrder {index:25;}">
                <Coords points="4070,2425 4104,2425 4129,2399 4204,2399 4267,2454 4338,2454 4380,2437 4376,2332 4326,2341 4309,2324 4288,2324 4221,2353 4196,2353 4171,2328 4141,2345 4116,2332 4100,2349 4066,2345"/>
                <Baseline points="4094,2393 4184,2393 4273,2399 4363,2411 4387,2411"/>
                <TextEquiv>
                    <Unicode>in ihm</Unicode>
                </TextEquiv>
            </TextLine>
            <TextLine id="tr_1_tl_27" custom="readingOrder {index:26;}">
                <Coords points="1131,2575 3986,2559 4175,2533 4179,2404 2977,2353 2529,2466 1135,2492"/>
                <Baseline points="1157,2548 1229,2548 1319,2548 1408,2548 1498,2542 1587,2542 1677,2542 1766,2536 1856,2536 1945,2536 2035,2530 2124,2530 2214,2530 2303,2524 2393,2524 2483,2524 2572,2518 2662,2518 2751,2512 2841,2512 2930,2512 3020,2512 3109,2512 3199,2506 3288,2500 3378,2500 3467,2500 3557,2494 3646,2494 3736,2489 3826,2489 3915,2483 4005,2483 4094,2483 4184,2477"/>
                <TextEquiv>
                    <Unicode>Hoffnung auf diese Art gewissermassen ein gelinderes Urteil/zu</Unicode>
                </TextEquiv>
            </TextLine>
            <TextLine id="tr_1_tl_28" custom="readingOrder {index:27;}">
                <Coords points="448,2580 574,2546 770,2588 900,2559 1022,2621 1097,2621 1093,2437 1001,2416 917,2437 825,2416 800,2437 657,2387 595,2446 448,2437"/>
                <Baseline points="471,2536 561,2542 650,2542 740,2542 829,2548 919,2548 1008,2548 1098,2548 1104,2548"/>
                <TextEquiv>
                    <Unicode>&amp; wittest</Unicode>
                </TextEquiv>
            </TextLine>
            <TextLine id="tr_1_tl_29" custom="readingOrder {index:28;}">
                <Coords points="1587,2651 1662,2655 1780,2642 1780,2559 1746,2559 1738,2550 1700,2580 1667,2554 1637,2580 1587,2584"/>
                <Baseline points="1611,2638 1701,2632 1790,2638"/>
                <TextEquiv>
                    <Unicode>ten</Unicode>
                </TextEquiv>
            </TextLine>
            <TextLine id="tr_1_tl_30" custom="readingOrder {index:29;}">
                <Coords points="381,2730 431,2726 494,2680 553,2709 649,2672 808,2684 917,2659 992,2709 1026,2701 1030,2613 959,2575 925,2600 875,2571 817,2605 737,2571 511,2596 452,2567 385,2596"/>
                <Baseline points="405,2674 411,2674 501,2662 590,2656 680,2656 769,2656 859,2650 949,2650 1038,2644"/>
                <TextEquiv>
                    <Unicode>dies was</Unicode>
                </TextEquiv>
            </TextLine>
            <TextLine id="tr_1_tl_31" custom="readingOrder {index:30;}">
                <Coords points="1139,2768 4024,2730 4221,2714 4225,2525 1143,2638"/>
                <Baseline points="1163,2727 1193,2721 1283,2721 1372,2721 1462,2715 1551,2721 1641,2715 1730,2715 1820,2721 1910,2715 1999,2709 2089,2709 2178,2703 2268,2703 2357,2697 2447,2697 2536,2691 2626,2691 2715,2685 2805,2691 2894,2685 2984,2685 3073,2685 3163,2685 3253,2680 3342,2680 3432,2674 3521,2674 3611,2668 3700,2668 3790,2668 3879,2668 3969,2662 4058,2662 4148,2656 4237,2650"/>
                <TextEquiv>
                    <Unicode>erfahren (Von Jugend auf hatte er sich dem älteren Bruder gegeh-</Unicode>
                </TextEquiv>
            </TextLine>
            <TextLine id="tr_1_tl_32" custom="readingOrder {index:31;}">
                <Coords points="381,2797 469,2818 507,2789 624,2806 691,2785 817,2822 913,2793 967,2827 1026,2801 1026,2705 867,2688 833,2663 787,2705 712,2672 603,2709 498,2680 427,2730 381,2726"/>
                <Baseline points="405,2775 495,2775 584,2775 674,2775 764,2769 853,2769 943,2763 1032,2763"/>
                <TextEquiv>
                    <Unicode>des Wort, des</Unicode>
                </TextEquiv>
            </TextLine>
            <TextLine id="tr_1_tl_33" custom="readingOrder {index:32;}">
                <Coords points="1118,2944 3220,2856 4112,2923 4116,2709 1122,2810"/>
                <Baseline points="1146,2900 1163,2900 1253,2900 1342,2900 1432,2900 1522,2900 1611,2894 1701,2894 1790,2894 1880,2888 1969,2894 2059,2888 2148,2882 2238,2882 2327,2882 2417,2882 2506,2876 2596,2876 2685,2871 2775,2876 2865,2871 2954,2865 3044,2865 3133,2859 3223,2853 3312,2853 3402,2853 3491,2847 3581,2841 3670,2841 3760,2847 3849,2847 3939,2841 4028,2841 4118,2841"/>
                <TextEquiv>
                    <Unicode>über bei äusserlich glänzenderen Eigenschaften als einen Men-</Unicode>
                </TextEquiv>
            </TextLine>
            <TextLine id="tr_1_tl_34" custom="readingOrder {index:33;}">
                <Coords points="436,2948 565,2898 586,2914 662,2894 729,2935 842,2894 900,2906 967,2956 1005,2944 1001,2818 846,2801 796,2831 687,2785 544,2806 502,2839 431,2835"/>
                <Baseline points="453,2882 543,2882 632,2888 722,2888 811,2888 901,2888 990,2894 1014,2894"/>
                <TextEquiv>
                    <Unicode>vid ihm auf</Unicode>
                </TextEquiv>
            </TextLine>
            <TextLine id="tr_1_tl_35" custom="readingOrder {index:34;}">
                <Coords points="2680,2998 2776,3002 2835,2956 3099,2986 3141,2952 3220,2982 3509,2973 3547,2935 3832,2952 3832,2898 3660,2868 3605,2898 3543,2860 2680,2898"/>
                <Baseline points="2703,2942 2769,2942 2859,2942 2948,2942 3038,2942 3127,2942 3217,2936 3306,2936 3396,2936 3485,2930 3575,2930 3664,2930 3754,2936 3843,2930"/>
                <TextEquiv>
                    <Unicode>und in pto, dass sein</Unicode>
                </TextEquiv>
            </TextLine>
            <TextLine id="tr_1_tl_36" custom="readingOrder {index:35;}">
                <Coords points="444,3065 494,3048 582,3057 599,3040 649,3057 678,3036 825,3065 909,3044 913,2919 850,2898 766,2914 745,2898 699,2910 641,2894 607,2919 561,2898 448,2935"/>
                <Baseline points="465,2990 471,2990 561,2990 650,2990 740,2990 829,2990 919,2984"/>
                <TextEquiv>
                    <Unicode>drangte</Unicode>
                </TextEquiv>
            </TextLine>
            <TextLine id="tr_1_tl_37" custom="readingOrder {index:36;}">
                <Coords points="1126,3095 4074,3078 4167,2931 1126,3023"/>
                <Baseline points="1151,3079 1223,3085 1313,3085 1402,3079 1492,3079 1581,3079 1671,3073 1760,3073 1850,3067 1939,3062 2029,3062 2118,3062 2208,3062 2298,3056 2387,3050 2477,3050 2566,3050 2656,3050 2745,3050 2835,3050 2924,3050 3014,3050 3103,3044 3193,3038 3282,3038 3372,3032 3461,3032 3551,3026 3640,3032 3730,3026 3820,3026 3909,3020 3999,3020 4088,3014 4178,3008"/>
                <TextEquiv>
                    <Unicode>schen von minder hohem Wert betrachtet, dessen bürgerlicher Wan-</Unicode>
                </TextEquiv>
            </TextLine>
            <TextLine id="tr_1_tl_38" custom="readingOrder {index:37;}">
                <Coords points="1122,3266 4066,3275 4167,3090 1122,3203"/>
                <Baseline points="1146,3258 1217,3258 1307,3258 1396,3258 1486,3258 1575,3258 1665,3253 1754,3253 1844,3253 1933,3253 2023,3241 2112,3241 2202,3241 2292,3235 2381,3235 2471,3235 2560,3235 2650,3235 2739,3229 2829,3229 2918,3229 3008,3223 3097,3223 3187,3217 3276,3217 3366,3217 3455,3217 3545,3211 3635,3211 3724,3211 3814,3205 3903,3199 3993,3199 4082,3199 4172,3187"/>
                <TextEquiv>
                    <Unicode>del bei aller Liebe von jenem manchmal mit Nachsicht, öfter mit</Unicode>
                </TextEquiv>
            </TextLine>
            <TextLine id="tr_1_tl_39" custom="readingOrder {index:38;}">
                <Coords points="1118,3450 3966,3455 4066,3434 4070,3275 1118,3350"/>
                <Baseline points="1140,3432 1211,3438 1301,3438 1390,3438 1480,3438 1569,3432 1659,3432 1748,3426 1838,3426 1927,3420 2017,3420 2107,3420 2196,3414 2286,3414 2375,3408 2465,3408 2554,3408 2644,3408 2733,3408 2823,3402 2912,3402 3002,3402 3091,3396 3181,3396 3270,3390 3360,3390 3449,3390 3539,3384 3629,3384 3718,3384 3808,3384 3897,3378 3987,3378 4076,3378"/>
                <TextEquiv>
                    <Unicode>Ungeduld begleitet wurde. Ottos pflichtenschweres Dasein, der</Unicode>
                </TextEquiv>
            </TextLine>
            <TextLine id="tr_1_tl_40" custom="readingOrder {index:39;}">
                <Coords points="2278,3530 2341,3551 2366,3526 2517,3543 2638,3522 2659,3543 2873,3513 2973,3555 2977,3442 2877,3417 2843,3442 2776,3417 2709,3446 2646,3409 2559,3467 2437,3459 2387,3430 2282,3438"/>
                <Baseline points="2303,3509 2357,3509 2447,3515 2536,3509 2626,3503 2715,3503 2805,3497 2894,3491 2984,3491"/>
                <TextEquiv>
                    <Unicode>denen this Whim</Unicode>
                </TextEquiv>
            </TextLine>
            <TextLine id="tr_1_tl_41" custom="readingOrder {index:40;}">
                <Coords points="1118,3689 4137,3610 4137,3476 3991,3438 3078,3430 2810,3551 1122,3530"/>
                <Baseline points="1140,3617 1193,3611 1283,3611 1372,3611 1462,3611 1551,3611 1641,3605 1730,3599 1820,3599 1910,3599 1999,3599 2089,3599 2178,3599 2268,3593 2357,3593 2447,3593 2536,3587 2626,3587 2715,3587 2805,3581 2894,3581 2984,3575 3073,3575 3163,3569 3253,3569 3342,3569 3432,3569 3521,3563 3611,3563 3700,3563 3790,3563 3879,3563 3969,3563 4058,3557 4148,3551"/>
                <TextEquiv>
                    <Unicode>Ernst seines Berufes, bei dem es um so Unbestreitbare Werte, wie</Unicode>
                </TextEquiv>
            </TextLine>
            <TextLine id="tr_1_tl_42" custom="readingOrder {index:41;}">
                <Coords points="1114,3848 4183,3781 4267,3643 1118,3718"/>
                <Baseline points="1140,3790 1229,3790 1319,3790 1408,3790 1498,3790 1587,3784 1677,3784 1766,3778 1856,3778 1945,3778 2035,3778 2124,3778 2214,3772 2303,3772 2393,3772 2483,3772 2572,3766 2662,3766 2751,3766 2841,3760 2930,3760 3020,3754 3109,3754 3199,3748 3288,3748 3378,3748 3467,3748 3557,3748 3646,3742 3736,3742 3826,3742 3915,3736 4005,3736 4094,3736 4184,3730 4273,3736"/>
                <TextEquiv>
                    <Unicode>um Leben und Gesundheit ging, sein sicheres und zugleich opfervil-</Unicode>
                </TextEquiv>
            </TextLine>
            <TextLine id="tr_1_tl_43" custom="readingOrder {index:42;}">
                <Coords points="1097,4007 3409,4012 4192,3949 4196,3815 3446,3756 1097,3890"/>
                <Baseline points="1122,3963 1151,3969 1241,3969 1331,3969 1420,3969 1510,3963 1599,3963 1689,3963 1778,3957 1868,3957 1957,3951 2047,3951 2136,3951 2226,3951 2315,3951 2405,3951 2494,3945 2584,3945 2674,3939 2763,3939 2853,3933 2942,3933 3032,3927 3121,3927 3211,3927 3300,3927 3390,3921 3479,3921 3569,3921 3658,3915 3748,3915 3837,3915 3927,3915 4017,3915 4106,3909 4196,3915"/>
                <TextEquiv>
                    <Unicode>les Ruhen in der Familie, all dies stellte sich in Robert - Augen</Unicode>
                </TextEquiv>
            </TextLine>
        </TextRegion>
        <TextRegion id="tr_2" custom="readingOrder {index:1;}">
            <Coords points="1098,3955 4381,3955 4381,5232 1098,5232"/>
            <TextLine id="tr_2_tl_1" custom="readingOrder {index:0;}">
                <Coords points="3559,4033 3652,4033 3689,4054 3873,4045 3924,4012 4054,4012 4100,4041 4175,4028 4179,3949 4146,3936 4045,3966 4020,3945 3949,3957 3924,3940 3848,3970 3811,3953 3744,3974 3677,3945 3647,3966 3564,3966"/>
                <Baseline points="3581,4023 3652,4017 3742,4017 3832,4017 3921,4011 4011,4005 4100,4011 4190,4005"/>
                <TextEquiv>
                    <Unicode>the same</Unicode>
                </TextEquiv>
            </TextLine>
            <TextLine id="tr_2_tl_2" custom="readingOrder {index:1;}">
                <Coords points="1106,4158 4188,4179 4192,4037 1110,3982"/>
                <Baseline points="1128,4154 1157,4148 1247,4148 1337,4148 1426,4148 1516,4142 1605,4142 1695,4142 1784,4136 1874,4136 1963,4130 2053,4130 2142,4124 2232,4130 2321,4130 2411,4124 2500,4124 2590,4124 2680,4124 2769,4118 2859,4118 2948,4118 3038,4112 3127,4112 3217,4106 3306,4100 3396,4100 3485,4094 3575,4100 3664,4094 3754,4094 3843,4094 3933,4094 4023,4094 4112,4094 4202,4088"/>
                <TextEquiv>
                    <Unicode>in so hehrem Lichte da, dass ihm dagegen der Lau###e eigenen</Unicode>
                </TextEquiv>
            </TextLine>
            <TextLine id="tr_2_tl_3" custom="readingOrder {index:2;}">
                <Coords points="1097,4418 1738,4426 1964,4309 4112,4334 4167,4175 1629,4150 1101,4246"/>
                <Baseline points="1122,4327 1134,4327 1223,4321 1313,4321 1402,4321 1492,4321 1581,4315 1671,4315 1760,4315 1850,4309 1939,4303 2029,4303 2118,4303 2208,4303 2298,4303 2387,4297 2477,4297 2566,4297 2656,4297 2745,4297 2835,4297 2924,4291 3014,4291 3103,4285 3193,4285 3282,4285 3372,4279 3461,4279 3551,4279 3640,4279 3730,4273 3820,4279 3909,4279 3999,4273 4088,4273 4178,4261"/>
                <TextEquiv>
                    <Unicode>Existenz, wenn sie auch äusserlich in den Rahmen eines Amtes ge-</Unicode>
                </TextEquiv>
            </TextLine>
            <TextLine id="tr_2_tl_4" custom="readingOrder {index:3;}">
                <Coords points="1981,4435 2270,4414 2349,4447 2395,4409 2508,4443 2739,4393 2881,4439 2986,4422 2990,4305 2889,4334 2730,4305 1985,4322"/>
                <Baseline points="2005,4399 2011,4399 2101,4399 2190,4399 2280,4399 2369,4405 2459,4399 2548,4399 2638,4393 2727,4387 2817,4387 2906,4381 2996,4381"/>
                <TextEquiv>
                    <Unicode>wie aufgelöst und</Unicode>
                </TextEquiv>
            </TextLine>
            <TextLine id="tr_2_tl_5" custom="readingOrder {index:4;}">
                <Coords points="3518,4502 3551,4502 3572,4481 3698,4481 3811,4531 3924,4472 3961,4489 3970,4334 3915,4317 3882,4334 3852,4313 3735,4334 3702,4309 3601,4334 3526,4317"/>
                <Baseline points="3539,4499 3611,4458 3700,4458 3790,4458 3879,4458 3969,4464 3975,4464"/>
                <TextEquiv>
                    <Unicode>pflegte.</Unicode>
                </TextEquiv>
            </TextLine>
            <TextLine id="tr_2_tl_6" custom="readingOrder {index:5;}">
                <Coords points="1093,4518 1692,4514 1914,4615 2136,4610 2253,4506 3530,4543 3534,4326 3061,4326 2894,4435 1093,4426"/>
                <Baseline points="1116,4512 1205,4506 1295,4506 1384,4506 1474,4506 1563,4506 1653,4500 1742,4500 1832,4494 1921,4494 2011,4494 2101,4494 2190,4488 2280,4488 2369,4488 2459,4482 2548,4482 2638,4482 2727,4482 2817,4482 2906,4476 2996,4476 3085,4476 3175,4476 3264,4476 3354,4488 3444,4500 3539,4499"/>
                <TextEquiv>
                    <Unicode>spannt war, oft genug laar, ja sinnlos zu erscheinen</Unicode>
                </TextEquiv>
            </TextLine>
            <TextLine id="tr_2_tl_7" custom="readingOrder {index:6;}">
                <Coords points="3526,4552 3547,4548 3559,4531 3584,4522 3597,4531 3605,4522 3622,4535 3639,4531 3656,4543 3672,4539 3693,4548 3706,4535 3731,4535 3723,4481 3693,4481 3685,4489 3677,4481 3647,4481 3643,4489 3622,4476 3597,4489 3543,4468 3513,4472"/>
                <Baseline points="3539,4499 3635,4524 3724,4536 3736,4536"/>
                <TextEquiv>
                    <Unicode>ein</Unicode>
                </TextEquiv>
            </TextLine>
            <TextLine id="tr_2_tl_8" custom="readingOrder {index:7;}">
                <Coords points="3974,4581 4037,4602 4074,4577 4167,4577 4376,4619 4359,4397 4280,4426 4254,4456 4183,4464 4137,4506 3966,4497"/>
                <Baseline points="3993,4566 4082,4566 4172,4572 4261,4578 4351,4590 4381,4601"/>
                <TextEquiv>
                    <Unicode>under</Unicode>
                </TextEquiv>
            </TextLine>
            <TextLine id="tr_2_tl_9" custom="readingOrder {index:8;}">
                <Coords points="1093,4698 4150,4711 4196,4585 2437,4497 2136,4610 1097,4610"/>
                <Baseline points="1116,4679 1163,4679 1253,4679 1342,4679 1432,4679 1522,4673 1611,4673 1701,4673 1790,4673 1880,4673 1969,4667 2059,4661 2148,4661 2238,4661 2327,4661 2417,4661 2506,4661 2596,4655 2685,4655 2775,4655 2865,4655 2954,4655 3044,4655 3133,4649 3223,4649 3312,4649 3402,4643 3491,4637 3581,4637 3670,4631 3760,4631 3849,4631 3939,4631 4028,4625 4118,4631 4208,4643"/>
                <TextEquiv>
                    <Unicode>Von seinem Bruder herzlich und zufrieden sich begrüsst zu sehen,</Unicode>
                </TextEquiv>
            </TextLine>
            <TextLine id="tr_2_tl_10" custom="readingOrder {index:9;}">
                <Coords points="1905,4782 1993,4786 2006,4774 2081,4795 2144,4778 2265,4811 2265,4690 2203,4690 2152,4719 2060,4698 2039,4711 1997,4686 1985,4698 1964,4686 1905,4698"/>
                <Baseline points="1927,4769 2005,4763 2095,4769 2184,4769 2274,4763"/>
                <TextEquiv>
                    <Unicode>&amp; Stadt</Unicode>
                </TextEquiv>
            </TextLine>
            <TextLine id="tr_2_tl_11" custom="readingOrder {index:10;}">
                <Coords points="1089,4874 3936,4899 4196,4858 4200,4698 2651,4669 2253,4816 1089,4811"/>
                <Baseline points="1110,4864 1163,4858 1253,4864 1342,4858 1432,4858 1522,4858 1611,4858 1701,4864 1790,4864 1880,4864 1969,4864 2059,4858 2148,4852 2238,4846 2327,4846 2417,4840 2506,4840 2596,4840 2685,4840 2775,4840 2865,4840 2954,4834 3044,4834 3133,4828 3223,4828 3312,4828 3402,4828 3491,4822 3581,4822 3670,4816 3760,4816 3849,4822 3939,4822 4028,4822 4118,4822 4208,4816"/>
                <TextEquiv>
                    <Unicode>erschien ihm xxx als das Beste, was die Heimat als Empfang</Unicode>
                </TextEquiv>
            </TextLine>
            <TextLine id="tr_2_tl_12" custom="readingOrder {index:11;}">
                <Coords points="1202,4979 1231,4971 1273,4992 1311,4962 1336,4979 1407,4958 1537,4975 1566,4962 1595,4992 1658,4966 1662,4874 1583,4895 1541,4878 1503,4899 1436,4887 1415,4866 1357,4895 1327,4874 1206,4883"/>
                <Baseline points="1229,4948 1313,4948 1402,4942 1492,4942 1581,4942 1671,4936"/>
                <TextEquiv>
                    <Unicode>tlichen A</Unicode>
                </TextEquiv>
            </TextLine>
            <TextLine id="tr_2_tl_13" custom="readingOrder {index:12;}">
                <Coords points="1076,5046 4066,5042 4100,4870 1076,4975"/>
                <Baseline points="1098,5043 1151,5043 1241,5043 1331,5043 1420,5037 1510,5043 1599,5043 1689,5037 1778,5037 1868,5037 1957,5031 2047,5031 2136,5025 2226,5025 2315,5025 2405,5019 2494,5019 2584,5019 2674,5019 2763,5019 2853,5019 2942,5013 3032,5013 3121,5013 3211,5007 3300,5007 3390,5007 3479,5007 3569,5001 3658,5001 3748,5001 3837,4995 3927,4995 4017,4989 4106,4989"/>
                <TextEquiv>
                    <Unicode>ihm bieten konnte; und dass die freudige Erwartung des Wieder-</Unicode>
                </TextEquiv>
            </TextLine>
            <TextLine id="tr_2_tl_14" custom="readingOrder {index:13;}">
                <Coords points="1889,5134 1943,5155 2060,5155 2081,5142 2094,5155 2165,5155 2182,5142 2282,5151 2286,5071 2244,5063 2178,5088 2127,5054 2094,5071 2056,5058 2035,5075 1893,5071"/>
                <Baseline points="1910,5127 1933,5127 2023,5127 2112,5121 2202,5121 2292,5115"/>
                <TextEquiv>
                    <Unicode>heissen</Unicode>
                </TextEquiv>
            </TextLine>
            <TextLine id="tr_2_tl_15" custom="readingOrder {index:14;}">
                <Coords points="1076,5251 2776,5331 3036,5218 4288,5230 4250,5050 3601,5029 1080,5142"/>
                <Baseline points="1098,5222 1163,5222 1253,5222 1342,5222 1432,5216 1522,5216 1611,5216 1701,5216 1790,5210 1880,5210 1969,5210 2059,5210 2148,5204 2238,5204 2327,5204 2417,5204 2506,5198 2596,5198 2685,5198 2775,5198 2865,5198 2954,5192 3044,5186 3133,5186 3223,5186 3312,5186 3402,5192 3491,5192 3581,5192 3670,5186 3760,5180 3849,5174 3939,5174 4028,5174 4118,5174 4208,5169 4297,5169"/>
                <TextEquiv>
                    <Unicode>sehens sich nun immer deutlicher in unruhvolle Bengigkeit wandelte</Unicode>
                </TextEquiv>
            </TextLine>
        </TextRegion>
    </Page>
</PcGts>
