4952 5828
4339 517 4504 690 12/1
2724 512 4072 808 Geschäftigkeiten, daß
1301 662 4288 972 Schulwesen uns Gedächtnis zu rufen und allerlei xxx
3532 845 4147 982 mit mehr
2367 869 3245 991 Monate lang
1832 892 2174 1005 den on
1301 892 4546 1141 Einzelheiten, deren er in den jetzten Monaten niemals gedacht, hatte
1343 1052 4452 1160 und die ites in Gründe einmal wocterlich zulässig halte.
1306 1132 4269 1320 und die ihn auch früher nichts sonderlich interessiert hatten,
1291 1240 4264 1498 boten sich seinem ausgeruhten Geiste heute mit grösster Klar-
3879 1381 4109 1493 auf
1742 1418 3297 1559 boten in gleich nicht ein unter het
1282 1437 4621 1648 heit dar. Es bedauert wieder einmal, dass gerade innerhalb
2165 1573 2423 1667 verführt
2250 1569 3672 1709 you will been in House 4 or
1287 1639 4518 1846 Gebietes, wo er sich selbst erheblichere und nutzbringende Leistun-
827 1691 1235 1808 emen
2611 1742 3269 1874 auf den dir
4147 1724 4438 1855 fragen
1587 1761 2419 1907 Juhannen dürfte
1268 1775 4311 2038 gan am ehesten angetraut hätte, im musikalischen Unterrichtswe-
2179 1897 4330 2062 nicht begnommen werden.
1268 2005 4330 2207 sen, auf seine Mitarbeit bisher versichtet worden war, da Hofrat
1240 2160 4382 2376 Fanto mit Eifersucht darüber w achte, dass man ihm nicht jemanden
2743 2282 3090 2395 dépou
1245 2315 4311 2536 an die Seite setzte, der von musikalischen Dingen mehr verstand
1249 2451 4400 2724 als er selbst. Robert verspürte eine Art von Heimweh nach seinem
2146 2677 2376 2771 dem
1240 2682 4339 2912 Kanzleiraum, nach seinem grossen Schreibtisch,nach dem bequemen,
3010 2822 3278 2940 hohen
1240 2888 4335 3090 schwarzledernen Lehnsessel, nach den Regalen mit den Aktenfaszi-
1606 3010 2085 3156 gelbwerken
1226 3081 4368 3264 keln, den Wänden mit den Landkarten und Tabellen, und
1578 3170 2447 3320 er sedule sich.
1226 3259 4522 3438 ker regta sich in ihm die Sehnsucht nach einem Wirkungskreis, xxx
2282 3339 3442 3466 or ahrhaft neibliches En
1353 3377 2240 3503 metlich leichtigem
470 3428 4245 3616 ihn bescheiden habe xxx leisten und die Anerkennung seiner Vorge-
1226 3569 4466 3795 setzten, vielleicht gar ein Lob aus des Ministers eigenem Munde, ½
1221 3766 4259 3987 erringen könnte, was ihm nicht nur zur Befriedigung seines Ehr-
1212 3912 4189 4166 geizes, sondern auch aus irgend einem andern, ihm nicht gleich
3640 4053 4048 4180 dünkte.
2137 4076 2428 4189 Curlef
1202 4175 4513 4363 deutlich werdenden G###rte von Wichtigkeit zu sein schien. Und xxx
3785 4250 3997 4349 G.
1193 4297 3555 4471 er entdeckte zu seinem Verdruss, dass er sich immer
3954 4264 4358 4443 siner
3024 4339 4527 4522 an auf den Gründe reine
1216 4429 2963 4546 slafs jene Morschte Angst
1198 4508 4245 4654 Seel. immer nach wie ein Verfolgter Vorkamder das Möglichste
1526 4588 4551 4734 Fracht meiner weiter michte, xxx nicht als xxx
798 4710 4250 4875 versuchen musste, es steh von einem Tächerlichfurchtbaren Ver-
2992 4781 3325 4889 auch
1188 4865 4217 5053 dacht zu reinigen,- etwa so, als hätten andere Leute an seinem
3461 5011 3968 5241 eifend; de
