4872 5748
3090 245 3260 519 1
3283 1122 3541 1293 12 b
1100 1248 3538 1471 und musste wieder feststellen, dass das linke
1080 1442 3528 1609 Lid nicht in gleicher Weise seinem willen ge-
1080 1590 3435 1764 herchte wie das rechte. Doch das Auge selbst
1067 1754 3573 1935 blickte klar, die Pupille antwortete dem Licht-
1074 1929 3570 2074 reiz ebenso rasch wie die des andern; überdies
1061 2054 3509 2216 er Bnnerte sich Robert, dass er die ganze Nacht
3170 2148 3825 2287 and so was
1042 2238 3622 2361 hindurch auf der linken Seite gelegen war, womit
1061 2393 3512 2525 immerhin eine genügende Erklärung für die
2377 2486 2712 2583 buiten
1087 2509 1361 2603 eo
1045 2554 3454 2709 Schwäche des linken Lids gegeben
1029 2699 3454 2851 wan. Trotzdem nahm nobert sich vor,falls sie
1019 2844 3299 2986 morgen noch weiter bestehen sollte, seinen
1038 2986 3496 3151 Freund Leinbach oder seinen Bruder zu Rate zu
1019 3180 3593 3296 ziehen. Gleich darauf kam ihm der Einfall weder
2525 3260 2832 3367 fragen
1754 3267 1932 3370 der
1009 3325 3522 3460 des Eine noch das Anders zu tun, sondern es da-
1019 3438 3460 3644 rauf ankommen zu lassen,ob Otto die Ungleich-
3244 3548 3883 3728 in stand re
1016 3599 3560 3806 heit der Lider etwa von selbst entdecken würde,
2196 3722 3131 3818 wissen zu werden
1300 3741 1484 3841 urt.
997 3815 3454 3944 ohne darauf aufmer hingelenkt worden zu sein.
2964 3944 3564 4064 Vorsatz von
984 3967 2973 4093 Zugleich aber fühlte er, dass diesen
2961 4025 3528 4147 impfate
1003 4118 3438 4244 einer unbestimmten Angst durchzittert man, als
971 4228 3418 4405 wenn er irgend ein Unrecht begangenhätte und
971 4405 3567 4563 eines Verweises, vielleicht gar einer Strafe von
