4920 5828
3745 507 3929 679 H.1
871 482 2396 754 Monsieur le présent, il y a l'a éviter
3192 649 3741 859 n, so leicht
2844 628 3012 855 ein.
1181 729 4222 1014 aber da es sich doch nun einmal herausgestellt hatte, dass sein
1177 968 4122 1211 Dasein eine ganze Anzahl völlig ins Dunkel der Vergessenheit
1160 1089 4134 1382 gerückter Stunden xxx sich fasste,warum sollte er den Mord an
1164 1282 4214 1479 Therese nicht ebenso im Zustande einer Sinnesbrübung verübt ha-
1152 1500 4109 1692 ben, wie den an Alberta? Den an Alberta? Ja,was hatte denn Al-
427 1479 963 1726 Escheckte
448 1642 1077 1810 die Hand nach
1131 1634 4176 1864 berta damit zu tun? War es denn sehen bewiesen, dass er Alberta
436 1738 976 1935 du temps
1123 1856 4071 2019 wirklich umgebracht, und im Walde verscharrt hatte? Nicht nur
461 1881 1035 2036 neben seiner
2044 1965 4201 2111 es - es gab überhaupt wichte, das für die
444 1985 1051 2145 Betteurene
1106 2073 4101 2187 nicht bewiesen wär's, nicht das Geringste sprach ernstlich für
1638 2132 2044 2262 wird
498 2107 1009 2270 saltete
2409 2128 4302 2291 souhaite d'après enfaire, mais le
1097 2182 4004 2450 die Möglichkeit, dass es geschehen war. Er
603 2237 859 2438 in
2170 2325 2869 2450 ren krund
1089 2388 4097 2526 nach der Lampe neben seinem Ratte aus, schaltete das Licht ain
1278 2434 4281 2631 Ebenso sich als sie den in der Finsterns überfallen.
390 2496 1056 2731 I verflellen
1097 2593 4138 2765 und mit der gleichen Raschheit wie die Schreckgedanken in der
1148 2672 1751 2811 Tailleur
2304 2702 2635 2806 tetten
3439 2698 3686 2811 febr
331 2706 2970 2911 ten die Schreck
2974 2744 4180 2957 sis Ihr
360 2827 1022 3041 Eldorken in
1056 2840 4344 3179 denen Radm in Nienes. Er atheute auf Erzämte ich, dachte er, verte
327 2999 963 3188 telljevos du
1039 3104 4302 3263 meinem Freunde Leinbach von den Gespenstern dieser Nacht, was fand
348 3112 871 3309 Reine in
2124 3204 2836 3334 Vorablemnohl.
3225 3225 3942 3347 but seven shil
1030 3263 3984 3477 würger mir erwidern? Wahrscheinlich,dass er sich's von den
360 3267 771 3510 Nichts
3523 3401 3774 3527 rich.
1022 3468 3933 3690 meisten verstorbenen Menschen seiner Bekanntschaft zuweilen
2337 3565 2656 3699 fungen.
297 3477 917 3749 was for
1022 3627 4138 3870 einbildet, sie umgebracht zu haben, dass es am Ende keinen beson
293 3690 955 3862 Soleteel mu
1014 3749 4105 4063 deren unterschied bedeute, philosophisch betrachtet, ob man einen
306 3820 896 4009 zwei bildes
289 3958 863 4143 deposant
1001 3933 3996 4201 Menschen wirklich töte oder ihm nur den Tod wünsche; dass wir
4130 3950 4461 4268 ﻿
293 4092 834 4252 I am re¬
980 4105 4025 4377 eigentlich alle mehr oder weniger Mordgesellen seien; und dass
251 4226 842 4415 siflet sehr.
1068 4273 2153 4411 von reinen Standmeister
968 4373 4331 4591 er xxx weil es mir auch gar nicht übel nähme, wenn ich werde
239 4340 850 4562 das gute,
1399 4444 1588 4549 als
276 4503 758 4662 tent work
951 4478 3916 4775 Alberta und Therese wirklich umgebracht hätte. Kenn ich dich,
235 4620 687 4817 selable
942 4691 4000 4918 freund Leinbach? Aber du solkst keine Gelegenheit haben deinen
1001 4792 1261 4913 Wilt
243 4767 708 4964 sonfle
942 4821 3988 5081 heist an mir zu probieren. Es ist immerhin sicherer von solchen
276 4905 716 5123 W xxx
926 5006 3887 5278 Dingen auch seinen nächsten Freunden nichts zu verraten. Ich
2036 5190 2626 5341 dans ma lettre
896 5240 1064 5362 ec.
3297 5269 3929 5454 geben kann die
2312 5286 2752 5458 de cette
867 5336 1135 5554 Eliz.
