5000 5832
2796 447 2968 656 24.
3173 456 3423 665 G.H.P.
4134 472 4364 740 69
1074 660 4280 986 Sommern ihm seine Hofsmungen, uder seinen Wagenut hinausgegangen
1998 861 3461 982 Et seraitz mit Lieutach
1279 911 4640 1141 Mit Lainbach wollte  f über die Angelegenheit nichts mehr
3152 1062 3386 1166 auit
1279 1120 4402 1317 reden. Und während des hinuntergehens / auch später beim Mittag-
1279 1254 4431 1467 essen, führte er das Gespräch mit Absicht in ganz anderen, von den
1267 1438 4347 1693 Angelegenheiten der Familie Laub weitabliegenden Richtung, doch
3160 1593 3545 1718 Chidl
1258 1651 4264 1802 statt erst am nächsten Morgen, wie sein Plan gewesen,
2888 1756 3202 1856 it
3770 1710 4548 1935 n 2. großen
1241 1827 4247 2036 er noch am selben Nachmittag mit Leinbach heimzweisen, der da-
882 1827 1183 1956 verste
2295 1927 2546 2048 der
1283 1919 2149 2052 Stehiertzum
1229 2006 4305 2199 sehr froh war, da er zwar stets behauptete für die Einsam-
2341 2094 2650 2228 eid
1216 2199 4297 2366 keit zu schwärmen, aber ohne Gesellschaft sich meistens sehr un-
1212 2299 3382 2558 glücklich fühlten zu fühle pflegte
1685 2546 4335 2704 Zu früher Ahendstunde in Wien angekommen, kennte Rohert
3365 2617 4560 2813 Restuer, knte Robert
1099 2709 4376 2855 Bei der Art seiner Beziehungen zu der Familie xxx, so sehr es ihm
1187 2855 4172 3110 dazu drängte, doch nicht daran denken persönlich Erkundigungen
1170 3076 4126 3248 im Hause einzuziehen. Doch verliess er noch in später Stunde
1158 3214 4272 3411 seinen Gasthof, um, von einer unbezwinglichen Sehnsucht getrieben,
1162 3423 4151 3612 an den zu seiner Verwunderung zum Teil ganz hell erleuchteten
3177 3520 3703 3645 van dela
1141 3566 4209 3795 Fenstern der Laub'sohen Wohnung vorüberzuspazieren. Allmählich
1137 3766 4218 3967 erst besann er sich, dass auch das ausserordentlichste Schicksal
1129 3933 4218 4138 sich nicht sofort in einer durchgreifenden Veränderung äusserer
1124 4138 4130 4293 Lebensformen auszudrücken pflegt und dass Paila,- selbst wenn
1116 4318 4205 4535 sie in diesem Augenblick im eigentlichsten Sinn viel ärmer sein
1091 4494 4084 4657 mochte, als jene Klavierlehrerin, dies ich nach einem dürftigen
2362 4602 2571 4707 dit
1087 4644 4155 4891 Liebesabenteuer die Reste eines Abendessenamit nach Hause xxx
1083 4815 4067 5020 genommen,- gewiss noch längere Zeit hindurch ein behagliches
1058 4991 4284 5258 Heim bewohnen, schöne Kleider tragen und keineswegs Hunger leiden
