4824 5860
1706 465 1953 651 G.H.F.P
4197 461 4416 687 30
1302 675 4387 979 und lachte nun auf, aber so laut und schrill, dass etliche Blicke
1298 853 4359 1177 sich nach ihm wandten. Leinbach blickte ihn scharf an. „Was hast
1290 1027 4351 1347 du" fragte er. Robert schüttelte den Kopf. „Mir ist was unend-
1274 1221 4351 1529 lich Komisches eingefallen", sagte er. „Darf man wissen?“ fragte
1941 1419 2196 1516 unto
1245 1395 4387 1650 Leinbach nur xxxr aus Neugier. „Nichts für Buch, nichts Für Buch“,
1237 1622 4262 1844 erwiderte Robert,blickte dann verstohlen im Saal herum, stellte
1229 1771 4189 2018 neuerdings fest, dass er keine weitere Aufmerksamkeit erregte,
1217 1941 4149 2208 und dass nur aus einer Ecke zwei Augen, die einem jungen Mäd-
1201 2127 4383 2390 chen ange hörten, höhnisch oder vielleicht bedauernd auf ihn starr-
1189 2309 4278 2556 ten. Er gab den Blick so hart zurück, dass das junge Mädohen weg-
1177 2463 4153 2725 sah, und mit Beflissenheit durch den Strohhalm ihr Eisgetränk
1157 2673 4185 2932 weiterschlürfte. Robert aber kunnte, dass er nicht länger blei-
1157 2847 4242 3077 ben durfte. Er rief nach dem Kellner. Ich werde ihm keineswegs
2920 3017 3292 3174 Derh was
1136 3045 4201 3316 zehn Gulden Trinkgeld geben, dachte er. Die Rechnung war von Au-
3684 3057 4262 3174 ear inden
2519 3186 2798 3292 worden
1124 3182 4108 3437 gust Langer schon beglichen. Robert dankte mit humoristischer
1124 3381 3991 3692 Uebertriebenheit, dann empfahl er sich von der Gesellschaft.
1104 3530 4076 3801 In den Teller auf den Deckel des Pianinos, der einige kleinere
1088 3732 4104 4019 und grössere Silberminzen enthielt, legte er ein goldenes Zehn-
1068 3939 4185 4214 kronenstück. Der Pienist nickte zum Dank und während er immer
1055 4129 4294 4339 weiterspielte, sagte er: Herr Sektionsrat sind verreist gewesen.
1043 4266 4234 4578 Nun wird man aber hoffentlich wieder öfters das Vergnügen haben."
1031 4480 4024 4719 Wie nett doch die Leute mit mir sind, dachte Robert, alle, Kahn-
1011 4606 4262 4885 berg, Langer, der Klavierspieler, sogar der Komiker im Theater.
1051 4743 2188 4921 Leinboch ist in Man
1476 4816 3967 5087 Die Strassen waren beinahe menschenleer. Von einer
983 4994 4145 5305 Furmuhr schlug es Zwei. Ein Glück, dass man sich auch morgen noch
