4680 5572
1964 234 2368 383 ment de
1148 225 4030 455 dess es tiefer in die Wurzeln der Welt alles Seins
795 400 4204 553 verschlingen gescheidet, aan als das zu Eltern, Kindern, der 293
1475 527 2249 629 in geliebter
1135 514 4175 778 die zu Eltern, die wir an den Tod, zu den Hindern, die. wir ans Le-
1127 693 4170 867 ben verlieren müssen, dass sie frei waren von jenen Verdunkelun-
1127 914 4128 1105 gen, die welkenhaft xxx über die zärtlichsten Beziehungen zwi-
1110 1050 4022 1271 sehen Mann und Weib heraufzuziehen pflegen; und an arkannte,
3384 1152 4200 1318 Herr in Weider
1216 1203 2487 1335 und et n'en eut ils même
1110 1216 4068 1445 dass er alles danan eetaan muorte, des Verhängnisses, das diese
1105 1394 4081 1598 geheimnisvollsten und zugleich stärksten aller Bande zwischen
1105 1581 3750 1786 Mensch und Mensch zu zerreissen drohte, Herr zu manken.
1803 1769 4141 1917 Ein fernes Pføifen ertönte,klang immer näher,die
2355 1896 3949 2032 sibicarz pfei hend, erwekt
1076 1956 4153 2104 Geräusche des herankommenden Zugs verstärkten sich, end-ich fuhr
1076 2096 4098 2300 er ein. Ein Herr in dickem Jagdpelz stieg aus, dann zwei Bauern
1080 2291 4013 2483 und eine alte Frau. Ein Träger kam gelaufen, nahm mit devotem
1067 2470 4043 2653 Gruss dem Herrn im Jagdpelz das Gepäck ab; dann ein Pfiff, der
1628 2615 1956 2721 nieder
1037 2653 3979 2853 Zug setzte sich in Bewegung, fuhr uns dunkle und verschwand.
1752 2827 4107 3010 Robert stand da, sah ihn verschwinden und begriff
1037 3027 4077 3201 es vorerst nicht recht. Nach einiger Zeit erst verliess er den
1016 3176 4162 3380 Bahnhof äusserlich ruhig und, zu seiner eigenen Verwunderung, auch
1025 3320 4111 3529 innerlich nicht allzusehr enttäuscht. Langsam aplatzte er nach
1097 3524 1377 3639 dem
1033 3529 4026 3728 sainan Gasthof zurück und sagte sich! Ich werde ein Telegramm
1611 3699 2083 3805 oder is
1012 3707 4141 3877 vorfinden und wenn nicht so kommt es im Laufe der nächsten Stun-
3584 3826 4247 4000 Die Gründe
1003 3852 3979 4115 den. Entweder hat Paula den Zug versäumt oder sie hat Umsache
2266 4039 2504 4149 my
995 4030 4022 4251 einen späteren zu nehmen. Wahrscheinlich wird sie erst morgen
225 4034 718 4345 <gap/>
978 4247 3992 4464 Mittags kommen, nicht Nachts um zwei Uhr. Dies war nämlich die
969 4387 3312 4621 Stunde,in der der nächste Zug eintreffen sollte.
3137 4502 3784 4710 ver en getaugt.
1905 4574 2202 4676 Esar
1700 4579 4017 4783 Es man noch kein Telegramm gekommen. Auch jetzt
2202 4744 2508 4880 Retur
1679 4749 2160 4889 Robert
965 4749 4043 4991 nicht sehr enttäuscht trat er in das niedrige gewölbte Gastzim-
957 4970 3920 5140 mer, an dessen Fenster noch immer, von Rauchdunst umgeben, jene
