4728 5556
4087 416 4262 603 147
2787 557 3764 763 Robert, dass der Mann
1172 592 4301 915 Mantel und warf einen schwarzen Schatten weit vor sich hin. Die-
2032 810 3390 915 nahm — Malsällich wahr,
3869 810 4118 926 cince.
1179 821 4239 1094 sen Schatten aber sah er jetzt wirklich/da er gerade an der La-
1787 985 2386 1098 gepogen sei
1168 1012 4223 1222 terne vorüberging, die gelblich trüb über dem Eingange des Gast-
1783 1156 2036 1304 sing
1148 1160 1962 1378 hofs schimmerte.
1627 1358 4126 1604 Er trat ins Haustor und fragte für alle Fälle noch-
1121 1538 4239 1779 mals, ob nicht eine Depesche für ihn gekommen sei. Der Wirt klär
1133 1682 4196 1966 te ihn auf, dass es in diesem kleinen Orte von sieben Uhr Abends
1121 1888 4146 2137 bis sieben Uhr Früh keinen Telegraphendienst gäbe. Nun kam Ro-
1109 2040 4212 2234 bert doch wieder auf seine erste Vermutung zurück, dass Paula den
2172 2211 3324 2339 Sie einen in den Grund
3519 2254 3807 2339 raié
1074 2250 4110 2487 Zug versäumt hatte oder xxxxwie genötigt gewesen sei, den spä-
2145 2382 3484 2515 duiftillant, ne t der
3787 2398 4309 2585 nehver
1082 2476 4095 2682 teren zu nehmen; und so wer noch immer die Möglichkeit vonhan-
1070 2643 3503 2764 den, dass sie um zwei Uhr Nachts eintreffen konnte.
1794 2733 2386 2857 nichte sev
1538 2803 4107 3024 Er ging in sein Zimmer und legte sich unausgekleidet
1043 2935 4107 3176 auf den Bett. Eine Stunde wollte er ruhen, denn Mitternacht war
1043 3102 4126 3371 vorüber, und sich dann wieder an den Bahnhof begeben. Er löschte
1024 3301 4009 3554 das richt nicht aus und starrte von seinem Bett aus durch das
1024 3445 4001 3729 gegenüberliegende Fenster in die Nacht xxxx. Er sah nur den
977 3675 3966 3916 Himmel und eine einsame Felsensitze, über der ein Stern schim-
985 3815 4029 4068 merte. Vom Kirchturm schlug es halb eins und die Klänge tönten
2713 3982 2931 4091 dilmi
977 3966 4052 4200 lange weiter, als wollte die Nacht sie nicht wieder herausgehen;
2666 4153 3106 4293 endlick.
977 4192 3994 4453 sie wurden lauter, voller, und dröhnender, wie Orgelklang; -
2705 4336 2912 4434 each
1584 4321 2071 4465 intreselte
961 4367 4056 4613 und Robert ### mit Doktor Leinbach in einer riesigen, sonst
1292 4511 3379 4601 wandelte Robert mit Anton Lembauch
942 4535 3970 4799 völlig leeren Kirche umher und an der Orgel, ungesehen, aber Ro-
2690 4690 2947 4815 Fockt
923 4722 4017 4982 bert wusste es doch, sass der Pianist aus dem Nachtlokal, während
911 4866 3931 5142 Höhenburg die Register trat und dabei immer wie ein Hanswurst
3620 5060 4005 5212 immer.
899 5087 3885 5329 den Kopf weit über die Brüstung des chors streckte und wieder
