5000 5832
3313 515 4264 721 1)1) 1. 1. n. 3.
1446 507 1751 697 dessen
1446 654 4386 899 daran erinnert, geradeso, wie Alberta von - Ono, rief er sich
1367 860 4359 1038 selbst an und schnellte auf. Er war mit geschlossenen Augen
1411 1030 4561 1232 dagelegen, und nun zitterte und schwankte die Landschaft überhell
1403 1213 4462 1438 um ihn. Leinbach sah ihn mit einem sonderbar zwinkernden Blick
1383 1331 4454 1533 von der Seite an. Hm, warum wär der eigentlich gekommen? Sollte
1363 1522 4418 1775 er nicht etwa aus ganz bestimmten Gründen heraufgeschickt wor-
1347 1692 4501 1926 den sein? Von Otto vielleicht? Unsinn. Der hielt ihn ja im Grun-
1335 1894 4434 2104 de für einen Esel. Und nicht ganz mit Unrecht. Für eine geist-
1331 2088 4375 2282 reichen Esel, wie er sich neulich einmal ausgedrückt hatte! Im-
3776 2227 4176 2326 so rasch
1244 2207 4390 2441 merhin blieb es auffallend, dass Leinbach jetzt den Blick wieder
2306 2389 2568 2477 ein
1312 2461 4394 2631 abgewandt hatte und/scheinbar gleichgültig zum Himmel aufstarr-
1300 2548 4438 2813 te. Robert begann zu pfeifen, er wunste selbst nicht recht warum,
2623 2730 2972 2849 in ihn
1276 2778 4430 2988 War es, um Leinbach zu prüfen zu ärgern, oder um ihn hitters Licht
1268 2897 3138 3142 zu führen? plötzlich erhob er sich, ram
3265 2956 4490 3186 ### und schlug ###
1763 3047 2992 3186 sich auf den Rückweg zu machen.
1375 3051 1783 3182 Ahley
3190 3107 3848 3210 rüstete ein
1256 3126 4351 3348 kleiwandefung vor) Leinbach niokte und etwas umständlich stoto-
1470 3245 2108 3352 ous abotiers.
1244 3313 4398 3511 ta###sich xxx. Da Robert ein paar Schritte vorausgeeilt
1236 3503 4315 3737 war, bemerkte Leinbach trocken: „Deine Lähmung scheint ja zurück-
3154 3630 3424 3752 tafte
1209 3681 4323 3875 gegangen zu sein.“ - Robert wandte sich habe nach ihm um. Doch
2631 3788 3309 3931 geachtliche
1209 3816 4295 4097 die Miene des Freundes zeigte nur den Ausdruck eines gewöhnli¬
3012 3966 3570 4109 wir eine
1201 4054 4315 4260 chen, matt überlegenen Spottes. „Ich habe)nie von Lähmung gespro-
1014 4101 1597 4224 emploet
1177 4212 4192 4402 chen", sagte Robert. „Ein Hypochonder mag ich ja sein, aber ein
1149 4359 4184 4600 Idiot bin ich nicht. Uebrigens habe ich mich noch nie so jung
1149 4561 4228 4783 und so frisch gefühlt als jetzt.“ - „Ja“, seufzte Leinbach,wer
3856 4715 4335 4906 volonge
1137 4739 4137 4993 auch sechs Monate Urlaubnehmen könnte! Wenn unsereiner seine
1113 4870 4291 5155 Freiheit haben wollte, auf so lange Zeit, müsste er geradezu durch-
1074 4985 1648 5135 heimen.
1082 5108 4062 5306 gehen. Im übrigen“, setzte er anscheinend unvermittelt hinzu,
1502 5254 3554 5492 stipendtschaftliches Verhältnis
1157 5409 1736 5603 votre
