4952 5800
4068 473 4306 632 11 4.
3633 469 3972 644 G.C.H.
2607 414 2942 695 '1'
4105 611 4260 808 59
2892 615 3214 858 tesse
1235 795 4298 971 begegnet wäre, hätte es mir geholfen? Wär ich ein Anderer gewor-
1243 983 4273 1163 den, ein Besserer als ich bin? oder war mir mein Dasein von Be-
1230 1155 4306 1368 ginn'an vorgezeichnet? Und kegens etwas in Ihm antwortete, dass
1235 1377 4252 1519 manches hätte anders werden können, wenn er minder nachsichtig
2565 1444 4093 1561 oder heb ich zu einmal
1251 1490 1507 1603 geget
1235 1494 4227 1716 mit sich gewesen witre. Irgend einmal hatterer gewiss die Wahl
3193 1620 3524 1733 ein
2046 1645 2331 1754 it.
1205 1707 4260 1913 gehabt. Er hätte xxx entscheiden dürfen zwischen Schwäche und
1230 1896 4252 2005 Stärke, zwischen Gesundsein und Kranksein, z wischen Klarheit und
427 1812 1289 2080 Abernardenschon
3315 1938 4562 2072 Lagu nellemt in
1348 2009 3160 2126 Abwesrung derselbe gewesen
4403 2021 4583 2155 it.
444 2034 1117 2231 denmendich
1214 2046 4156 2272 Verwirrung: Und plötzlich wusste an untmighich, dass die Wahl
3415 2155 3854 2285 breiben
418 2185 1105 2360 der: den:
1205 2214 4511 2406 inn noch immer in die Hand gegeben war, aber nicht mehr für lange....
418 2318 1147 2486 des Cinquable de
1682 2352 4160 2549 Der Wagen hatte sich gewandt und nun ging es rasch
389 2444 1163 2653 lag noch voriten
1193 2586 4185 2808 bergabwänte. Robert sprach xxx von den Amtsgeschäften, die
368 2595 1096 2750 nachricht
393 2712 942 2892 or ple us.
1189 2779 4227 2913 ihn erwarteten,von seinem Interesse für die Forderungen seines
381 2846 1004 2967 wil einem
1473 2875 2092 3005 - so lebtet
1168 2925 4273 3130 Berufs, als läge es ihm daran merken zu lassen, nie er mit beiden
352 2950 1004 3147 Mal, daft
1168 3109 4516 3294 Füssen auf festem Boden stehe. Und Paulas kluge Fragen
356 3118 1076 3361 i'h du trahl,
2478 2683 2942 2829 intheft
3344 2858 3574 3009 dep
2925 3022 4557 3168 auch und keineswegs ein Trämmer oder wenst
2088 3068 2595 3176 indicken
4311 3231 4528 3323 was
1163 3323 4532 3490 lockten ihm so entschiedene Antworten auf die Lippen, dass ihn mod, die
3352 3394 4135 3532 Tische in aller
3080 3419 3285 3532 be
4315 3440 4532 3582 res
1163 3432 4244 3658 während dieses Gesprächs, das sich auch im Laufe des gemeinsumen
1076 3603 2268 3712 Sachlichkeit und Ernst
2925 3591 3306 3708 Leâllere
724 3599 946 3746 mit
3268 3620 4302 3838 Sehnsucht nach A»
1122 3700 3051 3863 Mittagessens fortsetzte, eine immer l
1134 3863 4315 4005 beit und Betätigung überkam. Die steigende Aufmerksamkeit in Pau-
1138 3992 4172 4181 las Wienen, ihr beifälliges Nicken wurden ihm zu günstiger Vor-
2624 4114 3419 4256 beim Abschied
1130 4239 4164 4369 bedeutung und ihren Händedruck, als er sich von ihn verabschie-
3737 4302 4231 4465 beinahe
1117 4382 4135 4599 date, ihren milden, beinahe zärtlichen Blick nahm er xxx
1109 4549 2574 4729 wie ein Versprechen mit sich.
1578 4675 4189 4901 Auf seinen einsamen Nachmittagsspaziengang war ihm zu
2310 4846 2478 4955 Sir
1092 4884 4156 5064 Mut wie einem Genesenden. Die Einbildungen, die ihn vor wenigen
2741 5026 2942 5131 al
1092 5081 4101 5273 Tagen, ja gestern noch gequält, adklärte or sich in einen neuen
2883 5198 3135 5302 wolle
1172 5252 3997 5449 glaubte er eine neue, und bei h. zu de
1318 5365 3034 5616 Erklamung gefielen zu habe.
