4888 5764
1048 381 1222 560 11. I
3964 401 4133 652 14
2376 483 4071 821 untile as wch in day
1149 744 4206 975 gewärtig sein müsste. Zuerst wollte er nicht verstehen, was in
1154 937 4027 1188 ihm vorging; allmählich aber rang sich aus der Tier seiner
3399 1043 4003 1169 was
1130 1072 4182 1410 Seele die Erklärung immer lebendiger hervor, die sich schon in
1405 1144 1695 1251 wch
3453 1227 3824 1338 one
2241 1231 3380 1396 tich xxx
415 1111 927 1396 his leise
1140 1284 4206 1536 der verflossenen Naght Iaisa gemeldet: und mit einem Mal konnte
497 1352 806 1545 jeuvel
1357 1444 2694 1574 not respect of the night is
1149 1453 4201 1685 er sich keiner Tauschung mehr amüber hängchen, warum er der Be-
2994 1589 3554 1719 Baugen
1135 1637 4133 1898 gegnung mit seinem Bruder mit solchen, xxxent entgegensah./ car
1574 1777 3390 1927 Kaufmann als unterstorbenen Sattel
1149 1811 4182 2067 Grundswan xxx, dass Op### sein xxx in den Hand hatte.
3651 1965 3916 2047 wärtt.
3119 1960 3322 2038 ihm
2308 1956 2999 2101 lubschenting
1115 1970 4085 2284 (Nicht mehr und Nicht weniger) Macht über Leben und Tod hatte
3303 2110 3699 2241 solch
2501 2139 2796 2250 Robert
1115 2086 4452 2419 Otto, der Bruder und Arzt, und es selbst nattst Stücke Nacht
2690 2289 4529 2477 not with in those, das er für
367 2216 1029 2487 F.m unerhiedern
377 2352 1072 2588 Yours, Mr Stunde
1149 2342 3704 2632 décidé l'étrangère et l'état d'autre visite,
2656 2496 2994 2608 arruder
348 2516 4235 2815 Unwillkürlich streckte er beide Arme aus, wie um einen
343 2564 1062 2728 Es was nicht wahr
1111 2709 1787 2859 halten aufgekommen
348 2694 4056 2994 leute nahnden Feind abzuwehren und trat aus der Mitte des zimmers
1029 2878 4066 3090 inzum Fenster hin, an das die schweren Regentropfen klatschten.
319 2946 980 3100 in miederin
285 3047 990 3230 reiner kurft geb.
1029 3071 1207 3250 am
1115 3018 4240 3327 Sein Blick fiel auf die Marmorstatue des heiligen Christophorus,
285 3187 1038 3332 as was said
1130 3206 4264 3501 die gegenüber in einer Mauernische der Kirche stand,geradeso wie
299 3293 1000 3486 zins bein sehr geworz
3834 3346 4100 3443 nicht
2801 3361 3066 3511 nulle
2221 3409 2434 3525 dort
270 3414 980 3578 & her and stand
1135 3419 4162 3651 sie vor zwanzig Jahren da gestanden vær. Aber war es denn auch
3148 3525 4182 3651 Seltsan da
270 3525 995 3733 de ched à Buit
1120 3622 4206 3824 das gleiche Zimmer, in dem er sich befand? Wahrhaftig, erst jetzt
246 3651 898 3873 be in
1811 3771 2076 3897 Nun
1106 3786 4013 4018 bemerkte er das. Die Möbel waren freilich neu und statt der
391 3815 710 4018 the
1101 3955 4129 4220 schweren dunkelroten Plüschportieren,die damals den Hauptraum
1125 4104 4162 4331 von dem Alkoven mit dem Bett getrennt hatten, fiel von der Mes-
1115 4317 4095 4520 singstange in leichten Falten ein lichter geblümter Stoffvor-
1709 4505 1893 4597 mi
1096 4476 4022 4771 hang herab, der Geschmackuehl zu der Farbe der neuen Tapeten
4104 4457 4317 4679 FJ
1101 4655 4196 4901 gestimmt war. Sollte er diese Veränderung ins Helle und Preund-
3728 4800 3998 4906 diese
1096 4824 3771 5128 liche als günstige Vorbedeutung ansehen? Wenn man
1077 4978 4100 5302 chen schon glauben worte, so hatte sie wanig zu sagen gegenüb
3931 5118 4244 5321 weide
2356 5196 3163 5423 du même
1453 5263 3105 5597 de cette année, Militeur nouvelle
