<?xml version="1.0" encoding="UTF-8" standalone="yes"?>
<PcGts xmlns="http://schema.primaresearch.org/PAGE/gts/pagecontent/2013-07-15" xmlns:xsi="http://www.w3.org/2001/XMLSchema-instance" xsi:schemaLocation="http://schema.primaresearch.org/PAGE/gts/pagecontent/2013-07-15 http://schema.primaresearch.org/PAGE/gts/pagecontent/2013-07-15/pagecontent.xsd">
    <Metadata>
        <Creator>prov=READ-COOP:name=TrHtr:version=2.1.0:model_id=51170:date=15_08_2023_02:26</Creator>
        <Created>2023-05-10T15:04:24.164+02:00</Created>
        <LastChange>2023-08-15T02:26:54.222+02:00</LastChange>
        <TranskribusMetadata docId="1428794" pageId="55430017" pageNr="85" tsid="132837421" status="IN_PROGRESS" userId="64420" imgUrl="https://files.transkribus.eu/Get?id=UMGRQVHJOESFANKZMGUZEUZT&amp;fileType=view" xmlUrl="https://files.transkribus.eu/Get?id=BGMLHRRACLHNJGCLMNXOZDDT" imageId="44704089"/>
    </Metadata>
    <Page imageFilename="1428794_0085.jpg" imageWidth="4904" imageHeight="5832">
        <ReadingOrder>
            <OrderedGroup id="ro_1711805913122" caption="Regions reading order">
                <RegionRefIndexed index="0" regionRef="tr_1"/>
                <RegionRefIndexed index="1" regionRef="tr_2"/>
            </OrderedGroup>
        </ReadingOrder>
        <TextRegion id="tr_1" custom="readingOrder {index:0;}">
            <Coords points="1181,523 4345,523 4345,3358 1181,3358"/>
            <TextLine id="tr_1_tl_1" custom="readingOrder {index:0;}">
                <Coords points="4008,687 4036,687 4047,675 4071,687 4099,663 4119,659 4122,667 4142,655 4170,659 4170,486 4138,486 4115,505 4091,505 4071,494 4055,501 4012,498"/>
                <Baseline points="4035,579 4124,573 4178,579"/>
                <TextEquiv>
                    <Unicode>73.</Unicode>
                </TextEquiv>
            </TextLine>
            <TextLine id="tr_1_tl_2" custom="readingOrder {index:1;}">
                <Coords points="1165,896 2756,932 3056,825 4308,817 4336,695 1169,754"/>
                <Baseline points="1187,877 1211,883 1301,889 1390,883 1480,877 1569,877 1659,871 1749,865 1838,865 1928,859 2017,853 2107,847 2196,841 2286,835 2375,835 2465,829 2554,823 2644,817 2733,817 2823,817 2913,811 3002,805 3092,799 3181,799 3271,793 3360,793 3450,787 3539,781 3629,781 3718,776 3808,770 3897,764 3987,758 4077,758 4166,752 4256,752 4345,740"/>
                <TextEquiv>
                    <Unicode>den Damen xxx Erwähnung zu tun. Otto brachte ihnen, wie sich aus</Unicode>
                </TextEquiv>
            </TextLine>
            <TextLine id="tr_1_tl_3" custom="readingOrder {index:2;}">
                <Coords points="1595,794 1643,806 1670,782 1749,809 1848,786 1880,802 1899,786 2006,786 2010,703 1943,707 1884,683 1852,695 1816,683 1793,703 1757,675 1730,695 1682,675 1627,715 1595,715"/>
                <Baseline points="1617,787 1659,776 1749,776 1838,776 1928,770 2017,764"/>
                <TextEquiv>
                    <Unicode>Restner</Unicode>
                </TextEquiv>
            </TextLine>
            <TextLine id="tr_1_tl_4" custom="readingOrder {index:3;}">
                <Coords points="1173,1121 4016,1015 4233,967 4241,817 2709,952 1185,916"/>
                <Baseline points="1199,1062 1289,1062 1378,1050 1468,1050 1557,1038 1647,1038 1737,1038 1826,1038 1916,1032 2005,1032 2095,1026 2184,1020 2274,1020 2363,1008 2453,1008 2542,1002 2632,996 2721,990 2811,984 2901,984 2990,978 3080,978 3169,972 3259,967 3348,967 3438,961 3527,955 3617,955 3706,949 3796,943 3886,937 3975,937 4065,931 4154,925 4244,925"/>
                <TextEquiv>
                    <Unicode>seinen xxx erungen ergab, keine sonderliche Sympathie entgegen.</Unicode>
                </TextEquiv>
            </TextLine>
            <TextLine id="tr_1_tl_5" custom="readingOrder {index:4;}">
                <Coords points="2729,1110 2780,1114 2800,1102 2827,1114 2855,1102 2902,1106 2918,1098 2969,1110 2969,1011 2946,1007 2926,1023 2875,1003 2867,1011 2831,1003 2784,1050 2729,1054"/>
                <Baseline points="2751,1092 2841,1092 2930,1092 2978,1092"/>
                <TextEquiv>
                    <Unicode>sie</Unicode>
                </TextEquiv>
            </TextLine>
            <TextLine id="tr_1_tl_6" custom="readingOrder {index:5;}">
                <Coords points="1173,1295 3637,1204 4229,1129 4237,1007 1181,1145"/>
                <Baseline points="1199,1229 1277,1235 1366,1235 1456,1229 1546,1223 1635,1217 1725,1211 1814,1211 1904,1211 1993,1205 2083,1199 2172,1193 2262,1187 2351,1187 2441,1181 2530,1175 2620,1169 2710,1164 2799,1158 2889,1152 2978,1146 3026,1146 3074,1146 3163,1152 3253,1140 3342,1140 3432,1140 3521,1134 3611,1128 3700,1128 3790,1122 3880,1116 3969,1116 4059,1104 4148,1104 4238,1104"/>
                <TextEquiv>
                    <Unicode>Seiner Auffassung nach waren die  nicht ganz ohne</Unicode>
                </TextEquiv>
            </TextLine>
            <TextLine id="tr_1_tl_7" custom="readingOrder {index:6;}">
                <Coords points="1173,1437 4036,1307 4225,1402 4233,1224 1177,1327"/>
                <Baseline points="1193,1408 1199,1408 1289,1414 1378,1408 1468,1402 1557,1402 1647,1396 1737,1390 1826,1384 1916,1378 2005,1378 2095,1372 2184,1372 2274,1360 2363,1360 2453,1355 2542,1355 2632,1349 2721,1343 2811,1343 2901,1337 2990,1331 3080,1331 3169,1325 3259,1319 3348,1319 3438,1319 3527,1313 3617,1307 3706,1301 3796,1295 3886,1289 3975,1289 4065,1283 4154,1283 4244,1277"/>
                <TextEquiv>
                    <Unicode>Schuld an dem schlimmen Verlauf, den die Angelegenheiten des An-</Unicode>
                </TextEquiv>
            </TextLine>
            <TextLine id="tr_1_tl_8" custom="readingOrder {index:7;}">
                <Coords points="1177,1619 4221,1516 4316,1402 1181,1528"/>
                <Baseline points="1199,1587 1283,1587 1372,1581 1462,1575 1552,1575 1641,1569 1731,1563 1820,1563 1910,1557 1999,1552 2089,1552 2178,1546 2268,1540 2357,1540 2447,1534 2536,1528 2626,1522 2716,1522 2805,1516 2895,1516 2984,1510 3074,1504 3163,1498 3253,1498 3342,1492 3432,1486 3521,1486 3611,1480 3700,1474 3790,1468 3880,1468 3969,1462 4059,1462 4148,1456 4238,1456 4327,1462"/>
                <TextEquiv>
                    <Unicode>walts im Laufe der letzten Zeit genommen hätten,wie seines-Er-</Unicode>
                </TextEquiv>
            </TextLine>
            <TextLine id="tr_1_tl_9" custom="readingOrder {index:8;}">
                <Coords points="1173,1781 4012,1726 4158,1710 4166,1544 1895,1568 1177,1690"/>
                <Baseline points="1193,1766 1217,1772 1307,1760 1396,1754 1486,1754 1575,1743 1665,1743 1754,1743 1844,1737 1934,1731 2023,1731 2113,1725 2202,1725 2292,1719 2381,1713 2471,1707 2560,1707 2650,1701 2739,1701 2829,1695 2918,1689 3008,1683 3098,1683 3187,1677 3277,1671 3366,1665 3456,1665 3545,1659 3635,1653 3724,1653 3814,1653 3903,1653 3993,1647 4082,1641 4172,1635"/>
                <TextEquiv>
                    <Unicode>achtens überhaupt eine und ückliche Häuslichkeit häufig genug</Unicode>
                </TextEquiv>
            </TextLine>
            <TextLine id="tr_1_tl_10" custom="readingOrder {index:9;}">
                <Coords points="1177,1947 3854,1911 4170,1860 4174,1749 3597,1698 3214,1809 2507,1753 1181,1864"/>
                <Baseline points="1199,1940 1223,1940 1313,1934 1402,1928 1492,1928 1581,1922 1671,1922 1760,1916 1850,1916 1940,1910 2029,1904 2119,1904 2208,1892 2298,1892 2387,1892 2477,1886 2566,1880 2656,1874 2745,1874 2835,1868 2924,1862 3014,1856 3104,1856 3193,1850 3283,1844 3372,1844 3462,1838 3551,1832 3641,1832 3730,1826 3820,1826 3909,1820 3999,1820 4088,1808 4178,1802"/>
                <TextEquiv>
                    <Unicode>nicht nur den seelischen, sondern auch den materiellen Nieder-</Unicode>
                </TextEquiv>
            </TextLine>
            <TextLine id="tr_1_tl_11" custom="readingOrder {index:10;}">
                <Coords points="1173,2144 4032,2065 4229,2038 4237,1856 1177,2053"/>
                <Baseline points="1193,2119 1283,2119 1372,2113 1462,2107 1552,2101 1641,2101 1731,2095 1820,2089 1910,2089 1999,2083 2089,2077 2178,2077 2268,2071 2357,2065 2447,2059 2536,2059 2626,2053 2716,2047 2805,2047 2895,2041 2984,2035 3074,2029 3163,2023 3253,2023 3342,2023 3432,2017 3521,2011 3611,2011 3700,2011 3790,2005 3880,1999 3969,1993 4059,1993 4148,1987 4238,1981"/>
                <TextEquiv>
                    <Unicode>gang begabter und tätiger Männer herbeiführe. Und es sei nicht</Unicode>
                </TextEquiv>
            </TextLine>
            <TextLine id="tr_1_tl_12" custom="readingOrder {index:11;}">
                <Coords points="1157,2322 3238,2211 3965,2274 4249,2235 4253,2105 3574,2045 3270,2160 1165,2192"/>
                <Baseline points="1181,2286 1217,2286 1307,2286 1396,2280 1486,2274 1575,2274 1665,2274 1754,2262 1844,2262 1934,2256 2023,2256 2113,2250 2202,2244 2292,2238 2381,2238 2471,2232 2560,2232 2650,2226 2739,2220 2829,2220 2918,2214 3008,2214 3098,2208 3187,2202 3277,2202 3366,2196 3456,2190 3545,2190 3635,2190 3724,2184 3814,2178 3903,2172 3993,2172 4082,2160 4172,2160 4262,2160"/>
                <TextEquiv>
                    <Unicode>zu verwundern, dass die Tochter, trotz ihrer Anmut, die nun aller-</Unicode>
                </TextEquiv>
            </TextLine>
            <TextLine id="tr_1_tl_13" custom="readingOrder {index:12;}">
                <Coords points="1169,2539 4221,2428 4261,2255 1698,2314 1173,2417"/>
                <Baseline points="1193,2465 1217,2465 1307,2465 1396,2459 1486,2453 1575,2453 1665,2453 1754,2447 1844,2441 1934,2441 2023,2435 2113,2429 2202,2429 2292,2417 2381,2417 2471,2417 2560,2411 2650,2405 2739,2399 2829,2393 2918,2393 3008,2387 3098,2387 3187,2381 3277,2381 3366,2375 3456,2375 3545,2369 3635,2363 3724,2357 3814,2357 3903,2345 3993,2345 4082,2339 4172,2339 4262,2339"/>
                <TextEquiv>
                    <Unicode>dings schon einigermassen im Verblühen sei, keinen Mann gefunden</Unicode>
                </TextEquiv>
            </TextLine>
            <TextLine id="tr_1_tl_14" custom="readingOrder {index:13;}">
                <Coords points="1173,2654 1196,2654 1228,2681 1279,2677 1319,2701 1335,2693 1358,2713 1433,2658 1477,2661 1477,2563 1449,2559 1386,2579 1347,2555 1327,2571 1271,2567 1248,2582 1212,2555 1173,2563"/>
                <Baseline points="1193,2638 1283,2638 1372,2638 1462,2638 1486,2638"/>
                <TextEquiv>
                    <Unicode>habe.</Unicode>
                </TextEquiv>
            </TextLine>
            <TextLine id="tr_1_tl_15" custom="readingOrder {index:14;}">
                <Coords points="1651,2855 3688,2725 4071,2792 4205,2748 4213,2598 1655,2725"/>
                <Baseline points="1671,2793 1713,2799 1802,2793 1892,2787 1981,2787 2071,2781 2160,2781 2250,2775 2339,2769 2429,2763 2519,2763 2608,2757 2698,2757 2787,2751 2877,2751 2966,2745 3056,2739 3145,2733 3235,2733 3324,2727 3414,2721 3503,2721 3593,2716 3683,2716 3772,2710 3862,2704 3951,2698 4041,2698 4130,2692 4220,2698"/>
                <TextEquiv>
                    <Unicode>Der Wagen hielt vor einem Gartentor. Ein Diener öf-</Unicode>
                </TextEquiv>
            </TextLine>
            <TextLine id="tr_1_tl_16" custom="readingOrder {index:15;}">
                <Coords points="1157,3056 4028,2946 4221,2902 4229,2768 1161,2930"/>
                <Baseline points="1181,2996 1187,2996 1277,2996 1366,2990 1456,2990 1546,2984 1635,2978 1725,2978 1814,2972 1904,2966 1993,2966 2083,2960 2172,2960 2262,2954 2351,2948 2441,2942 2530,2942 2620,2936 2710,2936 2799,2930 2889,2924 2978,2924 3068,2918 3157,2913 3247,2907 3336,2901 3426,2901 3515,2901 3605,2895 3694,2895 3784,2889 3874,2883 3963,2877 4053,2877 4142,2871 4232,2865"/>
                <TextEquiv>
                    <Unicode>nete, Otto trat ein und Robert, der gleichfalls ausgestiegen war,</Unicode>
                </TextEquiv>
            </TextLine>
            <TextLine id="tr_1_tl_17" custom="readingOrder {index:16;}">
                <Coords points="1169,3210 3882,3147 4217,3092 4225,2938 1177,3068"/>
                <Baseline points="1193,3175 1277,3169 1366,3157 1456,3157 1546,3157 1635,3157 1725,3151 1814,3145 1904,3139 1993,3139 2083,3139 2172,3133 2262,3133 2351,3127 2441,3121 2530,3115 2620,3115 2710,3110 2799,3104 2889,3104 2978,3098 3068,3098 3157,3092 3247,3086 3336,3086 3426,3080 3515,3074 3605,3074 3694,3068 3784,3062 3874,3062 3963,3050 4053,3050 4142,3044 4232,3044"/>
                <TextEquiv>
                    <Unicode>zündete sich eine Eigenatte- und wandelte in der stillen Gas-</Unicode>
                </TextEquiv>
            </TextLine>
            <TextLine id="tr_1_tl_18" custom="readingOrder {index:17;}">
                <Coords points="1173,3360 2381,3416 2804,3305 4115,3305 4209,3163 1177,3258"/>
                <Baseline points="1199,3348 1265,3348 1355,3348 1444,3342 1534,3336 1623,3336 1713,3330 1802,3330 1892,3324 1981,3318 2071,3318 2160,3312 2250,3312 2339,3306 2429,3301 2519,3301 2608,3295 2698,3289 2787,3283 2877,3283 2966,3277 3056,3277 3145,3277 3235,3271 3324,3265 3414,3259 3503,3253 3593,3253 3683,3247 3772,3241 3862,3241 3951,3235 4041,3235 4130,3229 4220,3223"/>
                <TextEquiv>
                    <Unicode>se zwischen fast entlaubten Gärten langsam auf und ab. So sehr</Unicode>
                </TextEquiv>
            </TextLine>
        </TextRegion>
        <TextRegion id="tr_2" custom="readingOrder {index:1;}">
            <Coords points="1175,3352 4321,3352 4321,5137 1175,5137"/>
            <TextLine id="tr_2_tl_1" custom="readingOrder {index:0;}">
                <Coords points="1185,3542 4225,3475 4261,3293 1189,3420"/>
                <Baseline points="1205,3521 1223,3527 1313,3521 1402,3521 1492,3515 1581,3515 1671,3509 1760,3509 1850,3503 1940,3498 2029,3498 2119,3492 2208,3486 2298,3486 2387,3480 2477,3480 2566,3474 2656,3468 2745,3468 2835,3462 2924,3456 3014,3450 3104,3450 3193,3444 3283,3438 3372,3438 3462,3432 3551,3432 3641,3426 3730,3420 3820,3414 3909,3414 3999,3408 4088,3408 4178,3402 4268,3402"/>
                <TextEquiv>
                    <Unicode>er sich dagegen wehren wollte, die Bemerkungen Ottos über die Fa-</Unicode>
                </TextEquiv>
            </TextLine>
            <TextLine id="tr_2_tl_2" custom="readingOrder {index:1;}">
                <Coords points="1173,3771 4008,3664 4308,3629 4316,3499 1181,3633"/>
                <Baseline points="1199,3712 1277,3706 1366,3706 1456,3700 1546,3694 1635,3689 1725,3689 1814,3683 1904,3683 1993,3677 2083,3677 2172,3665 2262,3659 2351,3659 2441,3653 2530,3653 2620,3647 2710,3647 2799,3647 2889,3641 2978,3635 3068,3629 3157,3629 3247,3623 3336,3623 3426,3623 3515,3611 3605,3611 3694,3605 3784,3599 3874,3593 3963,3593 4053,3587 4142,3587 4232,3581 4321,3581"/>
                <TextEquiv>
                    <Unicode>milie wirkten xxxx in ihm nach. Paula, gestern noch der</Unicode>
                </TextEquiv>
            </TextLine>
            <TextLine id="tr_2_tl_3" custom="readingOrder {index:2;}">
                <Coords points="1481,3633 1544,3629 1591,3645 1655,3625 1698,3633 1741,3621 1749,3633 1805,3617 1852,3621 1852,3578 1832,3578 1824,3562 1781,3562 1753,3538 1726,3554 1658,3554 1627,3570 1552,3530 1508,3558 1485,3554"/>
                <Baseline points="1504,3617 1587,3617 1677,3611 1766,3605 1856,3605"/>
                <TextEquiv>
                    <Unicode>Kestner</Unicode>
                </TextEquiv>
            </TextLine>
            <TextLine id="tr_2_tl_4" custom="readingOrder {index:3;}">
                <Coords points="1177,3925 3597,3874 4186,3807 4190,3680 1181,3787"/>
                <Baseline points="1199,3886 1241,3886 1331,3880 1420,3874 1510,3874 1599,3868 1689,3868 1778,3862 1868,3862 1957,3856 2047,3850 2137,3850 2226,3844 2316,3838 2405,3838 2495,3832 2584,3826 2674,3820 2763,3820 2853,3814 2942,3814 3032,3808 3121,3808 3211,3802 3301,3796 3390,3796 3480,3790 3569,3790 3659,3784 3748,3778 3838,3772 3927,3766 4017,3766 4106,3760 4196,3760"/>
                <TextEquiv>
                    <Unicode>Inbegriff seiner neuen Lebenshoffnungen,war ihm irgendwie ent-</Unicode>
                </TextEquiv>
            </TextLine>
            <TextLine id="tr_2_tl_5" custom="readingOrder {index:4;}">
                <Coords points="1165,4111 4051,4000 4186,3893 3439,3842 3285,3925 1169,4008"/>
                <Baseline points="1187,4053 1235,4059 1325,4059 1414,4053 1504,4047 1593,4047 1683,4047 1772,4041 1862,4035 1951,4035 2041,4035 2131,4029 2220,4023 2310,4017 2399,4017 2489,4011 2578,4005 2668,4005 2757,3999 2847,3993 2936,3987 3026,3987 3115,3981 3205,3981 3295,3975 3384,3969 3474,3969 3563,3963 3653,3957 3742,3951 3832,3951 3921,3945 4011,3945 4100,3945 4190,3933"/>
                <TextEquiv>
                    <Unicode>rückt; als er sich ihr Bild ins Gedächtnis zurückzurufen such-</Unicode>
                </TextEquiv>
            </TextLine>
            <TextLine id="tr_2_tl_6" custom="readingOrder {index:5;}">
                <Coords points="1177,4241 3822,4209 4150,4166 4154,4055 3672,3988 2725,4142 1181,4138"/>
                <Baseline points="1199,4238 1205,4232 1295,4238 1384,4238 1474,4232 1563,4232 1653,4226 1743,4220 1832,4214 1922,4214 2011,4208 2101,4208 2190,4202 2280,4196 2369,4196 2459,4190 2548,4184 2638,4178 2727,4172 2817,4172 2907,4166 2996,4160 3086,4160 3175,4154 3265,4154 3354,4154 3444,4148 3533,4142 3623,4136 3712,4136 3802,4130 3891,4130 3981,4124 4071,4124 4160,4118"/>
                <TextEquiv>
                    <Unicode>te,erschien es ihm xxx als das einer nicht mehr ganz jungen,</Unicode>
                </TextEquiv>
            </TextLine>
            <TextLine id="tr_2_tl_7" custom="readingOrder {index:6;}">
                <Coords points="1149,4438 3961,4403 4225,4363 4229,4209 1157,4304"/>
                <Baseline points="1175,4417 1193,4417 1283,4417 1372,4411 1462,4405 1552,4405 1641,4399 1731,4399 1820,4393 1910,4393 1999,4387 2089,4381 2178,4375 2268,4369 2357,4369 2447,4363 2536,4357 2626,4357 2716,4351 2805,4351 2895,4345 2984,4345 3074,4339 3163,4333 3253,4327 3342,4327 3432,4321 3521,4321 3611,4315 3700,4315 3790,4309 3880,4303 3969,4303 4059,4297 4148,4291 4238,4291"/>
                <TextEquiv>
                    <Unicode>fanierten Person, unordentlichem Morgenanzug, deren</Unicode>
                </TextEquiv>
            </TextLine>
            <TextLine id="tr_2_tl_8" custom="readingOrder {index:7;}">
                <Coords points="1165,4608 2614,4652 3471,4513 4016,4596 4308,4517 4312,4367 1173,4442"/>
                <Baseline points="1187,4590 1271,4590 1360,4590 1450,4584 1540,4584 1629,4578 1719,4578 1808,4572 1898,4566 1987,4566 2077,4560 2166,4560 2256,4554 2345,4548 2435,4542 2525,4542 2614,4536 2704,4530 2793,4530 2883,4524 2972,4518 3062,4518 3151,4512 3241,4512 3330,4506 3420,4500 3509,4500 3599,4494 3689,4488 3778,4488 3868,4488 3957,4482 4047,4476 4136,4476 4226,4476 4315,4476"/>
                <TextEquiv>
                    <Unicode>Züge in seltsamer Weise denen der armen Klavierlehrerin gleichen;</Unicode>
                </TextEquiv>
            </TextLine>
            <TextLine id="tr_2_tl_9" custom="readingOrder {index:8;}">
                <Coords points="1165,4782 3052,4833 3356,4707 4209,4703 4213,4545 1169,4703"/>
                <Baseline points="1187,4763 1265,4769 1355,4763 1444,4757 1534,4751 1623,4751 1713,4745 1802,4745 1892,4745 1981,4739 2071,4733 2160,4733 2250,4727 2339,4721 2429,4721 2519,4715 2608,4709 2698,4709 2787,4709 2877,4703 2966,4697 3056,4691 3145,4691 3235,4685 3324,4685 3414,4679 3503,4679 3593,4673 3683,4673 3772,4662 3862,4662 3951,4656 4041,4650 4130,4650 4220,4638"/>
                <TextEquiv>
                    <Unicode>und er spürte einen dumpfen unbegreiflichen Groll gegen sie in</Unicode>
                </TextEquiv>
            </TextLine>
            <TextLine id="tr_2_tl_10" custom="readingOrder {index:9;}">
                <Coords points="1161,4956 3787,4924 4198,4849 4205,4695 3400,4715 3238,4821 1165,4841"/>
                <Baseline points="1181,4948 1253,4948 1343,4942 1432,4942 1522,4936 1611,4936 1701,4930 1790,4930 1880,4924 1969,4924 2059,4912 2148,4906 2238,4906 2328,4900 2417,4900 2507,4894 2596,4894 2686,4888 2775,4888 2865,4882 2954,4876 3044,4876 3133,4876 3223,4870 3312,4870 3402,4864 3492,4859 3581,4853 3671,4847 3760,4847 3850,4841 3939,4835 4029,4829 4118,4829 4208,4811"/>
                <TextEquiv>
                    <Unicode>sich aufsteigen. Er verübelte ihr, dass sie sich um ihren Vater</Unicode>
                </TextEquiv>
            </TextLine>
            <TextLine id="tr_2_tl_11" custom="readingOrder {index:10;}">
                <Coords points="1153,5145 4182,5102 4273,4936 3305,4896 3120,4999 1678,5039 1161,4952"/>
                <Baseline points="1175,5121 1235,5127 1325,5121 1414,5115 1504,5115 1593,5115 1683,5115 1772,5109 1862,5109 1951,5103 2041,5097 2131,5097 2220,5091 2310,5085 2399,5085 2489,5079 2578,5073 2668,5073 2757,5067 2847,5061 2936,5061 3026,5061 3115,5055 3205,5055 3295,5050 3384,5044 3474,5038 3563,5038 3653,5026 3742,5020 3832,5020 3921,5014 4011,5014 4100,5002 4190,5002 4279,4996"/>
                <TextEquiv>
                    <Unicode>nicht genug gekümmert hatte, dass sie in einen alten Musiker ver-</Unicode>
                </TextEquiv>
            </TextLine>
        </TextRegion>
    </Page>
</PcGts>
