4920 5812
541 396 710 609 11.
799 412 985 609 1
2377 496 2680 678 1e.
4081 412 4282 682 24
1243 630 4278 896 einem die Schicksale der Patenten innerlich nach. Ordination
2155 815 2866 944 infach nicht fähren.
1211 856 1784 961 ben, in dener
3838 864 4303 1074 eigent
1243 892 3738 1098 von zwei bis vier“, so heisst es wohl, aber
2547 981 2854 1106 te sich
2252 1001 2551 1130 cette
1231 1021 1582 1134 lution)
1219 1074 4339 1304 ich ein Unsere. Der wahre Arzt hat ununterbrochen. Ordinations -
1227 1215 1388 1312 kei
1235 1263 4198 1481 stunde, und ohne Unterlass macht er Krankenbesuche. Ich wenig-
1215 1405 4254 1655 stens komme von keinem los. Ich folge solch einem Menschen, der
2418 1526 2624 1639 Léait
1219 1586 4286 1836 eben in meiner Sprechstunde war, wie er die Treppe hinuntergeht,
3003 1687 3536 1812 wandelt
1550 1732 1732 1861 P.S.C.
1219 1776 4335 2002 aus dem Tor tritt, durch die Strassen sprirrt, Hoffnung oder Ver-
1211 1945 4282 2167 zweiflung im Herzen; ich sehe die Weiterentwicklung seines Lei-
1223 2095 1522 2216 fach n
1207 2176 1820 2357 dens..ich -"
2301 2188 2591 2345 dachte
1695 2317 4274 2527 „Gewiss,gewiss“,unterbrach ihn Robert,seine Ungeduld
1518 2410 2119 2563 beweisleron
1191 2450 4044 2712 „Aber du vergisst offenbar, dass ich
3431 2579 3604 2700 als
1195 2680 4315 2846 doch eigentlich sehr herunter war im Frühjahr, wie Ihr mich weg -
1183 2777 3358 2995 geschicht habte auf Reisen schriftet
1715 2882 3725 3068 „ Schichler...  miderholte Seurteck
1671 3027 4173 3245 „Weggeschickt? Nun ja,mein lieber Robert,wenn einer
1183 3193 4432 3427 in der glücklichen Lage ist, sich wegschicken zu lassen, so schicken
2995 3294 3213 3427 das
1171 3358 3903 3536 wir ihn natürlich weg. Bei mir gelänge es leider nicht."
1655 3520 4186 3762 „Wenn's dir so gegangen wäre, wie mir vor sechs Mona¬
1158 3738 4069 3947 ten! Erinnere dich nur - nicht einmal Klavierspielen konnte
1162 3923 3552 4121 ich mehr. Die Töne haben mir geradezu weh getan."
3701 3927 4101 4133 rechter.
1643 4113 2357 4319 „Das kenn ich."
3281 4069 4299 4299 seinen Arm und liess
1631 4266 4262 4460 „Wieso kennst du das? Du xxx spielst doch gar nicht
1841 4379 2067 4517 5/8
1134 4480 1594 4622 Klavier."
2793 4480 3762 4638 al,  pack doch einma
2268 4436 2628 4678 inbach
1635 4626 4242 4779 „Das ist ja egal. Sege statt Klavierspiel zum Exempel
2967 4735 3132 4803 -A
1699 4743 2507 4868 mit deinem gelähn.
2769 4726 3378 4864 vermeldet
1211 4686 1679 4880 andge lenk
1122 4835 4097 5013 Weltgeschichte" - und da Robert etwas erstaunt aufsah - „nun
2656 4904 2987 5005 nbach I
1667 4920 2293 5049 Robert tat so
1122 4985 4186 5235 ja, ich versichere dich, es hat in meinem Leben Perioden gegen
1808 5102 2159 5275 Vnd doch
