4920 5796
2794 388 4483 718 Monsieur le présent, il y a l'aubé été
2158 462 2573 695 G.C.P.
990 415 1766 726 V.J.C.F.P.
454 477 811 803 17/11
1925 640 4153 912 tehtig sich zu verabschieden. Auf heute Abend
3555 885 4231 1067 e ihm folgten.
1696 885 3516 1091 „Allein?“ fragte Robert wie besorgt.
1164 1025 4234 1289 In lästelte. „Ich werde mich wohl dazu entschliessen müssen. Wann
3346 1261 4293 1436 vom Paulas Hand anzu-
1195 1269 3256 1444 hat zu grosse Angst vor der Seekrankheit.
1661 1448 4227 1650 Wie schön wäre das, dachte Robert, mit ihr in der Welt
1172 1634 4168 1770 herumzureisen. Ind er wusste zugleich, dass sie seine Gedanken
1060 1723 1638 1863 withielte
3012 1750 3171 1871 3
1192 1793 4145 1960 spünte. Ein leiser Regen setzte ein Sie machten sich auf den
1160 1979 4223 2197 Rückweg. Sie sprachen beinahe nichts, doch gerade dieses Schwei-
1141 2115 4203 2321 gen verband sie, wie Robert deutlich fühlte, immer mehr. Im Walde
1133 2333 4200 2492 kam ihnen die Mutter entgegen, begreisete den Sektionsrat mit ge-
1122 2500 4246 2694 lassener Freundlichkeit, und nun redeten sie von ihnam gleichzei-
1324 2624 2647 2744 and non rprest us
2880 2639 3691 2767 holden seller
1141 2686 4044 2903 tigen Aufenthalt im Süden auf der wundenschänen Insel, wo man
1110 2818 4005 3043 viele Wochen lang beinahe Tür an Tür gewohnt hatte, ohne sich
3412 3000 3963 3132 bemerkli
1102 3039 3998 3225 sønderlich um einander zu kümmern. „Im Gebirge“, sagte Paula,
3369 3194 3742 3400 sharte
1087 3198 2787 3443 „kommen Sie nicht so leicht davon."
1533 3350 3939 3613 Beim Mittagessen, das Robert am gleichen Tisch mit
1071 3571 4033 3780 den Damen einnahm, kam die Rede darauf, dass er in Wien wie ein
850 3687 3928 3963 Ole Fremder in einem gasthof wohne. Paula enklärte, dass sie ihn
1036 3947 4122 4184 darum fast beneidem hönne, wie denn auch das Leben mancher ameri-
1013 4134 4071 4351 kanischer Familien, die sich ununterbrochen auf Reisen befänden,
990 4312 3947 4526 ganz nach ihrem Geschmacke wäre. Ihr Traum, so behauptete sie
2946 4436 3427 4560 medas
997 4421 4064 4658 nicht ganz im Scherz, war ein Reiseautomobil, von dem sie neulich
986 4673 4005 4828 eine Abbildung gesehen, in dem man sich einrichten könne wie in
959 4805 3959 5057 einem Haus und seine Wohnung aufschlagen, wo und wann es einem
943 5007 3939 5290 beliebte. Noch während das Gespräch im besten Gange war hielt
1882 5135 2360 5337 le, empf an.
1653 5282 2371 5492 Am Abend sa
