4856 5860
3692 376 4235 705 24, 29
2971 364 3331 677 11. I
1268 515 1965 745 G.C.R.S.
1295 662 2349 887 und lachte nun auf, ab
1303 662 4048 1066 Immer mehr Menschen drängten in den kleinen Raum
1184 927 4219 1248 und zwängten sich zwischen den Tischen durch. Eine sehr gros so
1200 1109 4116 1418 unnatürlich magere junge Dame in Begleitung von zwei Herren
1188 1256 4183 1596 blieb eine Weile, mit den Blicken im ganzen Saal herumsuchend,
1200 1462 4211 1755 ganz nah neben roberts Sessel stehen und ihr Arm streifte den
2824 1584 3621 1739 wandte
1204 1644 4223 1957 seinen. Da sie keinen Platz fand, wandte sich, verliess mit
2056 1787 3260 1977 wieder nim geben; dort
1220 1810 4290 2119 ihren Begleitern den Raum und an der Türn sah sie sich lächeln
1208 1985 4219 2286 nach Robert um. Ein frisch gefülltes Glas Champagner standyor
1224 2179 4353 2476 ihm. Er trank es in einem Zug mit Lust, fast mit Begier. Der Kla-
1232 2337 4143 2650 vierspieler phantasierte über Themen aus Wagnerischen Opern
1216 2539 4310 2856 in parodistischem Walzertempo. Irgend etwas, längst Vergangenes,
1216 2694 4314 3050 zog durch Roberts Sinn. Vor vielen Jahren, im Beginn seiner Ehe,
2333 2840 3569 3026 einer Tristen Aufführung
1232 2868 4397 3165 war er einmal während einer xxx mit seiner jungen Gattin
3834 2971 4092 3098 mit
3141 3011 3355 3145 sch
1240 3070 4203 3379 in einer verdunkelten Loge gesessen und sehr zärtlich zu ihr
1434 3153 1620 3252 der
3486 3157 4013 3288 in nendluss.
1248 3224 4183 3545 gewesen. Es war ihm nun, als hätte er sie damals
1260 3403 4338 3688 und er dachte, dass vielleicht manches anders gekommen wäre, wenn
1256 3601 4349 3922 sie nicht so jung hätte sterben müssen. Trotz dieses wehmütigen
1244 3779 4274 4088 Binfalls fühlte er sich ganz behaglich und merkte, dass er mit
1252 3957 4373 4278 der Hand sanft zum Klavierspiel den Takt schlug. Er lächelte da-
1256 4128 4353 4441 rüber oder wollte vielmehr lächeln, denn plötzlich begannen sei-
1264 4302 4195 4611 ne Lippen zu zucken, Thränenstiegen ihm in die Augen, und er
1256 4480 4441 4781 konnte sich eben noch mit Mühe zurückhalten laut aufzuschluchzen
1272 4678 4349 5015 und den Kopf auf die Tischplatte sinken zu lassen. Er biss die
1256 4841 4349 5142 Zähne zusammen, sah rings um sich, ob irgend jemand seine Schwä-
2270 4880 2472 4983 en le
1268 5023 4385 5364 che bemerkt hätte, was zuseiner Befriedigung nicht der Fall war,
