4904 5764
2313 370 2514 571 [+]
4176 378 4338 674 26
2372 619 2652 839 was 1
2817 603 3317 839 auch angem-
1332 796 4440 1005 Früh war mir, als könnte ich den Arm überhaupt nicht rühren; ja
1328 989 4405 1186 die ganze linke Seite war irgendwie in dieses eigentümliche Ge-
1316 1186 4287 1379 fühl mit einbezogen. Ich verspürte eine sonderbare Müdigkeit
1320 1347 4484 1552 der linken Gesichtshälfte und“ - er wagte sich immer weiter vor-
1320 1548 4216 1730 „das linke Auge konnte ich kaum öffnen." Zugleich,da er den
1304 1702 4358 1911 Blick Leinbachs doch mit einer gewissen ärztlichen Schärfe auf
1316 1895 4432 2092 sich gerichtet sah, riss er beide Augen weit auf, um sich ja nicht
1296 2061 1911 2293 zu verraten.
1773 2246 4216 2423 „Das ist natürlich lauter „Unsinn“, sagte Leinbach.
1277 2403 4330 2616 „Eine Seite ist immer schwächer als die andere. Du weis t doch
1284 2624 4322 2786 selbst, dass die soga nannte Symmetrie der beiden Körperhälften
1269 2750 4216 2975 nur eine Fabel ist. Ja, nen übrigens - wo bist du nur zuletzt
1249 2979 4295 3160 gewesen? Ach ja, am Meer, im Süden. Das war vielleicht nicht das
2199 3081 2356 3184 al
1249 3132 4204 3337 Richtige,besonders xxx Abschluss. Ich an deiner Stelle würde
1241 3321 4291 3550 doch, bevor ich mein Amt antrete, noch ein paar Tage Gebirgsluft
1241 3507 1797 3692 schnappen."
1734 3660 2376 3885 „Du glaubst?"
1722 3842 4137 4058 „Nicht etwa, dass ich es für notwendig hielte. Gar
3893 3952 4228 4078 meget
1225 4042 4220 4255 keine Idee. Aber wenn man's tun  kann! Von mir aus kannet
1217 4220 2935 4405 du natürlich auch in Wien bleiben.
1686 4405 4267 4590 Wilhelm Kahnberg trat an den Tisch und begrüsste den
1190 4559 4350 4771 Sektionsrat mit einer beinxxxgerührten Herzlichkeit, deren Grund
2801 4665 3270 4783 vermochte.
1182 4681 4350 4968 sich Robert nicht recht  erklären konnte. Er hatte mit dem jungen
1182 4925 4243 5106 Dichter, dessen Lyrik ihm nebelhaft und verstiegen vorkam, immer
1182 5102 4330 5260 nur ganz oberflächlich verkehrt; überdies fand er sein Aeusseres
