4952 5828
4014 427 4310 742 6364
2261 619 2557 781 not
1307 642 4180 904 Schulfschein und es gibt keine Schuld. Ich habe die Wahl...
3422 865 3830 1046 une rime
2595 842 2834 984 liess
3407 980 4133 1154 ausnehmend viel
1834 1030 4222 1230 Am nächsten Morgen kindigte Doktor Leinbach durch
1588 1169 2049 1330 vergnugh
3141 1203 4187 1323 Zaug, wahrhaftig! Lein-
1288 1223 4383 1446 eine männliche Karte seinen Besuch für denselben Tag an. Robert,
1757 1361 2695 1488 mühigen Sieren
3957 1388 4168 1511 kumt
1269 1392 4191 1657 der mit freiem Kopf und in leidlicher Laune erwacht war, ent-
2015 1553 2299 1657 ihren
1269 1611 4306 1746 schloss sich, xxx entgegenzugehen. Auf der breiten Wald-
1246 1730 4276 1942 strasse, im kühlen Herbstschatten der Tannen, durch die ein matt-
3407 1907 3907 2042 Leunole
1234 1938 4218 2122 blauer Himmel schimmerte, begegneten sich die Retan. Leinbach
1223 2092 4133 2361 war touristisch ausgerüstet, mit Nagelschuhen, Kniehosen, Berg-
1573 2288 1780 2357 um
1227 2269 4199 2461 stock, sogar mit einem mässig gefüllten Rucksack. „Was hast du
2964 2442 3384 2565 water
1215 2480 4168 2657 Grosses vor?“ fragte Robert. „Nichts andemas“,erwiderte Lein-
1184 2638 4230 2834 bach,“als mich in die Landschaft zu fügen und allen Möglichkei-
1180 2788 4083 3014 ten gegenüber gertistet zu sein."- „Jedenfalls“, sagte Robert,
1219 2995 4141 3180 „misstest du auf meine Gesellschaft verzichten,falls du etwa
1184 3111 1953 3241 Gesinnenwart
1161 3168 4037 3357 eine Bergbesteigung zu unternehmen“. - „Ich denke
1138 3334 4145 3610 nicht daran, umso weniger, als ich schon um fünf Uhr zwanzig hi-
1127 3541 4133 3726 neinfahren musss."- „Also wozu der Rucksack?“ - „Für den Fall,
1111 3684 4045 3907 dass man Lust hätte im Freien zu essen."  „Was hast du
1107 3880 4130 4080 denn alles mit?“ - „Schinken, Käse, Brot, eine Flasche Wein, einen
1077 4053 4068 4253 Band goethe und etwas Verbandzeug.“ - „Das auch?“  „War noch
1088 4222 4037 4410 von meiner letzten Tour her drin. Ich wollte es schon heraus-
2949 4391 4141 4541 Es hin sich in kaupts Arm.
1061 4445 4033 4618 nehmen, aber so etwas hiesse das Schicksal herausfordern. Also
1046 4576 4122 4810 erzähle, was hast du die paar Tage heroben gemacht? Schönes Wet-
1042 4764 2211 4972 ter gehabt, nicht wahr?“
1869 4906 2276 5037 berichtes
1469 4899 3972 5283 Robert erklääte, dass er beinahe die ganzen Tage im
2749 5125 2984 5329 nogh
