4936 5832
4137 484 4405 765 p30
3445 476 4022 799 einmal
1278 701 4273 879 beitragen können. Als bei dieser Gelegenheit/der Name des ver-
2442 849 3903 968 dem Gericht nach angeblich
4124 824 4388 998 war
1278 947 4248 1138 storbenen Komponisten fiel, mit dem Paula verlobt gewesen sein
1262 1092 4358 1312 sellte, liess Robert einen Blick auf ihr ruhen, der eine Erklärung
1249 1283 2876 1482 zu erbitten, ja zu fordern schien.
1729 1444 4358 1640 Sie standen auf einem kleinen Balkon, der einer Wohnung
2370 1567 2944 1682 gewichtet
1240 1572 4294 1818 zugehörte,die sie eben hatten. Es war eine Spätnach-
1223 1814 4141 1979 mittagsstunde, der erste Schnee dieses Winters fiel leise, und
1223 1979 4120 2107 ein graues Dämmern sank in die kleinen ärmlichen entlaubten
1215 2162 4252 2315 Gärten, die durch niedere Mauern von einander getrennt, ihnen zu
1211 2277 4303 2506 Füssen lagen. Paula zog die dunkle Pelzboa fester um ihnen ###
1194 2447 4154 2714 Hals und liess ihren Bliek den Hünsang entlang gehan, die das
1198 2663 4345 2910 Gantanvienanwissen, dem werdte sie auch wieder Robert zu,
2578 2791 2965 2914 Robert
1206 2842 4252 3062 lächeits zu ihm und, und mit ihm zusammen tout sie in das kahle,
1211 3033 4201 3203 brisch geweisste Zimmer zurück, wo die Hausbesorgerin
2680 3143 3109 3271 um ne
1164 3215 4163 3402 mit dem Schlüsselbund wartete, sie wohnung hätte ihnen soweit
1168 3381 4044 3542 gefallen, sagte nohent, und sie wurden sich mit dem Hausherrn
3581 3517 3810 3623 über
1164 3521 4248 3776 in dinekte Verbindung setzen.
1160 3683 4286 3916 le, durch freihängende Glühlampen nur notdürftig beleuchtete stie-
1283 3886 1559 3988 und
3453 3878 4056 4061 herumlagen,
1143 3869 3470 4099 ge, dann durch den Flurin den Bretter und Kacheln
3449 4022 3780 4090 Pfind
1087 4031 3772 4158 treie zu gelassen, und wir nachgleiten nie schuldig
3763 4035 4061 4158 verter
816 4044 1053 4184 and
1143 4116 4248 4315 kamen Sie ins Knuis und schmertigend Arm in Arm, ausgestatten sie wei-
786 4222 4201 4443 tione ter, zunest durch eine heute, um h wüßig belahte, in eine schmü¬
1797 4405 2264 4532 Gigered in
1100 4409 1402 4494 einer
1126 4481 4235 4643 lere, stilleran stuaste, wo kleine Vorgärten den Beginn des Villen-
1117 4634 4078 4846 viertels ankündigten. Hier blieb der Schnee schon liegen, wäh-
1109 4825 4141 5033 rend er früher unter ihren Schritten in trübes Grau zerflossen
1079 4999 1334 5207 war.
1563 5080 4137 5403 Endlich sägte Paula: Ich habe deinen Blick dort oben
