4872 5800
3039 317 3602 618 V.J....c. v. M.
3063 559 3245 713 1 11 1
1149 658 4073 923 ausschlafen konnte. Er ging rasch, sicher, trällerte vor sich
1157 840 4204 1098 hin, endlich sang er sogar mit einer schönen dunklen Stimme, die
1153 1010 4204 1256 ihm fremd vorkam. Nun ja, dachte er, vielleicht ist es gar nicht
1149 1177 4232 1442 meine Stimme, vielleicht bin ich es gar nicht selber, vieleicht
3721 1312 4010 1419 Frauen
1157 1351 4169 1597 träum ich,-vielleicht ist es mein letzter Traum,- der auf dem
1149 1577 4176 1787 Sterbebett. Er erinnerte sich eines Einfalles, den Leinbach vor
1149 1716 4216 2057 vielen Jahren in grösserer Gesellschaft, auch Otto war dabei ge-
1153 1878 4133 2128 wesen,ganz ernsthaft, ja mit einer gewissen Wichtigkeit,vorge-
1133 2096 4315 2330 bracht hatte. Er behauptete nämlich einen Beweis gefunden zu ha-
1145 2235 4212 2481 ben, dass es eigentlich keinen Tod auf der Welt gebe. Es sei ja
3745 2381 4046 2524 in die
1133 2417 4113 2667 zweifellos, erklärte er, dass nicht nur bei Ertrinkenden, we es
1141 2615 4165 2837 längst erwiesen sei, sondern, dass bei allen Sterbenden im letz-
1149 2762 4109 3039 ten Augenblick das ganze Leben mit einer ungeheueren, für uns
1137 2976 4295 3218 Andere gar nicht zu fassenden Geschwindigkeit noch einmal vorbei-
1125 3154 4184 3392 zöge. Da nun aber dieses erinnerte Leben natürlich auch einen
1121 3301 4062 3554 Letzten Augenblick habe, innerhalb dessen wieder das gleiche
1125 3499 4256 3820 vorgehe, und dieser letzte Augenblick wieder einen letzten, und so
1331 3550 1541 3661 wie
1129 3665 4188 3903 weiter, so bedeute das Sterben im Grunde nichts anderes, als die
614 3852 3380 4105 nirte der mathematischen Famel je inendlichen Reute
1137 3899 4260 4101 Ewigkeit in Form eines Kattenbruchs. Robert erinnerte sich noch,
2698 4018 3158 4157 aforel
2282 4038 2635 4169 dies
3107 4018 4125 4212 zurückgewiesen
1121 4085 2754 4303 wie erbittert Otto ein seitänicht
1110 4176 4192 4438 hatte; Robert aber, freilich ohne sich für Leinbachs Auffassung
1125 4367 4232 4636 einzusetzen, hatte nicht vermocht sie völlig unsinnig zu finden.
1110 4628 4224 4814 Wenn jene Erklärung stimmte, so wusste man freilich nie,zum wie-
1113 4810 4137 4997 vielten Mal man irgend eine Sache durchlebte, andererseits war
1106 4945 4236 5266 es aber gleichgültig, da man ja alles unendliche Male durchleben
