4920 5848
3055 467 3647 719 1) [incompréhensible]
4176 588 4349 738 "   "
2790 487 2957 752 . I.
3346 1323 3696 1483 100 b
1219 1359 3800 1804 gen sich eines Zeugen, eines Mitschuldigen mein-
1219 1624 3715 1938 te versichern zu müssen so gab es eine Gewähr,
1229 1823 3689 2075 dass er sich nicht xxx morgen schon mit den
1222 1967 3833 2232 eigenen gestörten Sinnen einbilden würde auf ei-
1216 2117 3849 2441 gene Verantwortung handeln zu dürfen.Geschähe es
1219 2320 3650 2562 denn das erste Mal dass ein gesunder, geistig
425 2310 618 2467 b
1216 2523 1611 2738 völlig
