4920 5812
958 465 1943 793 Monsieur le précédier de la nouvelle sérieuse.
2428 405 2998 705 G.C.H.F.P.
705 486 867 749 Votre
1936 469 2310 671 11.
1926 614 2239 769 V. P.
3265 533 3801 793 II. n° 11.
4394 533 4566 782 P.
1541 651 1811 786 V. P.
3315 1494 3558 1676 51 b
1032 1656 3565 1841 aber da es sich nun doch einmal herausgestellt
1022 1841 3612 1997 hatte, dass sein Dasein eine ganze Anzahl völlig
1029 2010 3561 2185 ins Dunkel der Vergessenheit gerückter Stunden
1018 2179 3598 2307 in sich fasste, warum sollte er den Mord an The-
1032 2344 3548 2479 rese nicht ebenso in einer solchen Stunde ver-
1015 2405 3632 2620 übt haben wie den an Alberta? - Den an Alberta-?
1005 2614 3582 2782 Was hatte denn Alberta damit zu tun? Er streck-
1015 2772 3430 2934 te die Hand nach der Lampe neben seinem Bett
995 2931 3423 3082 aus und schaltete ein. War es denn bewiesen,
995 3089 3703 3258 dass er Alberta umgebracht und im Walde verscharnt
998 3231 3538 3413 hatte? Nicht nur nicht bewiesen war es;- eslag
995 3386 3494 3541 Überhaupt nichts vor,was nur im Entferntesten
1002 3568 3433 3706 für die Möglichkeit sprach, dass es geschehen
985 3683 3423 3848 sein konnte. Ebenso rasch als sie ihn in der
985 3892 3602 4074 Finsternis überfallen, zerflatterten die Schreck
978 4000 3477 4222 gedanken im hellgewordenen paum wie nichts.Er
985 4179 3561 4340 atmete auf. Was für eine Tollheit, dachte er, mir
985 4300 3413 4502 einzubilden, dass ich Therese vergiftet habe.
971 4465 3433 4711 Das gutensaufte, heute noch geliebte Geschöpf.
958 4641 2593 4853 Erzählte ich, dachte er weiter
