4824 5796
3644 343 4026 602 120 h
878 411 3433 771 1 1 1/2 7 5/4 4 1/4 7 1/7, rue 3/1 4, 3/4, 4, 4/4; 4, 5/7; 4/10.
3465 1169 3789 1305 120 a
1312 1321 3747 1522 sich mit leichten Vorwürfen,warum er sie von
1312 1506 3831 1700 seinem Vorsatz nicht verständigt und sie nicht
1982 1661 2151 1746 mit
1308 1645 3760 1836 hinaus aufa Land genommen habe. Sie sassen, wie
1312 1814 3793 1979 es jetzt manchmal der Fall war,in Paulas anmu-
1296 1992 3731 2151 tigem, ganz in Weiss gehaltenen Mädchenzimmer,
1289 2108 3854 2293 wo von einer verhängten Deckenlampe über Bilder
1289 2296 3605 2448 und Teppiche ein mildrötliches Licht fiel.
1270 2452 3763 2640 Robert zog Paula zärtlich in seine Arme; doch
1270 2601 3705 2766 er war zerstreut; unklare Fluchtpläne
1270 2766 3877 2908 zogen ihm durch den Sinn und vergeblich versuch-
1270 2902 3812 3090 te er ihnen eine festere Gestalt zu geben. „Was
1263 3103 3679 3248 ist dir denn?“fragte Paula. In diesem Augen-
1260 3242 3773 3372 blick kam ihm eine Eingebung,die ihm für seine
1247 3381 3125 3585 Zwecke besonders glücklich schien.
