<?xml version="1.0" encoding="UTF-8" standalone="yes"?>
<PcGts xmlns="http://schema.primaresearch.org/PAGE/gts/pagecontent/2013-07-15" xmlns:xsi="http://www.w3.org/2001/XMLSchema-instance" xsi:schemaLocation="http://schema.primaresearch.org/PAGE/gts/pagecontent/2013-07-15 http://schema.primaresearch.org/PAGE/gts/pagecontent/2013-07-15/pagecontent.xsd">
    <Metadata>
        <Creator>prov=READ-COOP:name=TrHtr:version=2.1.0:model_id=51170:date=15_08_2023_02:27</Creator>
        <Created>2023-05-10T15:04:31.242+02:00</Created>
        <LastChange>2023-08-15T02:27:06.455+02:00</LastChange>
        <TranskribusMetadata docId="1428794" pageId="55430301" pageNr="124" tsid="132837460" status="IN_PROGRESS" userId="64420" imgUrl="https://files.transkribus.eu/Get?id=ZRJWVUWOWUBVTSNJNLBLXMMB&amp;fileType=view" xmlUrl="https://files.transkribus.eu/Get?id=BJRQQGVKUMUCZNTSRVLWVOTV" imageId="44704373"/>
    </Metadata>
    <Page imageFilename="1428794_0124.jpg" imageWidth="4600" imageHeight="5604">
        <ReadingOrder>
            <OrderedGroup id="ro_1711806033965" caption="Regions reading order">
                <RegionRefIndexed index="0" regionRef="tr_2"/>
                <RegionRefIndexed index="1" regionRef="tr_1"/>
            </OrderedGroup>
        </ReadingOrder>
        <TextRegion id="tr_2" custom="readingOrder {index:0;}">
            <Coords points="1039,320 4456,320 4456,3469 1039,3469"/>
            <TextLine id="tr_2_tl_1" custom="readingOrder {index:0;}">
                <Coords points="2246,445 2292,445 2342,411 2359,432 2414,437 2435,290 2405,285 2388,302 2367,298 2338,311 2325,302 2309,315 2271,298"/>
                <Baseline points="2276,394 2341,388 2431,370"/>
                <TextEquiv>
                    <Unicode>..</Unicode>
                </TextEquiv>
            </TextLine>
            <TextLine id="tr_2_tl_2" custom="readingOrder {index:1;}">
                <Coords points="1582,374 1616,365 1641,390 1658,374 1683,382 1700,374 1746,407 1830,399 1834,239 1813,239 1801,252 1792,243 1750,248 1696,281 1582,298"/>
                <Baseline points="1607,388 1660,370 1750,370 1840,376"/>
                <TextEquiv>
                    <Unicode>11. 1</Unicode>
                </TextEquiv>
            </TextLine>
            <TextLine id="tr_2_tl_3" custom="readingOrder {index:2;}">
                <Coords points="2653,487 2879,428 2984,458 3127,411 3224,445 3295,382 3476,437 3538,395 3618,441 3627,206 3366,235 3245,323 3119,269 2993,332 2884,336 2749,269 2661,302"/>
                <Baseline points="2682,418 2730,412 2819,412 2909,406 2999,400 3088,406 3178,400 3268,394 3357,382 3447,382 3536,382 3626,394"/>
                <TextEquiv>
                    <Unicode>Præs. P.M. pr. d by</Unicode>
                </TextEquiv>
            </TextLine>
            <TextLine id="tr_2_tl_4" custom="readingOrder {index:3;}">
                <Coords points="1213,407 1251,416 1318,390 1347,390 1394,416 1440,407 1436,302 1415,302 1373,323 1297,290 1263,311 1242,302 1209,306"/>
                <Baseline points="1236,388 1326,394 1415,394 1451,394"/>
                <TextEquiv>
                    <Unicode>III.</Unicode>
                </TextEquiv>
            </TextLine>
            <TextLine id="tr_2_tl_5" custom="readingOrder {index:4;}">
                <Coords points="3946,541 4004,554 4017,541 4042,550 4059,533 4072,541 4114,525 4160,546 4185,541 4185,294 4160,294 4118,319 4051,311 4025,290 4013,302 3946,302"/>
                <Baseline points="3967,466 4056,466 4146,466 4194,466"/>
                <TextEquiv>
                    <Unicode>135</Unicode>
                </TextEquiv>
            </TextLine>
            <TextLine id="tr_2_tl_6" custom="readingOrder {index:5;}">
                <Coords points="3140,537 3186,546 3198,567 3253,558 3308,592 3362,600 3379,411 3312,399 3295,416 3261,416 3245,432 3198,432 3169,453 3148,449"/>
                <Baseline points="3166,501 3196,501 3285,489 3375,483"/>
                <TextEquiv>
                    <Unicode>14</Unicode>
                </TextEquiv>
            </TextLine>
            <TextLine id="tr_2_tl_7" custom="readingOrder {index:6;}">
                <Coords points="2930,558 2951,558 2959,550 2972,558 2993,541 3005,554 3031,546 3056,562 3085,562 3094,432 3052,432 3026,453 3010,445 2968,458 2963,445 2938,445"/>
                <Baseline points="2957,513 3011,513 3100,507"/>
                <TextEquiv>
                    <Unicode>1</Unicode>
                </TextEquiv>
            </TextLine>
            <TextLine id="tr_2_tl_8" custom="readingOrder {index:7;}">
                <Coords points="1075,827 3954,764 4055,739 4059,550 1079,655"/>
                <Baseline points="1099,812 1105,818 1194,818 1284,818 1374,812 1463,806 1553,806 1642,806 1732,806 1822,800 1911,800 2001,794 2091,794 2180,788 2270,782 2359,782 2449,782 2539,776 2628,770 2718,770 2807,770 2897,764 2987,764 3076,764 3166,758 3256,758 3345,752 3435,746 3524,746 3614,746 3704,746 3793,740 3883,734 3972,734 4062,734"/>
                <TextEquiv>
                    <Unicode>möglich zu halten, dass Otto einfach durch die Tatsache meines</Unicode>
                </TextEquiv>
            </TextLine>
            <TextLine id="tr_2_tl_9" custom="readingOrder {index:8;}">
                <Coords points="3119,860 3161,873 3198,860 3228,877 3400,860 3417,881 3459,852 3547,852 3555,865 3580,860 3585,772 3547,760 3513,781 3463,756 3329,789 3278,751 3215,789 3123,798"/>
                <Baseline points="3142,848 3148,848 3238,854 3327,842 3417,836 3506,830 3596,830"/>
                <TextEquiv>
                    <Unicode>werden</Unicode>
                </TextEquiv>
            </TextLine>
            <TextLine id="tr_2_tl_10" custom="readingOrder {index:9;}">
                <Coords points="1075,1020 2762,1079 3329,940 4302,961 4445,831 4265,735 4055,856 1075,928"/>
                <Baseline points="1099,985 1141,985 1230,985 1320,985 1409,979 1499,979 1589,979 1678,973 1768,973 1858,973 1947,967 2037,967 2126,967 2216,961 2306,961 2395,955 2485,955 2574,955 2664,949 2754,943 2843,943 2933,937 3023,937 3112,937 3202,937 3291,932 3381,932 3471,926 3560,920 3650,920 3739,914 3829,908 3919,908 4008,908 4098,908 4188,908 4277,908 4367,914 4456,920"/>
                <TextEquiv>
                    <Unicode>Verschwindens von seiner fixen Idee geheilt sein könnte? xxx</Unicode>
                </TextEquiv>
            </TextLine>
            <TextLine id="tr_2_tl_11" custom="readingOrder {index:10;}">
                <Coords points="1310,1108 1465,1087 1482,1104 1574,1108 1591,1091 1641,1108 1696,1083 1822,1087 1826,991 1713,995 1662,1020 1629,1003 1545,1007 1427,1037 1377,995 1318,999"/>
                <Baseline points="1338,1081 1386,1081 1475,1081 1565,1081 1654,1075 1744,1069 1834,1057"/>
                <TextEquiv>
                    <Unicode>nitt etc</Unicode>
                </TextEquiv>
            </TextLine>
            <TextLine id="tr_2_tl_12" custom="readingOrder {index:11;}">
                <Coords points="1062,1209 3870,1125 4034,1033 1066,1121"/>
                <Baseline points="1087,1165 1170,1165 1260,1159 1350,1159 1439,1159 1529,1159 1619,1159 1708,1159 1798,1153 1887,1147 1977,1141 2067,1147 2156,1141 2246,1141 2335,1135 2425,1135 2515,1129 2604,1129 2694,1123 2784,1123 2873,1117 2963,1117 3052,1117 3142,1111 3232,1111 3321,1111 3411,1105 3501,1105 3590,1099 3680,1099 3769,1093 3859,1093 3949,1087 4038,1081"/>
                <TextEquiv>
                    <Unicode>eher wären es denkbar, dass er meine Abreise als ein neues Zei-</Unicode>
                </TextEquiv>
            </TextLine>
            <TextLine id="tr_2_tl_13" custom="readingOrder {index:12;}">
                <Coords points="1058,1385 3874,1310 3996,1297 4000,1175 1062,1305"/>
                <Baseline points="1087,1344 1141,1344 1230,1344 1320,1344 1409,1338 1499,1338 1589,1332 1678,1326 1768,1326 1858,1326 1947,1320 2037,1320 2126,1314 2216,1314 2306,1314 2395,1314 2485,1308 2574,1302 2664,1302 2754,1296 2843,1290 2933,1290 3023,1290 3112,1284 3202,1284 3291,1284 3381,1278 3471,1272 3560,1272 3650,1272 3739,1266 3829,1266 3919,1266 4008,1266"/>
                <TextEquiv>
                    <Unicode>chen in seinem Sinn deuten, mir nachreisen, den Versuch machen</Unicode>
                </TextEquiv>
            </TextLine>
            <TextLine id="tr_2_tl_14" custom="readingOrder {index:13;}">
                <Coords points="2905,1410 2930,1415 2959,1398 2993,1410 3022,1389 3035,1398 3060,1389 3081,1402 3131,1385 3203,1398 3211,1301 3068,1322 3064,1310 3035,1322 2913,1314"/>
                <Baseline points="2927,1392 2945,1392 3035,1392 3124,1374 3214,1368"/>
                <TextEquiv>
                    <Unicode>rückt</Unicode>
                </TextEquiv>
            </TextLine>
            <TextLine id="tr_2_tl_15" custom="readingOrder {index:14;}">
                <Coords points="1062,1528 4302,1478 4403,1310 1062,1457"/>
                <Baseline points="1087,1517 1093,1517 1182,1517 1272,1523 1362,1517 1451,1517 1541,1511 1631,1505 1720,1505 1810,1499 1899,1499 1989,1493 2079,1493 2168,1493 2258,1487 2347,1487 2437,1481 2527,1481 2616,1475 2706,1475 2796,1469 2885,1469 2975,1469 3064,1463 3154,1463 3244,1463 3333,1457 3423,1451 3512,1451 3602,1445 3692,1445 3781,1451 3871,1445 3961,1439 4050,1439 4140,1439 4229,1433 4319,1433 4409,1439"/>
                <TextEquiv>
                    <Unicode>meinen Aufenthalt zu entdecken dass er mich verfolgt, mich oder</Unicode>
                </TextEquiv>
            </TextLine>
            <TextLine id="tr_2_tl_16" custom="readingOrder {index:15;}">
                <Coords points="1054,1717 3690,1671 3958,1645 3958,1570 3316,1515 1054,1650"/>
                <Baseline points="1075,1684 1099,1684 1188,1690 1278,1690 1368,1690 1457,1684 1547,1684 1636,1678 1726,1678 1816,1678 1905,1672 1995,1672 2085,1672 2174,1666 2264,1666 2353,1660 2443,1660 2533,1654 2622,1654 2712,1648 2802,1648 2891,1648 2981,1642 3070,1642 3160,1636 3250,1631 3339,1636 3429,1631 3518,1631 3608,1625 3698,1625 3787,1619 3877,1619 3967,1619"/>
                <TextEquiv>
                    <Unicode>verfolgen lässt und am Ende gemeisht zu finden weisen Nein,</Unicode>
                </TextEquiv>
            </TextLine>
            <TextLine id="tr_2_tl_17" custom="readingOrder {index:16;}">
                <Coords points="2737,1763 3925,1713 4097,1767 4349,1738 4349,1641 2737,1671"/>
                <Baseline points="2760,1732 2831,1726 2921,1726 3011,1720 3100,1726 3190,1720 3279,1714 3369,1714 3459,1714 3548,1714 3638,1714 3728,1714 3817,1708 3907,1708 3996,1708 4086,1708 4176,1714 4265,1714 4355,1714"/>
                <TextEquiv>
                    <Unicode>finden sollen sie wich wohl!</Unicode>
                </TextEquiv>
            </TextLine>
            <TextLine id="tr_2_tl_18" custom="readingOrder {index:17;}">
                <Coords points="1054,1889 3287,1818 3488,1922 4004,1822 3916,1704 1612,1805 1058,1729"/>
                <Baseline points="1075,1864 1147,1864 1236,1864 1326,1864 1415,1858 1505,1858 1595,1858 1684,1852 1774,1852 1864,1846 1953,1852 2043,1846 2132,1846 2222,1840 2312,1840 2401,1834 2491,1834 2580,1828 2670,1828 2760,1822 2849,1822 2939,1816 3029,1816 3118,1816 3208,1810 3297,1810 3387,1804 3477,1804 3566,1804 3656,1798 3745,1798 3835,1792 3925,1792 4014,1798"/>
                <TextEquiv>
                    <Unicode>das wird er nicht. Ich werde schlauer sein als er. Wie wär's,</Unicode>
                </TextEquiv>
            </TextLine>
            <TextLine id="tr_2_tl_19" custom="readingOrder {index:18;}">
                <Coords points="1054,2090 3920,2011 3925,1897 2900,1826 2539,1956 1058,1981"/>
                <Baseline points="1075,2037 1153,2043 1242,2043 1332,2043 1421,2037 1511,2037 1601,2037 1690,2031 1780,2031 1869,2025 1959,2025 2049,2019 2138,2019 2228,2013 2318,2013 2407,2013 2497,2013 2586,2007 2676,2007 2766,2001 2855,2001 2945,1995 3035,1995 3124,1989 3214,1989 3303,1989 3393,1989 3483,1983 3572,1983 3662,1977 3751,1977 3841,1977 3931,1977"/>
                <TextEquiv>
                    <Unicode>wenn ich einen Selbstmord vorspiegelte? Kein übler Einfall.</Unicode>
                </TextEquiv>
            </TextLine>
            <TextLine id="tr_2_tl_20" custom="readingOrder {index:19;}">
                <Coords points="1054,2237 2909,2170 3874,2267 4315,2241 4319,2082 1054,2149"/>
                <Baseline points="1075,2210 1105,2210 1194,2216 1284,2210 1374,2210 1463,2204 1553,2204 1642,2204 1732,2198 1822,2198 1911,2198 2001,2198 2091,2186 2180,2186 2270,2186 2359,2186 2449,2180 2539,2180 2628,2180 2718,2180 2807,2174 2897,2174 2987,2168 3076,2168 3166,2162 3256,2162 3345,2162 3435,2156 3524,2156 3614,2156 3704,2150 3793,2150 3883,2144 3972,2144 4062,2144 4152,2138 4241,2132 4331,2132"/>
                <TextEquiv>
                    <Unicode>Doppelselbstmord. Ich und Paula. Wir lassen einen Brief zurück.</Unicode>
                </TextEquiv>
            </TextLine>
            <TextLine id="tr_2_tl_21" custom="readingOrder {index:20;}">
                <Coords points="1087,2317 2926,2304 3190,2271 3194,2179 1087,2229"/>
                <Baseline points="1111,2300 1141,2306 1230,2300 1320,2300 1409,2294 1499,2288 1589,2282 1678,2282 1768,2276 1858,2276 1947,2276 2037,2270 2126,2264 2216,2264 2306,2264 2395,2264 2485,2258 2574,2258 2664,2258 2754,2258 2843,2258 2933,2258 3023,2258 3112,2252 3202,2252"/>
                <TextEquiv>
                    <Unicode>was es in solcher Fällen nicht pflegt</Unicode>
                </TextEquiv>
            </TextLine>
            <TextLine id="tr_2_tl_22" custom="readingOrder {index:21;}">
                <Coords points="1054,2401 3295,2397 3937,2342 3971,2258 1054,2330"/>
                <Baseline points="1075,2389 1105,2389 1194,2389 1284,2389 1374,2383 1463,2383 1553,2377 1642,2383 1732,2377 1822,2377 1911,2377 2001,2371 2091,2371 2180,2365 2270,2365 2359,2365 2449,2359 2539,2359 2628,2353 2718,2353 2807,2347 2897,2347 2987,2347 3076,2341 3166,2335 3256,2335 3345,2335 3435,2330 3524,2330 3614,2330 3704,2330 3793,2324 3883,2324 3972,2324"/>
                <TextEquiv>
                    <Unicode>Man würde sich nicht einmal sonderlich wundern. Niemand. Der</Unicode>
                </TextEquiv>
            </TextLine>
            <TextLine id="tr_2_tl_23" custom="readingOrder {index:22;}">
                <Coords points="1020,2493 1175,2510 1511,2477 1553,2506 1658,2485 1734,2506 1767,2477 1855,2481 1859,2388 1696,2418 1515,2380 1339,2426 1259,2393 1020,2422"/>
                <Baseline points="1045,2485 1057,2485 1147,2479 1236,2479 1326,2473 1415,2467 1505,2467 1595,2473 1684,2467 1774,2467 1864,2467"/>
                <TextEquiv>
                    <Unicode>Beem Frantner</Unicode>
                </TextEquiv>
            </TextLine>
            <TextLine id="tr_2_tl_24" custom="readingOrder {index:23;}">
                <Coords points="1037,2602 4059,2531 4063,2384 1041,2506"/>
                <Baseline points="1063,2574 1111,2568 1200,2568 1290,2563 1380,2563 1469,2563 1559,2557 1648,2557 1738,2551 1828,2551 1917,2551 2007,2545 2097,2545 2186,2539 2276,2539 2365,2539 2455,2533 2545,2527 2634,2527 2724,2527 2813,2521 2903,2521 2993,2521 3082,2521 3172,2515 3262,2515 3351,2515 3441,2509 3530,2509 3620,2503 3710,2503 3799,2503 3889,2497 3978,2497 4068,2497"/>
                <TextEquiv>
                    <Unicode>geistat gewiss nicht. Auch Herr Kahnberg nicht, Und Otto gewis</Unicode>
                </TextEquiv>
            </TextLine>
            <TextLine id="tr_2_tl_25" custom="readingOrder {index:24;}">
                <Coords points="1028,2754 4059,2749 4118,2573 3060,2653 2850,2548 1859,2573 1033,2691"/>
                <Baseline points="1051,2748 1075,2748 1165,2748 1254,2742 1344,2742 1433,2736 1523,2736 1613,2730 1702,2730 1792,2730 1881,2730 1971,2724 2061,2718 2150,2718 2240,2718 2330,2718 2419,2712 2509,2712 2598,2706 2688,2706 2778,2706 2867,2700 2957,2706 3046,2700 3136,2700 3226,2694 3315,2694 3405,2694 3495,2688 3584,2688 3674,2682 3763,2682 3853,2676 3943,2676 4032,2676 4122,2682"/>
                <TextEquiv>
                    <Unicode>nicht. Er würde seinen Wahn nur bestätigt finden. Ich hätte ihm</Unicode>
                </TextEquiv>
            </TextLine>
            <TextLine id="tr_2_tl_26" custom="readingOrder {index:25;}">
                <Coords points="1037,2984 3803,2892 3941,2791 1041,2863"/>
                <Baseline points="1063,2921 1081,2921 1170,2921 1260,2915 1350,2909 1439,2915 1529,2909 1619,2909 1708,2903 1798,2903 1887,2903 1977,2897 2067,2897 2156,2897 2246,2891 2335,2891 2425,2885 2515,2885 2604,2885 2694,2885 2784,2879 2873,2879 2963,2873 3052,2873 3142,2873 3232,2867 3321,2867 3411,2867 3501,2861 3590,2861 3680,2861 3769,2855 3859,2855 3949,2855"/>
                <TextEquiv>
                    <Unicode>eine Mühe erspart. So würde er sich die Sache zurecht legen.</Unicode>
                </TextEquiv>
            </TextLine>
            <TextLine id="tr_2_tl_27" custom="readingOrder {index:26;}">
                <Coords points="1033,3102 3371,3089 3853,3056 3858,2934 2976,3018 1037,2980"/>
                <Baseline points="1057,3094 1087,3094 1176,3094 1266,3094 1356,3094 1445,3088 1535,3088 1625,3088 1714,3082 1804,3082 1893,3082 1983,3076 2073,3076 2162,3070 2252,3070 2341,3070 2431,3064 2521,3064 2610,3064 2700,3064 2790,3058 2879,3058 2969,3052 3058,3052 3148,3052 3238,3046 3327,3040 3417,3040 3506,3040 3596,3040 3686,3035 3775,3035 3865,3029"/>
                <TextEquiv>
                    <Unicode>Und er wäre der Sieger. Der Sieger? Ist es denn ein Kampf?</Unicode>
                </TextEquiv>
            </TextLine>
            <TextLine id="tr_2_tl_28" custom="readingOrder {index:27;}">
                <Coords points="1033,3282 3878,3253 4059,3228 4063,3140 2212,3186 2032,3102 1033,3203"/>
                <Baseline points="1057,3279 1111,3279 1200,3279 1290,3273 1380,3273 1469,3268 1559,3268 1648,3268 1738,3262 1828,3262 1917,3262 2007,3256 2097,3256 2186,3250 2276,3250 2365,3244 2455,3244 2545,3244 2634,3238 2724,3238 2813,3232 2903,3232 2993,3232 3082,3232 3172,3226 3262,3220 3351,3226 3441,3220 3530,3220 3620,3220 3710,3220 3799,3214 3889,3208 3978,3208 4068,3202"/>
                <TextEquiv>
                    <Unicode>Wollen wir einander denn überlisten? Ich muss es anders anstel-</Unicode>
                </TextEquiv>
            </TextLine>
            <TextLine id="tr_2_tl_29" custom="readingOrder {index:28;}">
                <Coords points="2132,3379 3236,3350 3270,3240 3052,3274 3010,3236 2909,3266 2808,3232 2615,3282 2384,3253 2317,3299 2267,3257 2137,3274"/>
                <Baseline points="2156,3339 2204,3327 2294,3327 2383,3321 2473,3321 2563,3321 2652,3315 2742,3315 2831,3309 2921,3315 3011,3315 3100,3309 3190,3303 3279,3303"/>
                <TextEquiv>
                    <Unicode>Sr. Harouf Bunt usan</Unicode>
                </TextEquiv>
            </TextLine>
            <TextLine id="tr_2_tl_30" custom="readingOrder {index:29;}">
                <Coords points="1016,3492 3937,3434 4030,3240 3530,3358 2191,3375 2078,3274 1016,3345"/>
                <Baseline points="1039,3459 1081,3459 1170,3453 1260,3453 1350,3453 1439,3447 1529,3447 1619,3447 1708,3447 1798,3441 1887,3441 1977,3435 2067,3435 2156,3429 2246,3429 2335,3429 2425,3429 2515,3423 2604,3423 2694,3417 2784,3417 2873,3417 2963,3411 3052,3411 3142,3411 3232,3405 3321,3405 3411,3399 3501,3399 3590,3399 3680,3393 3769,3393 3859,3387 3949,3387 4038,3387"/>
                <TextEquiv>
                    <Unicode>len. Beweisen, ja beweisen muss ich seinen Wohnsinn. Sonst habe</Unicode>
                </TextEquiv>
            </TextLine>
        </TextRegion>
        <TextRegion id="tr_1" custom="readingOrder {index:1;}">
            <Coords points="1015,3504 4128,3504 4128,5124 1015,5124"/>
            <TextLine id="tr_1_tl_1" custom="readingOrder {index:0;}">
                <Coords points="1016,3656 3119,3597 3232,3690 3551,3585 4101,3606 4105,3497 3329,3421 3194,3522 1016,3580"/>
                <Baseline points="1039,3638 1069,3638 1159,3632 1248,3638 1338,3626 1427,3626 1517,3626 1607,3620 1696,3626 1786,3620 1875,3620 1965,3614 2055,3614 2144,3608 2234,3608 2324,3608 2413,3602 2503,3602 2592,3596 2682,3596 2772,3596 2861,3590 2951,3590 3040,3590 3130,3584 3220,3584 3309,3584 3399,3584 3489,3578 3578,3578 3668,3572 3757,3572 3847,3566 3937,3566 4026,3566 4116,3554"/>
                <TextEquiv>
                    <Unicode>ich ja keine Ruhe mehr in der Welt. Wir können nicht auf Lebens-</Unicode>
                </TextEquiv>
            </TextLine>
            <TextLine id="tr_1_tl_2" custom="readingOrder {index:1;}">
                <Coords points="1301,3736 1343,3757 1373,3736 1524,3748 1654,3727 1818,3744 1931,3711 1935,3652 1826,3673 1797,3635 1738,3627 1629,3669 1591,3631 1494,3673 1402,3648 1301,3673"/>
                <Baseline points="1326,3728 1403,3728 1493,3728 1583,3722 1672,3722 1762,3716 1852,3710 1941,3704"/>
                <TextEquiv>
                    <Unicode>verstecken</Unicode>
                </TextEquiv>
            </TextLine>
            <TextLine id="tr_1_tl_3" custom="readingOrder {index:2;}">
                <Coords points="1016,3841 4084,3774 4122,3601 1016,3748"/>
                <Baseline points="1039,3811 1081,3811 1170,3811 1260,3811 1350,3811 1439,3811 1529,3805 1619,3811 1708,3805 1798,3799 1887,3799 1977,3793 2067,3787 2156,3787 2246,3781 2335,3781 2425,3781 2515,3781 2604,3775 2694,3769 2784,3769 2873,3769 2963,3763 3052,3763 3142,3763 3232,3757 3321,3757 3411,3757 3501,3757 3590,3751 3680,3751 3769,3745 3859,3745 3949,3745 4038,3745 4128,3745"/>
                <TextEquiv>
                    <Unicode>zeit vernachwinden, Paula und ich. Das wäre freilich das Schönste,</Unicode>
                </TextEquiv>
            </TextLine>
            <TextLine id="tr_1_tl_4" custom="readingOrder {index:3;}">
                <Coords points="1016,3988 3413,3941 3832,4042 3916,4030 3920,3853 1016,3933"/>
                <Baseline points="1039,3984 1057,3984 1147,3984 1236,3984 1326,3984 1415,3984 1505,3978 1595,3978 1684,3984 1774,3978 1864,3972 1953,3972 2043,3967 2132,3967 2222,3967 2312,3961 2401,3961 2491,3961 2580,3955 2670,3955 2760,3949 2849,3949 2939,3943 3029,3943 3118,3943 3208,3937 3297,3937 3387,3937 3477,3931 3566,3931 3656,3931 3745,3925 3835,3925 3925,3931"/>
                <TextEquiv>
                    <Unicode>Verschwinden, ein neues Leben beginnen, anderswo, unter anderm</Unicode>
                </TextEquiv>
            </TextLine>
            <TextLine id="tr_1_tl_5" custom="readingOrder {index:4;}">
                <Coords points="1003,4172 4059,4122 4000,4013 1007,3979"/>
                <Baseline points="1027,4158 1111,4164 1200,4158 1290,4158 1380,4152 1469,4158 1559,4158 1648,4158 1738,4152 1828,4152 1917,4146 2007,4146 2097,4146 2186,4146 2276,4140 2365,4134 2455,4134 2545,4134 2634,4134 2724,4128 2813,4128 2903,4128 2993,4122 3082,4122 3172,4116 3262,4116 3351,4116 3441,4110 3530,4110 3620,4104 3710,4104 3799,4104 3889,4098 3978,4098 4068,4092"/>
                <TextEquiv>
                    <Unicode>Namen womögl ich, als ein anderer Mensch. Ja, wenn das durchzufüh-</Unicode>
                </TextEquiv>
            </TextLine>
            <TextLine id="tr_1_tl_6" custom="readingOrder {index:5;}">
                <Coords points="1007,4365 1100,4365 1129,4391 1192,4370 1226,4386 1259,4357 1293,4365 1314,4344 1469,4353 1469,4256 1415,4252 1385,4277 1289,4256 1213,4294 1184,4277 1079,4286 1062,4269 1012,4269"/>
                <Baseline points="1033,4337 1123,4337 1212,4337 1302,4331 1392,4331 1481,4331"/>
                <TextEquiv>
                    <Unicode>ren wäre!</Unicode>
                </TextEquiv>
            </TextLine>
            <TextLine id="tr_1_tl_7" custom="readingOrder {index:6;}">
                <Coords points="3207,4399 3350,4407 3383,4378 3434,4399 3950,4395 3946,4265 3891,4244 3786,4298 3643,4231 3534,4273 3400,4252 3350,4290 3203,4239"/>
                <Baseline points="3226,4361 3315,4361 3405,4373 3495,4367 3584,4373 3674,4373 3763,4373 3853,4379 3943,4385 3961,4379"/>
                <TextEquiv>
                    <Unicode>at Rest comes.</Unicode>
                </TextEquiv>
            </TextLine>
            <TextLine id="tr_1_tl_8" custom="readingOrder {index:7;}">
                <Coords points="1486,4542 4021,4521 4025,4357 3022,4424 2728,4260 2346,4340 1490,4311"/>
                <Baseline points="1511,4510 1523,4504 1613,4504 1702,4504 1792,4498 1881,4498 1971,4498 2061,4498 2150,4492 2240,4498 2330,4492 2419,4486 2509,4492 2598,4486 2688,4480 2778,4480 2867,4474 2957,4474 3046,4474 3136,4468 3226,4462 3315,4462 3405,4462 3495,4468 3584,4462 3674,4462 3763,4456 3853,4450 3943,4450 4032,4450"/>
                <TextEquiv>
                    <Unicode>Er stand vor dem Bankgebäude, wo an den guässten Teil</Unicode>
                </TextEquiv>
            </TextLine>
            <TextLine id="tr_1_tl_9" custom="readingOrder {index:8;}">
                <Coords points="1012,4634 3937,4563 3899,4479 1566,4550 1016,4475"/>
                <Baseline points="1039,4594 1081,4594 1170,4594 1260,4600 1350,4600 1439,4606 1529,4606 1619,4606 1708,4600 1798,4594 1887,4594 1977,4594 2067,4594 2156,4594 2246,4594 2335,4594 2425,4594 2515,4588 2604,4582 2694,4582 2784,4570 2873,4564 2963,4564 3052,4564 3142,4558 3232,4558 3321,4546 3411,4546 3501,4552 3590,4552 3680,4546 3769,4546 3859,4540 3949,4546"/>
                <TextEquiv>
                    <Unicode>kleiner Vermögens verweht lag, hat ein, ließ sich</Unicode>
                </TextEquiv>
            </TextLine>
            <TextLine id="tr_1_tl_10" custom="readingOrder {index:9;}">
                <Coords points="1003,4726 4063,4680 4097,4537 1003,4634"/>
                <Baseline points="1027,4695 1057,4695 1147,4689 1236,4689 1326,4689 1415,4683 1505,4683 1595,4677 1684,4677 1774,4677 1864,4677 1953,4677 2043,4677 2132,4677 2222,4677 2312,4671 2401,4671 2491,4666 2580,4660 2670,4654 2760,4660 2849,4654 2939,4654 3029,4648 3118,4642 3208,4642 3297,4636 3387,4636 3477,4636 3566,4636 3656,4636 3745,4636 3835,4636 3925,4630 4014,4630 4104,4630"/>
                <TextEquiv>
                    <Unicode>seiner Ranschaft zu beheben ged###hte, der mindestens auf ein hal-</Unicode>
                </TextEquiv>
            </TextLine>
            <TextLine id="tr_1_tl_11" custom="readingOrder {index:10;}">
                <Coords points="986,4789 3723,4756 3723,4668 991,4735"/>
                <Baseline points="1015,4779 1045,4779 1135,4779 1224,4779 1314,4785 1403,4779 1493,4779 1583,4773 1672,4779 1762,4779 1852,4767 1941,4761 2031,4761 2120,4761 2210,4761 2300,4767 2389,4761 2479,4767 2568,4767 2658,4767 2748,4761 2837,4761 2927,4749 3017,4737 3106,4737 3196,4731 3285,4725 3375,4725 3465,4719 3554,4731 3644,4725 3734,4731"/>
                <TextEquiv>
                    <Unicode>eine größere Sämme an folgen, und redete</Unicode>
                </TextEquiv>
            </TextLine>
            <TextLine id="tr_1_tl_12" custom="readingOrder {index:11;}">
                <Coords points="991,4869 3635,4873 3916,4848 3916,4764 991,4785"/>
                <Baseline points="1015,4869 1057,4869 1147,4869 1236,4869 1326,4863 1415,4863 1505,4857 1595,4857 1684,4863 1774,4857 1864,4851 1953,4845 2043,4851 2132,4851 2222,4857 2312,4857 2401,4851 2491,4851 2580,4851 2670,4845 2760,4833 2849,4833 2939,4827 3029,4827 3118,4833 3208,4833 3297,4827 3387,4821 3477,4821 3566,4815 3656,4815 3745,4815 3835,4815 3925,4815"/>
                <TextEquiv>
                    <Unicode>bes Jahr für ihn und Paula ausreichen münig zu dem Beamten,</Unicode>
                </TextEquiv>
            </TextLine>
            <TextLine id="tr_1_tl_13" custom="readingOrder {index:12;}">
                <Coords points="986,5083 4101,5003 4093,4915 2107,4970 2006,4882 991,4873"/>
                <Baseline points="1015,5042 1063,5048 1153,5048 1242,5042 1332,5042 1421,5042 1511,5042 1601,5036 1690,5036 1780,5030 1869,5030 1959,5024 2049,5024 2138,5024 2228,5024 2318,5024 2407,5024 2497,5024 2586,5018 2676,5012 2766,5012 2855,5012 2945,5006 3035,5006 3124,5006 3214,5000 3303,5000 3393,5000 3483,5000 3572,5000 3662,5000 3751,5000 3841,4994 3931,4994 4020,4994 4110,4994"/>
                <TextEquiv>
                    <Unicode>der ihm persönlich bekannt war, nadete er in humoristisch geheim-</Unicode>
                </TextEquiv>
            </TextLine>
            <TextLine id="tr_1_tl_14" custom="readingOrder {index:13;}">
                <Coords points="2892,5134 2942,5125 2980,5155 2997,5163 3005,5155 3014,5163 3022,5159 3047,5180 3064,5163 3085,5163 3089,5033 3052,5033 3039,5024 2984,5041 2963,5033 2942,5045 2896,5037"/>
                <Baseline points="2915,5114 3005,5108 3094,5108"/>
                <TextEquiv>
                    <Unicode>sichd</Unicode>
                </TextEquiv>
            </TextLine>
        </TextRegion>
    </Page>
</PcGts>
