4936 5796
2389 408 4421 636 4 1/2 1/3 1/4 1 4/4 4 1/10 1 1 1/7 1 1.
3569 1173 3807 1412 56 a.
1408 1379 3708 1584 Beim Das Mittagessen nahm man gemeinsam;
1223 1557 3764 1710 an einem Tisch; man sprach von gemeinsamen Be-
1216 1707 3801 1856 kannten aus früherer Zeit; die Bemerkungen Pau-
1203 1862 3745 2028 las schienen Robert zuweilen etwas scharf,aber
1206 2011 3738 2187 immer treffend. Im weiteren Verlauf der Unter-
1180 2171 3745 2326 haltung fügte es sich, dass Robert von den ner¬
1186 2313 3788 2462 vösen Verstimmungen sprach,die ### der An¬
1176 2475 3632 2641 lass seiner Urlaubsreise gewesen, nun aber so
1156 2644 3662 2784 gut wie völlig tgeschwunden waren.Ihm war, als
1156 2780 3645 2929 wüsste Paula mehr zu erraten, als er  zu  er-
1163 2969 3595 3122 zählen für richtig hielt. Doch er dachte: Ihr
1150 3122 3592 3254 könnte ich auch Verbrechen gestehen,wenn ich
1150 3264 2349 3433 welche begangen hätte.
1677 3407 3685 3542 Während seines einsamen Nachmittags-
1117 3562 3708 3738 spazierganges spielte er mit der Frage,ob er es
1123 3718 3754 3851 wagen dürfte um Paula anzuhalten. Sie gefiel ihm
1117 3870 3622 4056 besonders gut; dass sie nicht mehr allzu jung
1110 4046 3526 4192 war und auch, dass sie seiner Vermutung nach,
1097 4195 3655 4321 schon irgend eine ernstere Herzenssache erlebt
1090 4331 3754 4523 haben mochte, empfand er als weitere Vorzüge ihn-
1074 4493 3589 4626 Person. Am Abend sassen sie lang in der Halle
