4808 5880
3769 237 3982 429 110
1370 491 4361 825 Und geschähe es doch erste hel, dass ein gemeld
954 758 4298 1058 gerotn normal er Mensch fälschlich als irrsinnig erklärt und ins Nar-
2466 895 3553 1012 Mrs diese Moglichkeit
1333 970 4373 1141 renhaus gesperrt fürde. Mit Aus-icht erwog Robert vorläufig nun-
1320 1120 4290 1349 diese Möglichkeit und eine andere, entsetzlichere verwiesen
3365 1229 3853 1345 steu Ne
1320 1312 4236 1483 fürs prste aus dem Kreis seiner Befürchtungen. Denn Otto war
3282 1404 4048 1533 shice xxx
1970 1441 2212 1537 Bernd
1316 1499 4244 1691 seiner Sache offenbar noch nicht sicher, also war jene hatte
546 1566 1187 1745 # death ci
3057 1591 3382 1708 the
1362 1620 2561 1724 as alle entscheidene
2245 1670 4390 1874 Zeit Gegenmassregeln zu
508 1683 1154 1858 gene au che
1316 1699 2091 1895 Gefahr noch niel
2124 1766 2990 1899 atma gevonden
512 1812 1187 1966 entschlimé
1316 1837 4432 2049 traffen, und ebenso wie Otto sich Verbündete suchte, war es Robert
525 1920 1154 2107 not  and
1304 1966 4273 2178 unbenommen das Gleiche zu tun. Sein alter Freund Doktor Lein-
466 2066 1129 2245 dem Preis
2449 2157 2770 2257 dener
1291 2182 4315 2399 bach fiel ihm ein. War seine ärztliche Gediegenheit auch nicht
479 2166 1225 2349 serve befr
3157 2299 3474 2432 Robert
446 2303 1220 2499 hergesenden
1295 2370 4261 2586 über jeden Zweifel erhaben, Rebest war ihn doch von Jugend auf
446 2449 1200 2645 prien mioverte
1283 2566 4198 2728 herzlich verbunden; gerade, dass er nicht beruflich begrenzt,
458 2591 1045 2874 bliebant
1291 2716 4257 2920 dass er kein eigentlicher Fachmensch war, machte ihn in dieser
450 2786 1095 3045 ous, gegen
1270 2882 4302 3099 Angelegenheit zu einem unbestochenen Richter, und wenn man sich
1491 2924 4557 3145 Robert vater nicht nur, gerade mit dem geben morgen wen siben
446 2974 1104 3278 meftregele
1287 3082 4148 3265 Mit irgend jemandem über 80 varwiokalte und tief verbergene
1266 3224 4419 3424 Zusammenhänge überhaupt aussprechen konnte, so war es gewiss Lein-
1262 3428 4286 3594 bach, der über dem rein Medizinischen das allgemein Menschliche
3415 3540 3828 3649 morgen
1254 3590 4190 3778 niemals vergass, Er nahm sich vor sehen am nergigen mag eine
2103 3728 2895 3853 herbes in filie
1250 3744 4186 3932 Unterredung mit ihn hanbeizufihren und die es gewöhnlich der
2507 3919 2728 4032 r
1237 3978 4144 4119 Fall war beruhigte ihn einfach die Tatsache eines gefassten
3236 4061 3694 4186 p. Dlgeben
2020 4094 2803 4207 weil nieder
1225 4153 4223 4344 Entschlusses so sehr, dass er sich zu Bette begeb- und den Rest
3544 4248 4119 4373 vermeble
2932 4261 3328 4369 and
2682 4273 2878 4382 in
1212 4323 3994 4473 der Nacht in leidlichem Schlaf verbrachten.
2757 4415 3857 4548 hrte gelang es i hin
1724 4465 4498 4665 Am nächsten Tag verwachte er sich seiner Amtstätigkeit
3486 4619 3761 4711 F.
1195 4623 2257 4756 mit erfür und
475 4627 1129 4848 & mit aller
1225 4661 4078 4873 mit aller nötigen Sammlung zu rühren; ja, sie über sogar
2578 4781 3511 4906 mine Stimmung, ubli
533 4765 1187 4977 völlige Samberg
1254 4798 2353 4927 abertadt xxx
1241 4798 4536 5048 günstige, zerstreuende Wirkung auf ihm aus; und seiner Braut Verlobte,
508 4919 1220 5131 bei in men was
1716 4986 2216 5123 verbunden
1225 5015 4357 5223 wäre an diesem Abend vielleicht auch dann keine sonderliche Ver-
554 5085 950 5269 eine
3261 5131 4432 5348 nichts weiter an ihnen
