4888 5832
1226 457 3654 777 n'est langer (est peur certain hale nieder
1370 511 4115 890 natur Taula ihre Geige zu Hand und qu'elle
1116 828 3935 1054 und daher einer gewahnung gar nicht wert erschienen wären.
1452 933 4087 1175 Auf seine Bitte hin erklärte sich Paula bereit nach
668 995 1601 1187 Ces étant dérestes
3506 1062 3892 1175 Robert
1733 1097 3045 1253 nehme ich sein wollen.
1097 1113 4161 1390 langer geit ihne Geige wieden herzunehmen und von ihm begleitet
1109 1331 4173 1538 eine Beethovensche Sonate zu spielen. Beide freuten sich an dem
1113 1519 4064 1722 für einen ersten gemeinsamen Versuch wohlgelungenen zusammen-
1120 1702 4029 1913 spiel, dem auch die Mutter mit Vergnügen lauschte, und hau
2198 1800 3388 1956 of tereuilenmeld
1120 1858 4118 2085 schlossen von nun an einige Abende der Woche solohan Ushungen
1132 1858 1745 1987 munizieren
1710 1893 4357 2182 sind sie beschlossen, wo wir ablebendlich sein wieder
2221 2096 2936 2264 in mussi, in
1101 2128 1640 2307 zu wädmen.
1577 2213 4150 2405 Nicht immer hatte die Mutter Lust oder Zeit zuzuhören
3779 2268 4407 2420 bereitigher
1226 2362 2092 2518 waren oft.
2194 2346 2674 2494 in firein.
1105 2413 4239 2596 und oft waren sie miteinander allein. Es waren Stunden des nein-
3779 2463 4431 2612 des remites
1097 2565 4056 2815 sten Glücks, in denen sie sich, ohne es in Worten auszudrücken,
1101 2752 4185 2959 immer inniger aneinanderschlossen; und als er eines Abends nach
1109 2858 4208 3154 dem Verklingen des letzten Tons sich erhob und das Notenheft zu-
1089 3072 4025 3330 klappte, sah sie ihm, die Geige noch in der Hand,ernst und wie
1089 3256 4118 3533 fragend ins Auge,worauf er,xxx wie zur Antwort, einen Kuss auf
1089 3439 4161 3685 ihre stirn und dann auf ihre Lippen drückte. Sie schwiegen lan-
1093 3619 3912 3837 ge. Als er endlich etwas sagen wollte, wehrte sie leise ab.
1105 3814 3088 4029 „Heute nichts mehr, ich bitte dich darum."
1569 3978 4212 4224 Er ging. Als er aus dem Haustor trat, wurde ein Fenster
1093 4126 4138 4435 über ihm geöffnet. Er blickte hinauf,Paula, einen weissen Shawl
1101 4290 4134 4528 dicht um den Hals geschlungen, stand oben in der Dunkelheit und
1074 4579 2619 4708 winkte ihm ihren Nachtgruss zu.
1558 4708 4138 4895 Beim Nachhausekommen fand er einen Brief vor. Er kam
1074 4880 4177 5122 aus Amerika, die Adresse verriet Albertens Schriftzüge. Also, sie
1070 5051 4208 5270 lebte. Das Gefühl von Freude, ja xxx von Befreiung, das ihn plötz-
