4920 5828
1494 451 1791 729 B.1
2552 443 3042 768 .4.e. p.s.
3865 537 4049 721 41
1862 541 2066 804 xx
780 478 1478 827 Votre très bien aussi les
3740 678 4085 815 eignen
1431 753 2117 890 liegende, zu eng
1086 760 4042 984 Wahne mit Teil genommen, der nun unabhängig von seinem Willen
1419 921 2579 1082 senen Weren
1102 909 4089 1172 in ixxx sein Spiel weitertreiben könnte. Ein-Schauen,
3356 1074 3822 1180 „A
2187 1094 2603 1235 Wm
1795 1090 4190 1337 wienen, aber als er, um sich bliebend, sich völ-
3356 1223 3755 1341 blichend
1094 1215 1705 1423 flaas ih###
1090 1294 4143 1584 lig unangefochten an einem nachmittägig belebten Teil der Ring-
2583 1443 2791 1572 als
1102 1497 4163 1690 strasse unter vielen Menschen ein harmloser Spaziergänger unter
2391 1603 3356 1740 au le décoc l'etite
3720 1607 3967 1701 iten
1862 1654 2129 1772 pch
1090 1670 3924 1948 andern fand, schütterte er die törichte Einbildung
388 1705 953 1933 2 zufloss
1819 1831 2136 1948 s
1105 1791 4085 2136 Da an einem vorge soetzten Wege abgekommen war, naim en nun
337 1893 956 2034 and diese
1125 2011 4042 2262 endlich die für seine Zwecks erforderliche Richtung, als sein
325 1999 980 2223 Etile Embil
1654 2148 2987 2289 comme est leur fils sera
353 2148 1066 2356 ding in wichte
1078 2187 4014 2442 Auf unwilllich auf eine Frauengestalt fiel, die in einem
2278 2328 2944 2454 partenem mil
1078 2391 3979 2670 ziemlich armseligen draMantel, einer schwarze Rolle auf dem
1090 2587 3955 2850 Schosse haltend, auf einer Bank sass. Ihr Antlitz war blass,
1086 2705 4100 2987 kaum jugendlich, fast vergrämt dech hatte es sich untaa Robert
1074 2881 4159 3136 Blick so sichtlich erhollt, dass er im Weitargehen sich nach ihr
1082 3058 4151 3285 umwandte, und sogar stehan blieb, um sie nochmals zu betrachten.
1074 3261 4128 3485 Nach einigen Sekanden erst schien sie nun seinen Blick zu füh-
1737 3418 2497 3548 ne, aifs teiend
1070 3454 4100 3665 ken, lächelte kaum merklich und sah gleich wieder vor sich hin,
878 3450 1090 3614 setg
1066 3606 4018 3822 ale wellte sie sich nicht im Geringsten mein an ihn kümmern.
1058 3830 4049 4006 Robert setzte seinen Weg fort,  unhedeutenden Begeg-
1066 3963 4198 4210 nung nicht weiter und blieb, von einem Landschaftsbild angezogen,
1066 4120 4206 4359 vor der Auslage eines Kunsthändlers stehen, als im Spiegelfenster
1062 4363 4202 4575 jene Frauenge stalt wieder erschien, gesenkten Blicks,
1066 4512 4128 4755 eiligen Schrit vorüberschreitend. Robert wandte sich nach ihr
1066 4692 4151 4963 um, sie ging weiter, ohne seiner zu achten, beide Hände in die Ta-
1062 4857 4210 5155 schen ihres Mantels vergraben, aus deren einer die schwarze Rolle
1058 5037 4175 5339 hervorragte. Ihr Gang war aufrecht und etwas schleifend; der an-
4030 5151 4202 5253 ### 553
