4968 5812
1775 548 2311 788 where
1416 536 1691 780 erre dt
4155 564 4443 824 60 C
2283 556 3679 868 verloren der Erklärung
1148 744 4363 960 und wie ihm schien xxxn xxx. Von seinem eigenen Le-
1284 960 4163 1180 ben gleichsam im Stich gelassen, im Innersten leer geworden,
1268 1140 4323 1300 hatte er allzu willig, ja mit einer gewissen Selbstgefälligkeit
1743 1240 2011 1364 Ort
1280 1316 1855 1516 eine
2155 1276 4299 1524 ingeführliche Rolle vor sich selbst zu spie-
2151 1444 3951 1556 waitsende Gewalt über ihn erlangs
1256 1476 4235 1671 len begonnen, die allmählich xxx
2131 1592 3927 1731 ren eigentlicher Wissen verstorben
1240 1679 4267 1875 lich gedroht hatte ###
2339 1783 3527 1911 hte aus einen hebel
1256 1775 1456 1887 die
1244 1831 4155 2031 Stirn a### die xxx wieder hervor und hatte ###
1552 1947 2531 2079 und Kraft erfielen
2291 1955 2907 2075 Eundich
1224 2023 2983 2223 Willen ### sind zu werden.
1683 2223 4267 2371 Zum Abendessen erschienen die Damen nicht und Robert
2207 2315 2547 2431 beide
1196 2339 4227 2567 nahm an, dass sie sich ermüdet vorzeitig auf ihr Zimmer zurück-
2315 2491 3819 2623 gab u die Hoffneinung mitteint,
1200 2587 4207 2759 gezogen hatten. Trotzdem hoffte er, dass Paula sich vielleicht
1184 2755 4323 2891 später noch in der Halle zeigen würde und blätterte geraume Zeit
1188 2899 4167 3083 in illustrierten Wochenschriften,die er sonst selten zur Hand
1148 3099 4091 3295 zu nehmen pflegte. Doch seine Erwartung erfüllte sich nicht,
1148 3279 4007 3495 die Halle leerte sich und es blieb Robert nichts übrig als
1136 3439 4187 3611 gleich den anderen Gästen zur Ruhe zu gehen. Vorher aber hielt
1136 3615 4167 3839 er sich, wie um nach Briefen zu fragen, an der Loge des Portiers
1348 3727 1552 3831 in
1120 3799 4143 4007 auf dessen Eigenheit, sich zu den Gästen des Hotels in ein per-
1112 3971 4111 4191 sönliches, gewissermassen herzliches Verhältnis zu setzen, ihm
1256 4103 3235 4203 auch er schon mande grober erhalten,
1084 4175 4091 4343 nicht unbekannt war, und von dem er daher vielleicht Aufklärung
2775 4275 3311 4399 in orditin
3463 4287 4363 4463 bei Übergebodes
1080 4319 4039 4539 erhoffen durfte. Und tatsächlich erhielt er zugleich mit dem
1052 4459 4111 4735 Zimmerschlüssele in leicht bedauerndem Tone die Mitteilung, dass
1548 4623 1915 4747 Restner
1064 4687 4107 4898 die Damen kann mit dem sieben Uhr Zug auf ein Telegramm /am plötz-
1036 4846 3955 5078 lich abgereist seien. Sie liessen sich dem Herrn Sektionsrat
1032 5030 4119 5302 bestensempfahlen, fügte der Portier hinzu,während er mit Beflis-
