4808 5880
3760 234 3970 398 110
3970 546 4183 731 109
1190 501 2381 842 Monsieur le Comte de la Chine de Février, à l'éviter de la nouveau
2475 497 2812 747 P.M.
3321 566 3887 817 11.
1137 706 4162 977 ja, dessen Liebe zu ihm so stark war, dass sie sich des ungeheu-
3937 952 4142 1137 Fy
1129 907 3859 1199 ersten vermessen wollte, um ihm vor Entsetzlichem zu be-
1745 1080 2533 1211 schwerte Schule
1125 1137 4126 1334 dere bereit war auf sich zu nehmen, um ihn vor einem
2611 1227 3103 1363 un 9 rt
1121 1289 4043 1519 Leben in Wahnsinn zu bewahren, eine Liebe, sich ins Ueber-
2011 1433 2718 1543 nate deron in
1129 1465 4158 1687 menschliche steigernd, selbst Wahnsinn zu werden dæht. Er er-
1125 1654 4072 1823 bebte. Jetzt musste er, was ihn heute Früh statt ins Amt oder
2742 1777 4117 1888 heute moyens eigent-iloue
337 1769 1059 1958 & wieder and
1125 1831 4142 2040 sonst wehin, wo man ihr hätte finden können, hier heraus getrie-
435 1917 1047 2081 er sich der einige
3419 1913 4450 2094 in hochster Gefahr
2652 1970 3009 2065 to the
1112 1991 3974 2225 ben hatte, wo keiner ihn vermuten dürfte. Er war allein und
365 2028 1030 2229 tendre fefetin
3440 2118 3875 2213 munitt
382 2180 969 2328 demipt die
3727 2184 4060 2344 1 hn
2775 2176 3551 2385 xxxen, jeder
1100 2229 1827 2381 laenen; denim
369 2270 969 2455 Ihr bedrohte
1100 2373 4167 2586 für wahnsinnig halten, ihn, nicht den Bruder, da ja die ganze Ver-
361 2422 862 2611 Otlo halle
2960 2512 3309 2603 jenen
1084 2557 4257 2726 gangenheit gegen xxx und nicht gegon deß indem zeugte. Er war es
320 2598 883 2779 der Brief
328 2726 998 2886 des furchtbaren
1104 2709 4043 2910 seinen Gehighsal whhrlos preisgegeben, dann Otto hatte ja de
361 2832 1071 3029 Brief in Hander
1092 2898 4039 3128 scheinbare Recht xxx den Brief, den furchtbaren
308 2980 911 3231 not
3522 3005 3744 3124 w0
2217 3038 3009 3149 der nigleich
1010 3079 4306 3280 Brief in Händen, Ja dieser Brief war Schuld deren, dass Ottos sein
1929 3206 4269 3341 ein Robert von der gefahrliche Gestalt
3534 3268 4019 3428 minuten
1071 3276 3452 3473 Wahn genade diess und keine andere Form in poinen
1059 3415 4204 3629 Sinnen angenommen. An diesem Brief – Robert fühlte as immer-
1966 3530 3190 3690 zweifelbe in Stda, on
1182 3575 1568 3699 klare
1059 3621 3965 3830 dentlicher - hing für ihn Schicksal und Leben. Alles konnte
1047 3822 4216 3953 sich vielleicht günstig wenden,wenn ### den Brief ###
599 3912 1814 4089 der Weltgeschafft aan
1039 3949 4035 4216 hatte. Es blieb nichts anderes übrig, als ihn dem Bruder abzu-
1034 4142 4006 4384 fordern. Vielleicht genügte es sogar, um davon zu naden. Ein
1043 4306 3982 4557 rechtes Wort im rechten Augenblick hätte je se ett die Kraft
891 4507 1207 4589 emen
1034 4458 4216 4700 dan bösen Zauber zu bannen. Das wär Jä der großer Rahler, die ame
1022 4684 4121 4905 Stinde vielleicht, dass er sich mit Otto niemals rückhaltlos-ehr-
998 4803 4121 5037 lich ausgesprochen hatte. Immer in diesen zwätzig Fuhren war ja
1006 4992 4006 5222 der Gedanke an diesen Brief in ihnen Beiden lebendig gewesen.
