4456 5492
938 504 3766 832 Verfolungswahn, wer konnte daran zweifeln? Dektor Leinbach
922 754 3897 1008 hatte seine eigenen Gedanken darüber und er zögerte nicht sie
3634 860 3802 996 him
922 910 3979 1176 seinem mit Sorgfalt geführten Tagebuch anzuvertrauen. Sein arme
914 1069 3999 1319 Freund, so schrieb er, hatje an der fixen Idee gelitten, so his st
910 1258 3946 1541 es ja wohl, dass er durch seinen Bruder sterben müsste; und der
914 1414 3991 1672 Gang der Ereignisse hatte ihm am Ende Recht gegeben. Wie es all
910 1561 3975 1897 mählich dahin kommen sollte, hatte er freilich nicht vorauszuse-
2426 1721 4179 1885 Sorgen kauft sich nicht überliebten
897 1827 3942 2049 hen vermocht. Aber die Ahnung war in ihm gewesen. Und was sind
1340 1959 1868 2090 Doch mein
910 1938 4212 2229 Ahnungen? Gedankenfolgen innerhalb des unbewussten. Die Logik
2377 2110 2901 2233 mellant
885 2172 1098 2286 in
910 2127 3815 2377 des Metaphysischen könnte man xxxn sagen. Und wir reden von
881 2291 3884 2598 Zwangsvorstellungen! Ob wir dazu ohneneiters berechtigt sind,
1315 2471 2643 2626 ns Wort – in to main the ante
901 2504 3876 2696 ob dies nicht eigentlich eine Ausflucht bedeutet, das ist eine
914 2491 4118 2840 eine Flückt insgelen aus der findloren Füllfelligkeit der Einselfille,
893 2721 3729 2942 andere Frage. Und ein Fall, wie der meines armen Freundes -
336 2737 795 2946 ut eine
885 2897 4032 3155 Er strich diese zeilen wieder aus, aber so, dass sie immerhin noch
1852 3003 2860 3143 was einen spätner
897 2999 3925 3323 lesbar blieben. So hatten den Herausgeber seines Tagebuchs spä-
3417 3118 4011 3278 ird septem¬
885 3225 3930 3434 ter die Wahl zwischen der einen und der anderen Auffassung und
1680 3344 3516 3499 mit Ausbruß und nicht etwa teilen
881 3385 3815 3704 er selbst hatte xxx geschickt jeder Verantwortung entzogen.
934 3565 2163 3843 um sich abgelehnt.
2077 3880 2532 4020 Ende.
