4920 5588
1202 573 2948 724 meisten Gäste sich im Seeßad oder am
2936 553 4277 800 W###depaziergängen befan¬
1229 696 2948 820 wenig begangenen Pfade, die unter xxx,
1194 772 4361 967 den und es gerade im näheren Umkreis des Hotels am stillsten war.
1206 891 2399 1019 zwischen wildwachsendem
1190 943 4365 1158 Robert trat auf den breiten steinernen, weit ins Wasser laufenden
1217 1074 2260 1178 Doch auch die Landsch-
3099 1110 4233 1333 helle Dampfer, der den
1178 1126 3115 1329 Landungssteg, an den gelehnt der kleine xxx
3107 1221 3275 1337 Ste
1202 1237 2594 1357 gewohnten Reizes wie entkleich
1190 1305 4309 1496 Verkehr mit dem Festland zu besorgen hatte, seine Mittagsrast gee-
1202 1408 2694 1532 Stunde der Abreise nahe war, und
1162 1476 4293 1671 hielt, blickte zu den wenigen, fast unbeweglichen, weissen, gelben.
2515 1580 2996 1699 von winter
1178 1592 2212 1715 le höchst labenda
1162 1663 4241 1834 rötlichen Segeln, die im Kanal erglänzten, und liess seine Augen.
1926 1763 2562 1894 nen er sahan
1194 1779 1878 1894 gen auf, nach d
1162 1830 3247 2041 endlich nordwärts gleiten,wo die Enge, allmä-
3418 1814 4448 2045 sich verbrei-
1206 1950 1962 2073 Dattie. Er sah s
1162 1985 4313 2236 ternd, das offene Meer ahnen liess. Er nahm den Hut ab, um sich an-
1206 2129 2387 2248 der Betrachtung
1154 2176 4273 2399 die Sonne gerade auf den Scheitel brennen zu lassen, atmete tief
1206 2300 2960 2411 sah sich durch beleuchtete, menschene
1126 2371 4257 2578 mit geöffneten Lippen, um den Salzgeschmack auf der Zunge zu spti-
1202 2495 1568 2618 U.Ed.
1126 2527 4126 2753 ren und freute sich der linden Luft, die auf dieser südlichen
1190 2658 2662 2773 waren, und endlich erschien ihm
1130 2725 4329 2908 Insel auch an solchen Spätoktobertagen noch mit sommerlicher xxxan
1206 2845 1786 2968 frischt und :
1114 2904 4293 3147 Wärme zu schmeicheln pflegte. Allmählig kam ihm das Gefühl, als
1178 3028 1870 3143 Restaurants a
1106 3080 4265 3338 wäre der Moment, den er eben durchlebte, in Wirklichkeit längst ten
2276 3199 2729 3318 ertens an
1182 3211 1846 3326 tasis unwillke
1098 3271 4229 3509 vergangen, und er selbst, sowie er eben dastand, auf dem Landungert,
1810 3386 2113 3501 Trennus
1106 3473 4114 3645 steg, den Hut in der Hand, mit geöffneten Lippen, ein verscheinen
1086 3637 4134 3847 des Bild seiner eigenen Erinnerung. Er hätte gewünscht, dieses
1174 3760 1452 3871 war sich
1086 3788 4210 4062 Gefühl, das ihm keineswegs zum ersten Mal und durchaus nicht gekt
2725 3919 2920 4030 ler,
1174 3927 1631 4050 lassen, der
1074 4003 4038 4217 als ein unheimliches, sondern eher als ein erlösen es überkam,
2085 4102 2491 4221 Tagen
1786 4106 2005 4225 wenn
1062 4202 3935 4377 länger festhalten zu können; aber mit dem Wunsche selbst seit
1058 4377 2347 4568 es auch selten dahin. Und ne
2399 4345 4146 4580 war ihm, als hätte er mit der Gegen-
1062 4524 2435 4763 wart sich entzweit; Himmel.
3430 4544 3780 4774 ein
1038 4731 1962 4958 fern geworden, und
3251 4898 3832 5129 Itt einen xxx
