4936 5604
2254 293 2411 507 G.H.
1795 266 2061 537 m
1568 288 1751 555 Pr.
1201 563 4254 860 wenig begangenen Pfade, die unter Kiefern und Steinsichen, sowie
1188 786 4241 1039 zwischen wildwachsendem Gestrüpp, ins jnnera der Insel führten.
1188 1000 4250 1267 Doch auch die Landschaft schien ihm duftlos, trocken und ihres
1184 1162 4245 1437 gewohnten Reizes wie entkleidet. Er freute sich jetzt, dass die
3673 1310 3843 1419 G.C.H.F
699 1315 4210 1577 Stunde der Abreise nahe war, und zugleich tenehten in seiner Seite.
1328 1371 1524 1463 mais
1350 1524 1799 1638 lauchten
712 1502 1179 1642 dre résultat
1175 1507 4337 1782 le höchst labendige Bilder von winterlich-städtischen Vergnügun-
721 1629 1088 1791 deu bien
1179 1699 4289 1948 gen auf, nach denen er schon lange kein Verlangen mehr getragen.
1170 1856 4442 2092 hatte. Er sah sich nicht im Theater, auf einem bequemen Samstuhl
1162 2013 4324 2258 der Betrachtung eines heiteren Bühnenspiels hingegeben,
1913 2219 2105 2332 as well
1184 2241 4306 2441 sah sich durch beleuchtete, menschenerfüllte Strassen spazieren.
2511 2376 2970 2507 fension.
1197 2402 2227 2516 Krischla lockenden
1184 2415 4267 2642 verüber an ### Auslagen mit küstlichen Juwelen und Leder-
1153 2607 4306 2800 waren, und endlich erschien ihm seine Gestalt, ein wenig aufge¬
1140 2752 4333 3062 frischt und verjüngt, im stillen Winkel eines behaglich-vornehmen
1144 2926 4302 3166 Restaurants an der Seite eines weiblichen Wesens, dem seine Phan-
1153 3149 4302 3359 tasie unwillkürlich Albertens anmutige Züge verlieh. Zum ersten
1140 3332 3983 3551 Mal seit der prennung dachte er ihrer heute mit einiger We¬
4044 3280 4241 3494 mut.
2101 3459 3477 3577 ob is beenden zweibert.
1380 3481 1721 3621 fragte
2935 3481 4123 3695 desh nicht klug gewesen.
1140 3555 2830 3760 und er segte sich, desselbst stellete
3075 3616 4092 3743 junger Ewer Hoven
1730 3647 2603 3760 widerständler
2171 3717 4119 3922 gen Widerstand dem fremden Herrn zu über-
1153 3747 2123 3944 war sie ohne ernstlich
1122 3848 4206 4123 lassen dessen sie xyz, mit der gefährlichen Nähe entrückt,
1118 4031 4206 4298 gemssen nach wenigen Tagen gewiss nicht mehr gedacht hätte, Se-
3297 4219 3594 4442 T
1127 4228 3180 4455 der Synerhalb der kenigens Nachen die Notar
1219 4433 1917 4660 kandts verstattet
4241 4437 4560 4778 Robert
3380 4573 3800 4787 Könte in allen Haus.
1144 4586 2280 4861 wesen der ihr flüchtige
1153 4826 1568 5018 getet gerade
1136 4983 1987 5206 gesteldt; je sie de
