4920 5848
2614 515 2899 692 P.S.
1908 463 2449 753 Cultivateur
749 532 961 749 HJ1
3384 480 4016 770 lebhelt 33
2631 627 3107 796 beichtete
1052 705 3700 913 sich aussprechen zu dürfen, und er ersählte ihr ausführte.
2441 831 4302 987 letzten Arbeiten die Reform
3449 922 4012 1026 ihr das
1649 939 3142 1164 von seinen Rechtsabendere von seinen R
1982 926 4436 1138 1 den Reformen auf dem Schote des Frau,
1034 896 1666 1129 seinen xxx
1078 1069 1666 1181 die sich so
1757 1073 1939 1164 J r
822 1104 4289 1290 musikalischen Unterrichtswesen, die ihn sehr xxx beschäftig-len
1034 1246 4068 1463 ten. Unwillkürlich fiel hiebei sein Blick auf das geschlossene
1008 1463 4154 1662 Piano, und als Paula bemerkte, es sei darauf schon lange nicht ge-
1026 1627 4012 1805 spielt worden, schlug Robert vorerst, ohne sich niederzusetzen,
1021 1796 4077 1986 ein paar Töne an; sie klangen etwas dumpf und dæ Porzellantas-
1017 1965 4012 2181 sen zitterten leise mit. Paula begann die Gegenstände, die auf
2787 2051 4323 2211 and in the Roberts Beibsffe
1017 2172 4077 2354 dem Deckel standen, herunterzuräumen, Rahart war ihr bahilflich,
1000 2302 4038 2523 und sie stellten die Tassen und Teller, eine fransösische Ühe,
3150 2432 3505 2553 Wherr
1558 2488 1735 2596 were
1004 2501 4085 2739 ein Baar silbern Armleuchter, einige bösen und anderes mehr auf
995 2679 4077 2891 den Boden hin. Dann setzte sich Robert an den geöffneten Flügel
1008 2856 3873 3090 und hub in seiner Weise zu phantasieren an,bis er aus einer
991 3021 4102 3246 Tanzmelodie,in die er unversehens geraten war, und die er dem Mo-
978 3194 3968 3414 ment nicht recht angemessen fand, sich in eine melancholische,
982 3375 4016 3592 in Chopin'schen Modulationen verklingende Melodie rettete. Die
978 3557 3934 3761 Frauen schwiegen,nachdem er geendet; er sah sie nicht,da sie
978 3709 4064 3960 hinter ihm in einer Ecke des Zimmers sassen, doch er fühlte, dass
961 3903 3986 4111 ihnen sein Spiel gefallen hatte. Paula erhob sich, trat zu ihm
982 4146 4055 4328 und fragte ihn, ob ihm selbst ein guter Flügel zu Gebote stände.
1813 4241 2406 4375 vortrefflicher
965 4315 3999 4457 „Ich habe einen nachte guten gehabt“,erwiderte er. „Aber im vo-
948 4410 4427 4678 rigen Frühjahr habe ich ihn, sowie manches andere verkauft. wenn sobald
3155 4561 3739 4695 sederfalls
974 4661 4012 4834 ich wieder eine Wohnung nehme, schaffe ich mir wenn einen neuen
961 4825 3947 5007 an. Vorläufig hause ich nämlich noch immer im Gasthof. In den
943 5020 3916 5249 Augen Paulas schimmerte ein leises Lächeln auf, und er wus ste,
943 5154 4025 5375 was es zu bedeuten hatte. In einem Blick, in dem sie sich begeg-
