4936 5800
3361 1217 3630 1389 33 b
1100 1358 3572 1579 nicht stören zu lassen. Gleich nach ihr in
1089 1489 3582 1707 einer Vorahnung von Roberts Besuch zu früherer
2313 1641 2510 1758 that
1086 1689 3558 1851 stunde als gewöhnlich, kam Otto nachhause xxx
1189 1765 2537 1886 noch im überroih, und mit
1065 1827 3506 2006 xx und trat mit den schwarzleder-
1041 1979 3561 2158 nen Arztenstasche ins Zimmer ein. Sein Haar und
1020 2148 3534 2331 sein Bart erschienen pobert viel grauer gewor-
1024 2293 3792 2472 den. „Nun also,da wär man ja wieder“, sagte er
1017 2451 3423 2634 trocken.Dann legte er die Tasche hin,ergriff
996 2620 3554 2786 des Brudess Hände, schüttelte sie und nach einem
969 2755 3482 2944 leichten Zögern umarmte er ihn,worauf sie bei-
955 2913 3565 3141 de etwas verlegen waren. Marianne nickte wie be-
938 3058 3427 3254 friedigt. „Du kommst heute wohl schon aus dem
924 3182 3554 3410 Ministerium?“ fragte Otto. -“Du überschätzt meinen
903 3375 3496 3561 Eifer“,sagte Robert. „Mein Urlaub läuft noch ei-
907 3506 3451 3713 nige Tage und es wäre nicht underkbar, dass ich
900 3692 3430 3896 einer Anregung Edmunds folgend,den ich gestern
865 3837 3303 4044 Abend zufällig im Kuffee getroffen habe, noch
862 3996 3516 4227 auf ein paar Tage ins Gebirge gehe. Estrund, den
896 4168 3392 4396 [illegible] gesten bebevd prfallig in Café getroffe
831 4265 2399 4547 habe, rath wie ich dass
1703 5154 2258 5402 or selven.
