4904 5764
1280 306 3918 636 der Kirche den Gründen aus der Geründe
4026 551 4282 698 2019
1303 535 3223 749 dem Kranken - Andriese
3355 671 4208 853 ten Räumen, störte
1835 698 3157 892 xxx vor leeren und von xxx
1296 768 4298 985 Stelle aber riss Robert sich gewaltsam zurück. Er wollte sichs
2688 939 4146 1051 avierspiel, unterbrach anders wo-
2133 946 2444 1067 Dame de
1361 977 1532 1086 ndwede
1284 1036 4146 1214 nicht länger gefallen lassen, dass krankhafte Grübeleien ihn
2548 1113 3751 1226 zweier Knaben, unterhandel
1284 1195 4220 1334 wehrlos in das trübe Land schwankender Möglichkeiten trieben,
3479 1272 4135 1404 Herrn und Haus
2831 1284 3169 1412 rischen
1268 1373 4267 1583 wo das Höchst-Wahrscheinliche und das Kaum-Vorstellbare in un-
2700 1470 3223 1617 Wieder
1261 1555 4298 1699 lauterer Nähe beisammen wohnten. Er warf einen letzten raschen
2575 1645 3724 1761 mehr
2304 1652 2506 1776 En
4212 1668 4654 1858 wahrmenten
1249 1738 4135 1854 Blick in den spiegel, und war nicht imstande etwas besonders
1303 1761 4232 1951 der Unterschied zu sehen rechts in hätte war kommen wieder zu be¬
4371 1807 4550 1908 A
1253 1912 4216 2040 Auffallendes zu bemerken. Müde Augen rachts und links, das war
3064 1998 4208 2122 beidend
2513 2009 2723 2133 vangen
1245 2075 4177 2219 alles. Ueberdies war er auf dem linken Aug von Jugend an ein
3696 2168 4243 2285 aupermes
2079 2199 2502 2327 gewesen
1237 2257 4243 2471 wenig kurzsichtig gewesen und hatte die Gewohnheit angenommen
1237 2393 4325 2630 es zuweilen zusammenzukneifen. Dazu kam nach, dass er heute Nacht
1206 2544 2114 2661 kance jeachlafen
1214 2603 4336 2750 an hatte. In solch einer Verfassung sich zu einem
3425 2700 4038 2816 schon an rich
2843 2711 3064 2812 Vnand
1218 2789 4282 2991 Arzt, zu einen Freund, einen Bruder z###begeben,wäre weder klug
2998 2882 3522 3006 aufzulten
2789 2909 2959 3006 nui
1458 2917 1939 3018 laktwll
1214 2963 4228 3111 noch gewesen. Und er entschloss sich den beabsich-
3452 3060 3731 3177 our
1901 3076 2378 3200 velei sie
1218 3142 4305 3328 tigten Besuch zu verschieben, um den Bruder nach einer
3363 3239 3518 3340 ver-
1206 3320 4154 3460 gut verbrachten Nacht erfrischt,in gehobener Stimmung, und wo-
1330 3413 3980 3557 -direant dies en stienstuss nicht ohne Redeilung
1195 3479 4216 3712 möglich bei gänzlich aufgehelltem Wetter zum ersten Mal wieder
1183 3700 2071 3848 gegenüberzutreten.
3278 3956 3665 4061 vos
1656 4053 4197 4170 Bald darauf trat er aus dem Tor des Gasthofs,behagte
2703 4143 3033 4259 war ich
1811 4146 2312 4267 Entilatium
1152 4224 4061 4333 sich in der V###dass er als Fremder in den Strassen
1160 4395 3999 4581 einer unbekannten Stadt umherbummelte, und nahm mit Absicht
1152 4499 4185 4705 sein Mittagessen in einem Gasthaus, das er früher niemals betra-
3751 4654 4049 4771 Börse
1160 4759 4185 4914 ten hatte. Dann begab er sich auf die Suche nach einer Wohnung,
3417 4845 3708 4961 mit mod
2572 4845 2766 4965 euf et
1245 4856 1501 4980 lieb
1152 4930 4243 5108 spannete stundenlang in verschiedenen Häusern treppauf-treppab,
3751 5015 3945 5147 wiss
