4936 5848
3779 416 3985 605 9
1840 545 2141 794 I have a
1141 511 1549 811 1)1
1604 536 1785 772 1
2385 678 2686 824 freier
1133 661 3299 982 immer rückhaltloser und i###tger entgegenbot.
1660 884 2484 1000 In evicr Nacht
1613 940 4234 1098 Eines Abends, etwa eine Woche nach jenem ersten Besuch,
4161 1012 4354 1193 dans
1188 1025 4106 1167 nach einer kleinen mußkalischen Unterhaltung,
1133 1098 4208 1283 war er mit Paula und ihrer Mutter im Hause des Bruders zu Gaste
1072 1218 3801 1356 e hette ce Toute maître chaké sa
819 1218 1021 1386 de-
1115 1283 4204 1450 gewesen, wo man in kleiner Gesellschaft geplaudert und musiziert
1574 1390 3312 1514 seumgeleitet selt
1103 1446 4187 1617 hatte; nach Mitternacht begleitete Rohart die Damen nach Hause.
1128 1617 4239 1823 spasierte durch die verschneiten Strassen in heiterer Stim-
1098 1742 4097 2033 mung seinem Gasthof uw; und in seinem Zimmer angelangtöffnete
1085 1956 4140 2205 er für ains Weile des Fenster und nickte dem heiligen Christo-
1090 2158 4204 2402 phorus, der aus seiner dunkler Nische zu ihm emporstarrte, unwill-
1085 2274 4200 2583 kürlich den gewohnten Guten-Machtgauss zu. Als er bald darauf im
1068 2523 4123 2703 Rattel lag begegnete es ihm zum ersten Mal wieder nach geraumer
1064 2668 4153 2866 Zeit, dass er den Schlaf vergeblich erwartete. Viertelstunde auf
2501 2810 3059 2939 Kastlin
1072 2853 4157 3020 Viertelstunde hörte er von T### der Kirche tönen und blieb voll-
1055 2982 4101 3226 kommen, ja überwach. Da er die Erfahrung gemacht
1042 3170 4028 3453 hatte, dass es ihm übel bekam,wenn er in solchen Stunden seine
1042 3415 4045 3578 Gedanken in eine bestimmte Richtung zu lenken versuchte, liess
1060 3565 3998 3792 er sie treiben, wohin sie wollten, als plötzlich nach allerlei
3089 3672 3428 3818 Scheife
1034 3707 4196 3955 gleichgültigen Einfällen mit peinlicher Deutlichkeit ein bestimm-
1047 3917 4178 4101 ter Moment des eben verflossenen Abends sich xxx seinergrinnerung
1270 4080 1480 4191 auf-
1008 4097 4191 4324 anwängte. An der Tafel ihm gegenüber war ein Herr gesessen,
1021 4307 4474 4479 der ihn sehr aufmerksam betrachtet und, seinen Blick, sobald an
819 4436 3973 4637 bemerkt gesehen, immer wieder beflissen weggewandt hatte.
4118 4517 4346 4685 my
2720 4569 3784 4702 Beachting us sent
4148 4646 4367 4818 aber
1012 4620 4084 4873 Robert hatte dem  keinerlei Bedeutung zugemessen, was ihr
746 4775 1682 4951 nachträglich
995 4801 3955 5049 nun wunderte, da der Herr, der ihn so sonderbar fixiert hatte,
2930 4942 3127 5088 get
1042 4998 4045 5195 keineswegs der erste Beste, sondern ein Amt und zwar geradeso
2896 5118 3162 5324 ant
