4920 5828
1348 426 2496 735 Votre très obéissant aussi avec le
1277 710 4199 960 schon in der zweiten Hälfte der zwanziger Jahre stand, bisher
4182 739 4407 977 Sr.
1277 943 4220 1160 unvermählt geblieben war; und für dunkel glaubte sich Robert
1265 1098 4320 1331 eines Gerüchtes zu erinnern, das sie mit einem berühmten, seit her
1273 1298 4236 1486 verstorbenen Musiker verlobt gesagt hatte. Während er so über
1265 1503 4224 1682 sie nachdachte, wurde ihm ihre Gestalt immer rührender und er-
4145 1565 4407 1670 eines
1252 1636 3310 1849 schien ihm wie von Geheimnissen umflossen.
3781 1720 4370 1878 stein
1736 1795 4266 2028 Ato der Abend haben begab sich nochant in seinen Gast
4286 1807 4533 2045 mit
1248 2037 4604 2220 hof zunlich kleidete sich mit den ihm eigenen Sorgfalt um und ha-
1603 2141 2020 2258 Robert
1152 2208 4136 2400 esuchte dann ein Vorstadttheater. In behaglicher, etwas müder
1244 2312 4303 2584 und dadurch fast traumhafter Stimmung folgte er dem heitern mu-
1231 2571 4220 2746 sikalischen spiel und war recht erfreut, als ihm der erste Ko-
1235 2671 4416 2922 miker mitten in einem Couplet von der Bühne herab mit vertraulich
2066 2863 2525 2984 dünichte.
1452 2876 1857 3001 wittlau
722 2851 1352 3105 bli afelud
1235 2876 4215 3101 tem Blinseln begrüsste. Als sich die Schauspieler-Zum-Schduss
1181 3109 4266 3297 für den Beifall bedankten, winkte Robert dem Komiker einen dank-
1590 3214 2579 3335 Nach dem Theater
1219 3272 4124 3514 bar freundln han Gnuse nu; dann nahm er den Weg in ein Café-
1202 3460 4049 3648 haus der inneren Stadt, wo sich seit Jahren Abend für Abend
1194 3627 4291 3827 ein kleiner Kreis von Bekannten zu versammeln pflegte,mit denen
1828 3765 2058 3873 der
1177 3832 4245 3990 Robert von seiner Reise aus, wenigstens anfangs, auf Ansichtskar-
1870 3940 2158 4061 worle
1206 3978 4236 4178 ten flüchtige ### getauscht hatte. Als er eintrat, sah er in
1912 4107 2245 4215 Unsere
1181 4178 4082 4341 der gewohnten Ecke Herrn August Langer sitzen, einen Vetter
1173 4332 4232 4554 seiner verstorbenen Frau,einen lieben würdigen,gerne spötteln-
1160 4508 4311 4683 den älteren Herrn, höheren Bankbeamten, der durch Banttrachtydus h
1816 4641 3072 4754 dracht und Stellung
1127 4683 1356 4821 seme
1177 4725 4199 4887 die Art sich zu tragen besonders durch die Form der Erlinders,
2488 4837 2788 4950 fait dans
3185 4825 4145 4942 in Sportkussi sehr
1164 4854 3523 5121 seine vielhemerkte Aehnlichkeit mit einem in Spaa¬
4128 4825 4554 5142 bleibt
1139 5075 4211 5338 populären Aristokraten zu unterstreichen suchte. Schon von wei-
