4888 5748
811 347 2023 543 j'ai l'autre 1 1er à 1e
2307 355 2591 581 G.H.F.P.
1112 706 4108 890 hatte, wie ihm überhaupt der Verkehr mit unverheirateten Damen
3815 798 4283 969 Abschied,
1107 848 4108 1078 aus guter Familie wenig zusagte,betrachtete ihn heute
3748 1015 4162 1141 vereinke
1112 1020 4041 1245 dan im übrigen harmlos-gleichgürtigen Unterhaltung mit einer
3606 1116 4375 1312 his chited
2562 1199 3297 1316 Himmel
1099 1262 4221 1400 Teilnahme,die ihn nachdenklich machte. Als er sich
2578 1366 3038 1496 shimule.
1112 1354 4467 1613 und nicht nur der noch immer schönen Mutter, deren
3903 1554 4104 1655 G.C.H.F.H:F.F:F:D:H
2353 1542 3381 1663 der es kokertsollen
1086 1634 4091 1763 hoheitsvolles Wesen ihn stets wohltuend berührte hatte, sondern
735 1621 1036 1784 T
2386 1730 3009 1860 des toutes
1082 1809 4162 1943 gegen seine Gewohnheit auch Paula die Hand küsste, fühlte er auf
1086 1960 4300 2185 seiner stirn den warmen Glanz eines freundschaftlich-nahen Blickes
1070 2152 4221 2374 ruhen, der gleichsam dunkler wurde, als ihm Roberts Augen xxx
1082 2340 4246 2495 begegneten. Er begab sich ins Klavierzimmer,griff ein paar
1061 2511 4204 2662 Akkorde auf dem verstimmten Flügel, verliess bald wieder den Raum.
1049 2612 4099 2858 hinter dessen herabgelassenen Vorhängen der schwüle Nachmittag
1697 2796 1964 2913 und
1103 2888 4133 3050 dunstete, spazierte dann eine Neile auf dem weissen strahlenden
2064 2975 2800 3105 wandelnd, er
1041 3059 3995 3255 Uferkies hin und her und empfand peinlich die unergründliche
1028 3213 4074 3364 Leere jener nutzlosen Stunden vor einer festgesetzten Abreise.
1032 3347 4099 3594 Daher entschied er sich, statt abends mit dem regelmässigen Dam-
1007 3523 4124 3757 pfer, lieber gleich mit einem der kleinen Motorboote,noch im vol-
1471 3690 1847 3815 sicht
1003 3748 4250 3886 len Schein des Tags, die kurze strecke übers Meer zu fahren, und wie
1112 3849 4429 3982 und das wirkelerkeit in der Strapen der dorten
990 3932 2708 4116 Seit bis zum Augasz, des Zugs in d
2888 3957 4455 4116 winkaligen Hafenstadt nuchen
510 3941 949 4116 wandete
1412 4032 1809 4158 thing in
1935 4053 2181 4145 seives.
999 4058 4091 4292 zu verbringen, deren Alten tümer zu besichtigen er sich ohne das.
1559 4204 1880 4317 hatte
2566 4212 4120 4329 his heute of an not
986 4237 4158 4463 täglich vorgenommen ohne dass er sich ja wirklich dazu entschlos-
974 4400 4292 4643 sen hätte. Entschließ aufgeheilt zu haben - aufschweren.
1876 4555 2165 4726 lage
2257 4655 2440 4801 2.
1446 4776 4058 5014 Als der Zug den Bahnhof verliess, stand Robert am Fen-
961 4931 3861 5219 ster seines Abteils und nahm ohne Rührung von der gegenüber
