4888 5832
1302 618 4443 923 wünschten ihn zu seiner Genasung in ### so scherzhaften Ton,
1404 790 1631 903 Damer
1435 864 4197 1103 als hätten sie seine Erkrankung nie recht ernst genommen.
1881 1036 4482 1267 Zu Mittag speiste er mit dem Ministerialsekretär Weg-
1561 1048 1846 1252 C.M.F.P.
1392 1201 4443 1420 ner, der ihn in seiner boshaften Weise mit allerlei Amtsklatsch
3856 1385 4138 1494 G.C.P.
1373 1385 4408 1615 unterhielt, nachher spielten sie nach alter Gewohnheit
1302 1557 4353 1744 Weine Partie Billard, und so war es schon später Nachmittag, als
4373 1490 4694 1682 Robert
1353 1741 4388 1956 die Treppe zur Wohnung seines Bruders hinaufschritt. Da dieser
1338 1909 4275 2120 noch ordinierte,meldete er sich bei Marianne als heingekehrt
1322 2065 4338 2308 und erzählte ihr von seiner Bergvanderung mit Doktor Leinbach,
1322 2272 4259 2515 wobei er dessen Ausrüstung in humoristischer Heise übertrieb
1302 2468 4330 2730 und insbesondere den Inhalt des Rucksacks durch Hinzuerfindung
1287 2644 4420 2840 von Konservenbüchsen und Schnapsflaschen ins Lächerliche zu stei-
1267 2797 4396 3016 gern wusste. Mit den Knaben trieb er allerhand Kurzweil, nahm den
1252 2984 4365 3195 kleineren auf den Schoss und hatte dabei das gefühl einer Vorbe-
1240 3168 4236 3418 deutung,ja eines heiter-trostreichen Zukunftsbildes. Otto kam
1232 3344 4287 3548 aus seiner Ordination,bewillkommte den Bruder herzlich und for-
1205 3520 4232 3802 derte ihn auf, falls er nichts Besseres vor habe,ihn auf
1193 3696 4330 3915 Krankenhasnah nach Hietzing zu begleiten. Robert nahm an,und ein
1185 3880 4095 4052 paar Minuten darauf rollte der Wagen durch die abendlichen
1158 3986 2710 4252 Strassen der Gartenvorstadt zu.
1627 4228 4298 4435 Robert berichtete mit einiger Beflissenheit von seinen
1651 4330 1905 4424 a de
3598 4396 3845 4514 ren
1099 4412 4240 4592 heutigen entlichen Besprechungen, und Otto schien sich dem guten
1568 4514 2973 4650 in serie but has it in
1123 4533 4259 4823 Aussichten zu freuen, die sich den Bänder in seiner Tätigkeit er-
3606 4576 4107 4694 verstaten
2296 4705 2464 4815 in
1123 4764 4107 4975 öffneten, dann sprach Rehent von seinem Semmeringe Aufenthalt
1107 4928 4162 5178 und an konnte hiebei nicht wohl vermeiden seiner Begegnung mit
