4728 5508
3565 175 3882 355 J.H.
3368 141 3561 312 .S.
2791 201 2945 407 J
4019 432 4207 629 123
1147 599 4229 805 Abend essen möchtest?“ - „Gern, sehr gern.“ .Und da wollte ich
796 625 1044 813 F.Tr.
1138 796 4224 1031 gleich die Gelegenheit benützen und mir doch einmal dein Zimmer
1138 959 4160 1164 ansehen, das du ja nun nicht mehr lange bewohnen wirst." Er be-
1130 1134 4083 1344 trachtete den Raum von allen Seiten. „Ganz hübsch", sagte er.
1113 1323 4212 1502 Er trat zum Fenster und blickte auf die Heiligenstatue, in deren
1117 1519 4152 1699 steinernen Falten gefrorener Schnee liegen geblieben war, Aus-
1087 1669 4122 1870 falland lang blieb er hier stehen und schien zu überlegen. Ro-
1087 1883 4040 2054 bert, auch im Ueberzieher, den Hut inder Hand, stand hinter ihm
1083 2033 4040 2226 und hielt den Bliok auf Ottos gesenkten grauen Kopf geheftet,
1061 2221 3955 2410 der sich aus dem Pelzkragen hervorhob und ihm nun sonderbar
1057 2384 4057 2572 fremd erschien,wie der irgens eines müden alten Mannes, den er
3428 2525 4113 2671 fragte eich
1044 2572 4092 2735 nicht kannte. Was hat dieser Besuch zu bedeuten; dochte er. Was
1040 2722 4122 2923 will er hier? Und ganz Flüchtig fuhr ihm durch den Sinn, ob Otto
1031 2902 4122 3086 nicht etwa ein giftiges Pulver mit sich gebracht hätte, das sich
1023 3103 4002 3313 im Raum verbreiten und später seine verderbliche Wirkung
1434 3240 1721 3343 weete
1832 3231 2243 3351 under
3347 3227 4083 3377 for alle Falle.
1023 3274 4045 3467 entfalten könnte. Jedesfalls nahn er sich vor nachher das Fen-
1010 3433 4451 3659 ster zu öffnen! ppah er erinnerts sich irgend einen g###
3296 3612 3621 3736 meist.
980 3599 4036 3839 oder gehört zu heben, dass auch der Wahnsinnige stets innerhalb
2354 3788 3231 3912 und sollen dauor
3334 3784 4032 3916 tinte shillings.
980 3822 3963 4040 seines Charakters verbleibe, dass daher ein so tüchtseies Vor-
954 3989 3903 4160 gehen von Otto auch jetzt nicht zu erwarten wäre. Herrn aber
1014 4139 3891 4254 auch das genaue Gegensteil solle er ugendur selbsten.
963 4212 3933 4430 fiel ihm etwas anderes ein, was er gleichfalls einmal gelesen
2114 4310 2435 4417 Renled
963 4336 3950 4588 oder gehört hatte, dass der Wahnsinn das Wesen des von ihm Be-
950 4485 4062 4789 troffenen mweilen völlig i vorwandle; und wenn die-
1241 4657 1840 4776 [illegible]
920 4712 1866 4875 se
1969 4669 4070 4913 tige war, so hätte er sich gerade von Otto
1134 4832 1926 4943 der schlimmsten Tuß¬
3120 4862 3570 4986 miner
907 4888 1438 5097 das lärmä.
2200 4845 4045 5089 siedells versehen können. Plötzlich
2084 5059 2529 5286 aussi les
