4904 5828
2305 456 4265 840 ich den Arm überhaupt nicht rühren; 34.
1174 746 4297 1029 ben, in denen ich einfach nicht fähig war die französische Revo-
1979 750 2227 880 votre
2541 895 2761 1025 gendre
1166 947 4301 1166 lution zu ertragen. Man könnte sich sogar eine Ueberempfindlich-
2584 1076 2828 1202 pürte
1178 1108 4246 1335 keit gegen die punischen Kriege vorstellen.“ Und da Robert den
1178 1276 4234 1512 Kopf schüttelte - „Alles kann bei nervösen Menschen vorkommen.
1186 1469 4234 1716 alles. Und es gibt viele Leute - du darfst das freilich nicht
1182 1634 4301 1850 weitererzählen, denn meine Herren Kollegen von der Zunft könnten
1186 1795 4324 2023 mir die Ketzerei übel nehmen,- es gibt viele Leute, denen es ein-
1174 2003 3405 2247 fach nur an Zeit mangelt, verrückt zu werden."
1669 2160 4257 2404 Wenn ich nun, dachte Robert, die Geschichte mit meinem
2498 2317 3091 2451 En mari s'en
1174 2349 4328 2604 Augenlid vorbrächte? Er hatte die Empfindung, als könnte er jetzt
1178 2541 4159 2749 einer milden Auffassung gewärtig sein; und vorsichtig begann
1170 2718 4238 2938 er: „Weisst du übrigens, dass ich die Absicht hatte dich morgen
1163 2883 3099 3115 in der Ordinationsstunde heimzusuchen?"
1642 3067 4269 3256 „Du mich? Da gehören Zwei dazu, mein Lieber. Da müsst
1166 3193 4301 3464 ich dich doch vor allem als patienten ansehen. Ich empfange dich
1178 3440 2152 3649 gemah gar nicht.
1650 3531 4316 3806 „Mir fällt nämlich seit einiger Zeit auf“, sagte Robert
3024 3723 3417 3869 gleichen
1159 3731 4265 3998 unbeirrt - dieser Einfall kam ihm in dreem Augenblick -.dass
1147 3943 4136 4151 mein linker Arm beträchtlich schwächer ist, als mein rechter.
1166 4112 4305 4367 Ja, lach nur, es ist doch so." Er hob langsam seinen Arm und liess
1155 4336 2117 4579 die Finger spielen.
1873 4477 2486 4615 memite
1634 4469 4112 4705 „Na", sagte Leinbach jovial, pack doch einmal mein
1131 4674 3315 4941 Handgelenk mit deinem gelähmten linken Arm."
2408 4835 2569 4945 ilun
1622 4839 4120 5102 Robert tat so und Leinbach liess ein scherzhaftes
2223 5019 2463 5149 nlich
1131 5031 4206 5298 „Au" hören. „Und doch, sagte Robert, „versichere ich dich, heute
