<?xml version="1.0" encoding="UTF-8" standalone="yes"?>
<PcGts xmlns="http://schema.primaresearch.org/PAGE/gts/pagecontent/2013-07-15" xmlns:xsi="http://www.w3.org/2001/XMLSchema-instance" xsi:schemaLocation="http://schema.primaresearch.org/PAGE/gts/pagecontent/2013-07-15 http://schema.primaresearch.org/PAGE/gts/pagecontent/2013-07-15/pagecontent.xsd">
    <Metadata>
        <Creator>prov=READ-COOP:name=TrHtr:version=2.1.0:model_id=51170:date=15_08_2023_02:26</Creator>
        <Created>2023-05-10T15:04:25.746+02:00</Created>
        <LastChange>2023-08-15T02:26:56.868+02:00</LastChange>
        <TranskribusMetadata docId="1428794" pageId="55430077" pageNr="94" tsid="132837430" status="IN_PROGRESS" userId="64420" imgUrl="https://files.transkribus.eu/Get?id=CIFZQFHKYKAXKZUCACYHJIWK&amp;fileType=view" xmlUrl="https://files.transkribus.eu/Get?id=LKEHUKRLEUOEPVQICQRMYKLQ" imageId="44704149"/>
    </Metadata>
    <Page imageFilename="1428794_0094.jpg" imageWidth="4936" imageHeight="5848">
        <ReadingOrder>
            <OrderedGroup id="ro_1711805941495" caption="Regions reading order">
                <RegionRefIndexed index="0" regionRef="tr_2"/>
                <RegionRefIndexed index="1" regionRef="tr_1"/>
            </OrderedGroup>
        </ReadingOrder>
        <TextRegion id="tr_2" custom="readingOrder {index:0;}">
            <Coords points="2852,648 4057,648 4057,1794 2852,1794"/>
            <TextLine id="tr_2_tl_1" custom="readingOrder {index:0;}">
                <Coords points="2834,764 3046,709 3385,738 3437,703 3646,751 3723,703 4049,725 4049,587 3640,590 3466,484 3179,593 2992,542 2834,564"/>
                <Baseline points="2852,710 2941,704 3031,710 3120,710 3210,704 3299,710 3389,704 3478,698 3568,710 3657,710 3747,710 3837,716 3926,704 4016,710 4057,716"/>
                <TextEquiv>
                    <Unicode>V. P. v. St. Mg. J. A. M.</Unicode>
                </TextEquiv>
            </TextLine>
            <TextLine id="tr_2_tl_2" custom="readingOrder {index:1;}">
                <Coords points="2869,861 2963,899 3030,890 3059,906 3069,899 3085,916 3124,916 3127,706 3085,706 3063,719 3040,712 2992,738 2963,729 2927,761 2872,761"/>
                <Baseline points="2888,835 2953,829 3043,829 3132,829"/>
                <TextEquiv>
                    <Unicode>11/11</Unicode>
                </TextEquiv>
            </TextLine>
            <TextLine id="tr_2_tl_3" custom="readingOrder {index:2;}">
                <Coords points="3688,1799 3749,1792 3778,1809 3836,1780 3856,1789 3917,1786 3914,1692 3888,1699 3875,1686 3859,1686 3849,1696 3836,1686 3820,1702 3794,1699 3775,1715 3743,1692 3720,1705 3685,1702"/>
                <Baseline points="3705,1778 3795,1772 3884,1778 3926,1784"/>
                <TextEquiv>
                    <Unicode>93 b</Unicode>
                </TextEquiv>
            </TextLine>
        </TextRegion>
        <TextRegion id="tr_1" custom="readingOrder {index:1;}">
            <Coords points="1271,1871 3878,1871 3878,4002 1271,4002"/>
            <TextLine id="tr_1_tl_1" custom="readingOrder {index:0;}">
                <Coords points="1312,1976 3585,1957 3711,1931 3714,1770 3127,1870 1312,1867"/>
                <Baseline points="1330,1963 1390,1963 1479,1963 1569,1963 1658,1957 1748,1957 1837,1957 1927,1951 2016,1951 2106,1951 2195,1945 2285,1945 2375,1939 2464,1939 2554,1939 2643,1939 2733,1939 2822,1933 2912,1933 3001,1933 3091,1927 3180,1927 3270,1927 3359,1921 3449,1921 3538,1921 3628,1921 3717,1921"/>
                <TextEquiv>
                    <Unicode>Hals, trat mit Robert in das kahle, frisch ge-</Unicode>
                </TextEquiv>
            </TextLine>
            <TextLine id="tr_1_tl_2" custom="readingOrder {index:1;}">
                <Coords points="1299,2131 3827,2118 3830,1963 1302,2063"/>
                <Baseline points="1318,2118 1330,2118 1420,2118 1509,2118 1599,2118 1688,2112 1778,2112 1867,2112 1957,2106 2046,2106 2136,2106 2225,2100 2315,2100 2404,2094 2494,2094 2583,2094 2673,2088 2762,2088 2852,2088 2941,2088 3031,2088 3120,2082 3210,2082 3299,2082 3389,2076 3478,2076 3568,2070 3657,2070 3747,2070 3837,2070"/>
                <TextEquiv>
                    <Unicode>weisste Zimmer zurück, wo die Hausbesogerin mit</Unicode>
                </TextEquiv>
            </TextLine>
            <TextLine id="tr_1_tl_3" custom="readingOrder {index:2;}">
                <Coords points="1299,2286 3752,2282 3872,2144 1302,2211"/>
                <Baseline points="1318,2279 1372,2279 1462,2273 1551,2273 1641,2273 1730,2267 1820,2267 1909,2267 1999,2261 2088,2261 2178,2255 2267,2255 2357,2255 2446,2255 2536,2249 2625,2249 2715,2243 2804,2243 2894,2243 2983,2243 3073,2237 3162,2237 3252,2231 3341,2231 3431,2231 3520,2225 3610,2231 3699,2231 3789,2225 3878,2219"/>
                <TextEquiv>
                    <Unicode>dem Schlüsselbund ihrer wartete, um sie über die</Unicode>
                </TextEquiv>
            </TextLine>
            <TextLine id="tr_1_tl_4" custom="readingOrder {index:3;}">
                <Coords points="1293,2456 3807,2431 3810,2331 1580,2311 1293,2395"/>
                <Baseline points="1312,2446 1402,2434 1491,2428 1581,2428 1670,2428 1760,2428 1849,2422 1939,2416 2028,2416 2118,2416 2207,2416 2297,2410 2386,2410 2476,2410 2565,2404 2655,2404 2744,2398 2834,2398 2924,2398 3013,2398 3103,2392 3192,2392 3282,2392 3371,2386 3461,2386 3550,2386 3640,2386 3729,2380 3819,2380"/>
                <TextEquiv>
                    <Unicode>schmale, durch freihängende Glühlampen nur not-</Unicode>
                </TextEquiv>
            </TextLine>
            <TextLine id="tr_1_tl_5" custom="readingOrder {index:4;}">
                <Coords points="1306,2608 3778,2582 3820,2460 1309,2527"/>
                <Baseline points="1324,2595 1408,2589 1497,2583 1587,2583 1676,2583 1766,2577 1855,2577 1945,2571 2034,2571 2124,2571 2213,2565 2303,2565 2392,2565 2482,2559 2571,2559 2661,2559 2750,2554 2840,2554 2929,2554 3019,2554 3108,2548 3198,2548 3288,2542 3377,2548 3467,2542 3556,2548 3646,2542 3735,2542 3825,2548"/>
                <TextEquiv>
                    <Unicode>dürftig beleuchtete stiege und durch den Flur,</Unicode>
                </TextEquiv>
            </TextLine>
            <TextLine id="tr_1_tl_6" custom="readingOrder {index:5;}">
                <Coords points="1286,2772 3572,2698 3791,2763 3862,2595 1290,2631"/>
                <Baseline points="1306,2744 1360,2744 1450,2739 1539,2739 1629,2739 1718,2733 1808,2727 1897,2727 1987,2727 2076,2727 2166,2727 2255,2721 2345,2721 2434,2721 2524,2715 2613,2715 2703,2715 2792,2709 2882,2709 2971,2709 3061,2703 3150,2703 3240,2703 3329,2703 3419,2703 3508,2697 3598,2697 3687,2691 3777,2691 3866,2691"/>
                <TextEquiv>
                    <Unicode>in dem Bretter und Kacheln herumlagen, ins Freie</Unicode>
                </TextEquiv>
            </TextLine>
            <TextLine id="tr_1_tl_7" custom="readingOrder {index:6;}">
                <Coords points="1290,2921 3804,2866 3804,2763 3530,2753 1293,2811"/>
                <Baseline points="1306,2900 1396,2900 1485,2900 1575,2894 1664,2894 1754,2888 1843,2882 1933,2888 2022,2882 2112,2882 2201,2882 2291,2876 2380,2876 2470,2876 2559,2870 2649,2870 2739,2864 2828,2864 2918,2864 3007,2864 3097,2858 3186,2858 3276,2858 3365,2852 3455,2852 3544,2852 3634,2852 3723,2846 3813,2846"/>
                <TextEquiv>
                    <Unicode>zu geleiten; und nun spazierten sie schweigend</Unicode>
                </TextEquiv>
            </TextLine>
            <TextLine id="tr_1_tl_8" custom="readingOrder {index:7;}">
                <Coords points="1283,3092 3498,3066 3865,3034 3868,2892 1286,2953"/>
                <Baseline points="1300,3055 1366,3055 1456,3049 1545,3049 1635,3049 1724,3043 1814,3043 1903,3037 1993,3037 2082,3037 2172,3037 2261,3037 2351,3037 2440,3031 2530,3025 2619,3025 2709,3025 2798,3019 2888,3019 2977,3019 3067,3013 3156,3013 3246,3013 3335,3007 3425,3013 3514,3007 3604,3001 3693,3001 3783,3001 3872,3001"/>
                <TextEquiv>
                    <Unicode>weiter,Arm in Arm, durch mässig belebte Strassen</Unicode>
                </TextEquiv>
            </TextLine>
            <TextLine id="tr_1_tl_9" custom="readingOrder {index:8;}">
                <Coords points="1283,3246 3682,3208 3759,3104 1283,3101"/>
                <Baseline points="1300,3210 1348,3204 1438,3204 1527,3204 1617,3198 1706,3198 1796,3198 1885,3192 1975,3186 2064,3186 2154,3186 2243,3186 2333,3186 2422,3180 2512,3180 2601,3180 2691,3180 2780,3180 2870,3174 2959,3174 3049,3168 3138,3168 3228,3168 3317,3162 3407,3162 3496,3162 3586,3162 3675,3156 3765,3150"/>
                <TextEquiv>
                    <Unicode>einer stilleren segend zu,wo kleine Vorgärten</Unicode>
                </TextEquiv>
            </TextLine>
            <TextLine id="tr_1_tl_10" custom="readingOrder {index:9;}">
                <Coords points="1283,3375 3682,3359 3743,3224 1589,3308 1283,3246"/>
                <Baseline points="1300,3365 1330,3359 1420,3359 1509,3359 1599,3353 1688,3353 1778,3353 1867,3347 1957,3347 2046,3347 2136,3341 2225,3341 2315,3341 2404,3335 2494,3335 2583,3335 2673,3329 2762,3329 2852,3329 2941,3329 3031,3323 3120,3323 3210,3323 3299,3323 3389,3323 3478,3323 3568,3317 3657,3311 3747,3311"/>
                <TextEquiv>
                    <Unicode>dam Beginn des Villenviertels ankündigten.Hier</Unicode>
                </TextEquiv>
            </TextLine>
            <TextLine id="tr_1_tl_11" custom="readingOrder {index:10;}">
                <Coords points="1270,3533 3839,3504 3839,3404 3495,3375 1273,3443"/>
                <Baseline points="1288,3520 1342,3514 1432,3514 1521,3508 1611,3508 1700,3502 1790,3508 1879,3502 1969,3502 2058,3502 2148,3502 2237,3496 2327,3496 2416,3490 2506,3490 2595,3490 2685,3490 2774,3490 2864,3484 2953,3484 3043,3478 3132,3478 3222,3472 3311,3472 3401,3472 3490,3472 3580,3472 3669,3467 3759,3467 3848,3467"/>
                <TextEquiv>
                    <Unicode>blieb der Schnee schon liegen,während er früher</Unicode>
                </TextEquiv>
            </TextLine>
            <TextLine id="tr_1_tl_12" custom="readingOrder {index:11;}">
                <Coords points="1264,3691 3852,3643 3852,3562 3514,3514 3005,3594 1267,3572"/>
                <Baseline points="1282,3675 1354,3669 1444,3669 1533,3663 1623,3663 1712,3663 1802,3657 1891,3657 1981,3657 2070,3657 2160,3657 2249,3652 2339,3652 2428,3652 2518,3652 2607,3652 2697,3646 2786,3640 2876,3640 2965,3640 3055,3634 3144,3634 3234,3634 3323,3634 3413,3628 3502,3628 3592,3622 3681,3622 3771,3622 3860,3616"/>
                <TextEquiv>
                    <Unicode>unter ihren Schritten in trübes Grau zerflossen</Unicode>
                </TextEquiv>
            </TextLine>
            <TextLine id="tr_1_tl_13" custom="readingOrder {index:12;}">
                <Coords points="1254,3856 3575,3827 3575,3701 3414,3678 3201,3746 1257,3752"/>
                <Baseline points="1271,3831 1342,3825 1432,3831 1521,3825 1611,3819 1700,3819 1790,3819 1879,3813 1969,3813 2058,3813 2148,3813 2237,3807 2327,3807 2416,3807 2506,3807 2595,3807 2685,3801 2774,3801 2864,3795 2953,3795 3043,3795 3132,3789 3222,3789 3311,3789 3401,3783 3490,3783 3580,3789"/>
                <TextEquiv>
                    <Unicode>war. Endlich begann Paula:“Ich habe deinen</Unicode>
                </TextEquiv>
            </TextLine>
            <TextLine id="tr_1_tl_14" custom="readingOrder {index:13;}">
                <Coords points="1260,4020 1383,4049 1522,4017 1673,4046 1734,4007 1947,4043 2060,4010 2144,4030 2147,3907 1979,3907 1899,3868 1676,3914 1615,3878 1499,3914 1264,3907"/>
                <Baseline points="1277,3992 1348,3986 1438,3980 1527,3980 1617,3974 1706,3974 1796,3968 1885,3968 1975,3968 2064,3968 2154,3968"/>
                <TextEquiv>
                    <Unicode>Blick dort oben</Unicode>
                </TextEquiv>
            </TextLine>
        </TextRegion>
    </Page>
</PcGts>
