4920 5828
1392 604 4383 937 die Tatsache ihres Vorhandenseins ihn oft mit einer hilflosen,
1941 804 2096 917 d:o 2
1375 783 4216 1092 mühselig verhehlten, bösen Ungeduld erfüllt hatte. Doch das
1362 987 4454 1275 Schlimmste für ihn war ihr Klavierspiel gewesen. Ohne zureichen-
2400 1150 2658 1275 fasst
1346 1246 4329 1450 de Begabung, aber mit der ihr eigenen Beharrlichkeit hatte sie
1342 1425 4437 1612 die Gewohnheit ihrer Mädchenja hre beibehalten täglich eine Stun-
1308 1608 4333 1833 de lang zu üben; und ihre Art Mozartsche und Beethovensche So-
1300 1758 4370 1966 naten mit kindischen dicken Fingern herunterzuspielen, hatte den
3208 1908 4258 2037 wauckend im lezend
1292 1946 4341 2125 gatten, während er nach dem Abendessen mitz### im Ne-
2033 2050 3187 2183 in einer fürkend erhalten,
1267 2108 4145 2358 benzimmer sass, manchmal zur verzweiflung gebraght. Wie oft,
3283 2262 3654 2362 welckt
1250 2300 4275 2521 wenn aufflammende Begier nach andern Frauen ihn zu neuen Aben-
1250 2437 4275 2666 teuern lookte, hatte er sich gegen den stillen Zwang, den There-
1233 2662 4258 2866 sens rührende Anhänglichkeit auf ihn austübte, vergeblich aufge-
300 2646 467 2808 A
1221 2779 4316 3121 lehnt; mit welcher Inbrunst hatte er sich nach seinem pflichten-
1204 3004 4554 3246 losen Junggesellenleben zurückgesehnt, dessen holde Freiheit er einer
258 2812 704 3133 Lemar
429 3046 1062 3216 in den aben
1233 3091 3008 3262 gunt a he    fgeopfent telle
312 3133 1129 3316 la vie en vouloir.
1208 3158 1396 3325 ihm-
2133 3225 4179 3429 war. Und wenn diese Sehnsucht, diese Un-
371 3275 1117 3475 barern stiloveur
1167 3291 4170 3583 geduld so übermächtig in ihm angewachsen war,wie er sie heute,
1162 3520 4066 3741 jetzt,in untrüglicher Erinnerung neu zu empfinden vermeinte,
1137 3695 4137 3966 wo war der Beweis, dass Ungeduld und Sehnsucht nicht in irgend
1125 3891 4179 4079 einem Augenblicke Wille, dass der Wille nicht endlich Tat gewor-
1100 4058 4025 4275 den war? Wo den der Beweis, dass Therese wirklich einem Herz-
2241 4187 2675 4329 welmehr
1087 4200 4166 4533 schlag erlegen, dass sie nicht an einem tückisch ihr eingegebe-
1071 4391 4291 4704 nen Gift verschieden war? Wie er sich ein solches gift verschafft,
1046 4529 4133 4891 wie er ihr beigebracht, ob er es ihr abends in einen Trank ge-
1025 4695 4008 4991 mischt, ob er sie gezwungen hatte es einzuschlürfen - von all
1012 4908 4162 5245 dem konnte er sich freilich heute keine Rechenschaft mehr geben;
1133 5108 2758 5374 Erzählte ich, dachte er weiter
