4904 5812
3927 349 4167 501 G. A.
1692 415 2103 710 1e. ̃.„.
2968 376 3981 815 Recht sollen, daas a
4070 473 4268 710 53
1152 772 1595 1013 Rectner
1261 772 4365 1121 sichthar wurde..Ich gehe ein Stück voraus,Mama“, rief Pau-
1253 1048 4349 1327 la hinauf, den Weg gegen die Kampann, mit dem Herrn Sektionsrat.
1253 1211 3042 1486 Robert grüsste schweigend nach oben.
3178 1296 3589 1459 te, das se
3678 1211 4117 1455 Resher
1746 1405 4295 1680 „Guten Morgen, Herr Sektionsrat“, rief Frau Mmb. „Wie
1257 1556 4295 1862 hübsch, dass Sie auch da sind. Bitte, lassen Sie sich nicht auf-
1253 1762 2627 2045 halten, ich komme bald nach.
1758 1936 4295 2161 „Also vorwärts“, sagte Paula dud schlug sofort einen
1261 2107 4338 2347 lebhaf ten Schritt ein, und ohne Rücksicht auf die stattgehabte
1835 2130 2239 2250 Teropo
1261 2293 4318 2518 Unterbrechung setzte sie ihnen früher begonnenen Bericht fort.
2018 2309 2247 2433 sich
3845 2386 4543 2510 sche in leens
1261 2479 4299 2700 *Das pflegt mein Vater nämlich immer zu tun,wenn er mit beson-
1195 2611 3174 2801 und weit besonders schmeinen die
1273 2700 3341 2898 ders komplisierten Dingen beschäftigt ist."
2495 2817 2724 2933 gleich
1762 2840 3651 3073 „Was pflegt er zu tun?“ fragte Robert.
3523 2840 4117 3057 their elen
2557 2984 2735 3108 for
1750 3026 4171 3228 „Er schickt uns wex, weil er in solchen Fällen nie-
1665 3116 4361 3298 in seiner Familie in der Nähe vertreren
1261 3205 4268 3418 manden in seiner Nähe vertragen kann. Genade von sainan Näch-
1261 3360 4128 3585 sten niemanden. Sonderbar, nicht wank? Und sie erwähnte in
1261 3519 4280 3806 diesem zusammenhang eines berühmt gewordenen Prozesses,in dem
1249 3705 4369 3938 ihr Vater vor drei Jahren plaidiert und für dessen Dauer er Frau
1257 3880 3748 4159 und Tochter gleichfalls auf Reisen geschickt hätte.
1734 4039 4349 4315 Robert wunderte sich. Er war stillschweigend der Mei-
1249 4245 4237 4512 nung, dass einem eigentlich alles viel leicht und besser von-
3542 4353 4318 4586 plarängiger
1253 4412 3954 4699 statten gehen müsste, wenn man solch ein kluges,
1261 4652 3123 4854 Wesen in der Nähe hätte wie Paula war.
1727 4776 4280 5028 Im Weitergehen kragte Paula nach Roberts Schwägerin,
1245 4951 4268 5327 mit der sie in früheren Jahren zuweilen zusammengetroffen war,
