4840 5880
3802 233 4000 418 110
958 463 3915 809 Dahar die sonderbare Befangenheit, xxx überliefte Schau die
978 575 3996 1002 sich auch in Ihnen sonelnbar gleichgültigsten Gesprächen immer
1638 728 1863 845 den
974 736 4132 1187 wieder zwischen Sie beide gedrängt hatte. Aber nun ging es nicht
3565 889 4036 1046 glamber
978 998 4088 1340 nicht mehr so weiter. Endlich einmal musste man sich ausspre-
1006 1086 4104 1529 chen. tängen war es nicht mein
1396 1195 2728 1388 und über vieles an die¬
1006 1332 3975 1718 eine Sache, die nur sie Beide anging. Was zwischen ihnen sich
1022 1497 4052 1851 entsponen, geheimnisvoll und tief, vielleicht in früherter Kind-
1030 1618 4273 2064 heit schon, dieses Spiel von Verstehen und Missverstehen, von heiln
1432 1734 2479 1903 diese so geweis Brief
2897 1827 3332 1968 endlich
1022 1859 4068 2229 Zärtlichkeit und Fremdsein, dies musste auch
2092 1911 2551 2044 het es
1022 1988 1545 2153 chle Liebe
3082 2004 3279 2125 es
1046 2048 4068 2426 hein zum Austrag kommen. Es war vielleicht noch nicht zu spät.
2185 2092 2491 2213 Noch
1046 2209 4096 2579 Noch einmal hatte er sein Dasein in eigenen Händen, noch inmal
1054 2370 4165 2792 der Bruder das seinige. Nun war für Otto der Augenblick da sich
1062 2575 4148 2917 zu entscheiden zwischen Gesundheit und Krankheit, zwisehen Klar-
1070 2688 4153 3090 heit und Verwirrung, zwischen Leben und Tod. Er für seinen Teil,
1082 2897 4132 3271 er hatte sich entschieden. Er, seine Seele zumindest, war geret-
1094 3042 4024 3440 tet. Nun war auch dem Bruder noch einmal, das letzte Mal, die
1593 3444 3971 3798 In den Strassen der Stadt brannten die Laternen.
1090 3472 1867 3670 Wahl geschenkt.
1115 3633 4201 4044 Schon fürchtete Rehant, dass er Otto nicht mehr zu Hause antref-
1119 3774 4000 4165 fen und die wichtige Unterredung am Ende wurde verschieben
3070 3947 3396 4048 Doch
2563 3959 4153 4221 leh-dinkte. Zu seiner angenehmen
1960 3992 3050 4253 bedenkling to over
1115 4076 4334 4571 Ueberraschung aber fand er Otto noch vor dem Schreibtisch sitzen,
1147 4153 2133 4394 müssen.was ihn können
1131 4342 4084 4692 da die Ordination sich heute länger hinausgezogen hatte als
1642 4631 4201 5078 Als Robert eintrat M ickte Otto von seinem Eintrage-
1139 4668 1497 4949 sonst.
1368 5102 1593 5195 Rue de
