<?xml version="1.0" encoding="UTF-8" standalone="yes"?>
<PcGts xmlns="http://schema.primaresearch.org/PAGE/gts/pagecontent/2013-07-15" xmlns:xsi="http://www.w3.org/2001/XMLSchema-instance" xsi:schemaLocation="http://schema.primaresearch.org/PAGE/gts/pagecontent/2013-07-15 http://schema.primaresearch.org/PAGE/gts/pagecontent/2013-07-15/pagecontent.xsd">
    <Metadata>
        <Creator>prov=READ-COOP:name=TrHtr:version=2.1.0:model_id=51170:date=15_08_2023_02:27</Creator>
        <Created>2023-05-10T15:04:27.582+02:00</Created>
        <LastChange>2023-08-15T02:27:00.416+02:00</LastChange>
        <TranskribusMetadata docId="1428794" pageId="55430143" pageNr="104" tsid="132837440" status="IN_PROGRESS" userId="64420" imgUrl="https://files.transkribus.eu/Get?id=RLRKLBTSYCHJKZBDCRAPEZMD&amp;fileType=view" xmlUrl="https://files.transkribus.eu/Get?id=JLSBQVTEOCUTHOLFAHLTJJON" imageId="44704215"/>
    </Metadata>
    <Page imageFilename="1428794_0104.jpg" imageWidth="4920" imageHeight="5848">
        <ReadingOrder>
            <OrderedGroup id="ro_1711805972340" caption="Regions reading order">
                <RegionRefIndexed index="0" regionRef="tr_1"/>
            </OrderedGroup>
        </ReadingOrder>
        <TextRegion id="tr_1" custom="readingOrder {index:0;}">
            <Coords points="548,570 4594,570 4594,5219 548,5219"/>
            <TextLine id="tr_1_tl_1" custom="readingOrder {index:0;}">
                <Coords points="774,648 802,653 816,639 839,644 863,630 877,634 900,611 905,616 933,611 933,527 909,527 900,536 891,527 839,518 811,494 798,504 774,504"/>
                <Baseline points="799,620 889,626 942,620"/>
                <TextEquiv>
                    <Unicode>1</Unicode>
                </TextEquiv>
            </TextLine>
            <TextLine id="tr_1_tl_2" custom="readingOrder {index:1;}">
                <Coords points="2365,723 2812,816 3101,700 3377,760 3554,648 3558,499 3479,480 3176,471 3036,546 2901,541 2784,471 2374,494"/>
                <Baseline points="2392,710 2440,704 2530,698 2619,698 2709,692 2798,692 2888,686 2977,680 3067,668 3156,680 3246,686 3293,686 3383,662 3472,662 3562,668"/>
                <TextEquiv>
                    <Unicode>après de cette</Unicode>
                </TextEquiv>
            </TextLine>
            <TextLine id="tr_1_tl_3" custom="readingOrder {index:2;}">
                <Coords points="3964,732 4043,709 4155,765 4174,742 4267,742 4267,522 4197,527 4169,555 4141,560 4090,532 4029,560 4015,546 3964,560"/>
                <Baseline points="3992,710 4081,710 4171,704 4260,716 4278,716"/>
                <TextEquiv>
                    <Unicode>100</Unicode>
                </TextEquiv>
            </TextLine>
            <TextLine id="tr_1_tl_4" custom="readingOrder {index:3;}">
                <Coords points="1646,835 1782,798 1982,798 2047,746 2159,793 2257,784 2267,634 2136,536 2071,518 1977,546 1875,630 1772,667 1749,644 1656,639"/>
                <Baseline points="1676,751 1730,751 1820,745 1909,745 1999,739 2088,733 2178,722 2267,716"/>
                <TextEquiv>
                    <Unicode>qu dite est</Unicode>
                </TextEquiv>
            </TextLine>
            <TextLine id="tr_1_tl_5" custom="readingOrder {index:4;}">
                <Coords points="1213,1040 3950,951 4104,928 4109,751 3470,700 2761,816 2402,732 1954,849 1427,644 1222,728"/>
                <Baseline points="1241,966 1247,966 1336,966 1426,966 1515,960 1605,960 1694,960 1784,954 1873,948 1963,948 2052,942 2142,942 2231,942 2321,936 2410,936 2500,930 2589,930 2679,930 2768,924 2858,924 2947,924 3037,918 3126,918 3216,918 3305,913 3395,913 3484,907 3574,907 3663,901 3753,901 3842,901 3932,895 4021,895 4111,889"/>
                <TextEquiv>
                    <Unicode>Berufsantlitzes das wirkliche zu erkennen,in das die Spuren</Unicode>
                </TextEquiv>
            </TextLine>
            <TextLine id="tr_1_tl_6" custom="readingOrder {index:5;}">
                <Coords points="1217,1157 4151,1115 4253,1087 4258,919 1217,1031"/>
                <Baseline points="1241,1145 1312,1139 1402,1139 1491,1133 1581,1133 1670,1127 1760,1127 1849,1121 1939,1121 2028,1121 2118,1121 2207,1115 2297,1115 2386,1115 2476,1109 2565,1103 2655,1097 2744,1103 2834,1103 2924,1097 3013,1092 3103,1092 3192,1092 3282,1092 3371,1086 3461,1086 3550,1080 3640,1080 3729,1074 3819,1074 3908,1068 3998,1068 4087,1068 4177,1062 4266,1062"/>
                <TextEquiv>
                    <Unicode>all der unsinnigen Aengste eingegraben waren die ihn sein Le-</Unicode>
                </TextEquiv>
            </TextLine>
            <TextLine id="tr_1_tl_7" custom="readingOrder {index:6;}">
                <Coords points="2402,1217 2434,1222 2556,1199 2724,1199 2728,1143 2700,1138 2672,1110 2602,1138 2565,1133 2546,1152 2481,1143 2448,1157 2406,1143"/>
                <Baseline points="2428,1217 2470,1205 2559,1199 2649,1187 2739,1187"/>
                <TextEquiv>
                    <Unicode>unter</Unicode>
                </TextEquiv>
            </TextLine>
            <TextLine id="tr_1_tl_8" custom="readingOrder {index:7;}">
                <Coords points="1730,1236 1824,1250 1926,1231 1959,1250 2001,1227 2024,1241 2075,1227 2103,1250 2131,1245 2136,1152 2089,1161 2047,1129 1996,1171 1963,1171 1935,1147 1870,1147 1814,1185 1730,1185"/>
                <Baseline points="1754,1223 1784,1229 1873,1223 1963,1223 2052,1211 2142,1205"/>
                <TextEquiv>
                    <Unicode>in der</Unicode>
                </TextEquiv>
            </TextLine>
            <TextLine id="tr_1_tl_9" custom="readingOrder {index:8;}">
                <Coords points="1222,1334 4230,1283 4235,1101 1949,1255 1227,1199"/>
                <Baseline points="1253,1312 1288,1312 1378,1312 1467,1312 1557,1306 1646,1306 1736,1300 1826,1294 1915,1294 2005,1294 2094,1288 2184,1288 2273,1282 2363,1288 2452,1288 2542,1277 2631,1277 2721,1271 2810,1271 2900,1271 2989,1265 3079,1265 3168,1259 3258,1259 3347,1259 3437,1253 3526,1253 3616,1247 3705,1247 3795,1247 3884,1241 3974,1241 4063,1241 4153,1235 4242,1235"/>
                <TextEquiv>
                    <Unicode>ben lang durch die Welt gehetzt hätten. Und über allem Zweifel</Unicode>
                </TextEquiv>
            </TextLine>
            <TextLine id="tr_1_tl_10" custom="readingOrder {index:9;}">
                <Coords points="1241,1436 4407,1371 4459,1250 1245,1343"/>
                <Baseline points="1265,1384 1336,1384 1426,1384 1515,1384 1605,1384 1694,1378 1784,1378 1873,1372 1963,1378 2052,1372 2142,1372 2231,1372 2321,1366 2410,1366 2500,1360 2589,1354 2679,1354 2768,1348 2858,1348 2947,1342 3037,1342 3126,1342 3216,1342 3305,1336 3395,1336 3484,1336 3574,1330 3663,1330 3753,1324 3842,1324 3932,1324 4021,1318 4111,1318 4201,1318 4290,1312 4380,1312 4469,1306"/>
                <TextEquiv>
                    <Unicode>was müßte es is ihm, dass ihre Markt nur entlich gebrochen kann. War</Unicode>
                </TextEquiv>
            </TextLine>
            <TextLine id="tr_1_tl_11" custom="readingOrder {index:10;}">
                <Coords points="522,1567 4267,1460 4267,1348 527,1418"/>
                <Baseline points="548,1485 608,1479 698,1473 787,1479 877,1473 966,1473 1056,1473 1145,1473 1235,1479 1324,1485 1414,1485 1503,1479 1593,1479 1682,1479 1772,1473 1861,1473 1951,1467 2040,1473 2130,1467 2219,1462 2309,1462 2398,1462 2488,1456 2577,1456 2667,1450 2756,1450 2846,1444 2935,1444 3025,1438 3114,1438 3204,1444 3293,1438 3383,1432 3472,1426 3562,1426 3652,1420 3741,1426 3831,1420 3920,1420 4010,1414 4099,1408 4189,1414 4278,1414"/>
                <TextEquiv>
                    <Unicode>es nicht u. mitwurde ihnen klar, dass nicht erst in den letzten Tagen, sondern</Unicode>
                </TextEquiv>
            </TextLine>
            <TextLine id="tr_1_tl_12" custom="readingOrder {index:11;}">
                <Coords points="2766,1567 3069,1511 3325,1562 3596,1511 4169,1534 4216,1441 2766,1469"/>
                <Baseline points="2792,1521 2882,1521 2971,1515 3061,1515 3150,1515 3240,1515 3329,1521 3419,1509 3508,1503 3598,1503 3687,1503 3777,1503 3866,1497 3956,1497 4045,1485 4135,1491 4224,1491"/>
                <TextEquiv>
                    <Unicode>nicht recht haben. voran.</Unicode>
                </TextEquiv>
            </TextLine>
            <TextLine id="tr_1_tl_13" custom="readingOrder {index:12;}">
                <Coords points="1674,1604 2379,1581 2406,1576 2411,1497 2234,1478 2038,1544 1977,1492 1838,1525 1679,1478"/>
                <Baseline points="1700,1581 1790,1581 1879,1575 1969,1581 2058,1575 2148,1569 2237,1563 2327,1557 2416,1557"/>
                <TextEquiv>
                    <Unicode>sette ocio</Unicode>
                </TextEquiv>
            </TextLine>
            <TextLine id="tr_1_tl_14" custom="readingOrder {index:13;}">
                <Coords points="1217,1684 4216,1618 4216,1530 4053,1511 1222,1567"/>
                <Baseline points="1241,1664 1277,1664 1366,1664 1456,1658 1545,1658 1635,1658 1724,1658 1814,1652 1903,1646 1993,1646 2082,1641 2172,1641 2261,1641 2351,1635 2440,1635 2530,1629 2619,1629 2709,1629 2798,1629 2888,1623 2977,1623 3067,1623 3156,1617 3246,1617 3335,1617 3425,1611 3514,1605 3604,1599 3693,1599 3783,1593 3872,1593 3962,1593 4051,1587 4141,1587 4230,1587"/>
                <TextEquiv>
                    <Unicode>seit vielen Jahren sein Bruder den Augenblick mit Bestimmtheit</Unicode>
                </TextEquiv>
            </TextLine>
            <TextLine id="tr_1_tl_15" custom="readingOrder {index:14;}">
                <Coords points="1548,1763 4328,1726 4333,1623 1548,1684"/>
                <Baseline points="1575,1742 1658,1748 1748,1742 1837,1736 1927,1730 2016,1730 2106,1730 2195,1724 2285,1724 2375,1712 2464,1712 2554,1712 2643,1706 2733,1712 2822,1712 2912,1712 3001,1706 3091,1706 3180,1700 3270,1694 3359,1694 3449,1688 3538,1688 3628,1688 3717,1682 3807,1682 3896,1676 3986,1676 4075,1670 4165,1670 4254,1676 4344,1682"/>
                <TextEquiv>
                    <Unicode>der Ein=kirbsdestadouss bei ihm erweillig</Unicode>
                </TextEquiv>
            </TextLine>
            <TextLine id="tr_1_tl_16" custom="readingOrder {index:15;}">
                <Coords points="1217,1875 4043,1842 4179,1716 1222,1754"/>
                <Baseline points="1241,1843 1324,1843 1414,1837 1503,1837 1593,1837 1682,1831 1772,1831 1861,1826 1951,1826 2040,1826 2130,1820 2219,1820 2309,1814 2398,1808 2488,1808 2577,1808 2667,1808 2756,1802 2846,1802 2935,1796 3025,1796 3114,1790 3204,1790 3293,1784 3383,1784 3472,1790 3562,1784 3652,1778 3741,1778 3831,1778 3920,1772 4010,1766 4099,1766 4189,1772"/>
                <TextEquiv>
                    <Unicode>erwartet hätte, in dem der Wahnsinn in Ihm zum Ausbruch kommen</Unicode>
                </TextEquiv>
            </TextLine>
            <TextLine id="tr_1_tl_17" custom="readingOrder {index:16;}">
                <Coords points="1968,1931 3437,1893 3437,1814 3372,1800 3274,1842 2742,1814 2644,1866 2453,1819 2197,1884 1973,1847"/>
                <Baseline points="1993,1921 2010,1921 2100,1921 2190,1921 2279,1915 2369,1909 2458,1909 2548,1903 2637,1897 2727,1891 2816,1891 2906,1891 2995,1879 3085,1879 3174,1873 3264,1873 3353,1873 3443,1867"/>
                <TextEquiv>
                    <Unicode>war er dem Brich nicht</Unicode>
                </TextEquiv>
            </TextLine>
            <TextLine id="tr_1_tl_18" custom="readingOrder {index:17;}">
                <Coords points="3600,1893 3642,1893 3680,1907 3694,1898 3726,1903 3736,1893 3806,1898 3810,1800 3787,1800 3782,1786 3708,1800 3698,1791 3642,1810 3628,1824 3605,1824"/>
                <Baseline points="3628,1885 3640,1885 3729,1873 3819,1873"/>
                <TextEquiv>
                    <Unicode>alle</Unicode>
                </TextEquiv>
            </TextLine>
            <TextLine id="tr_1_tl_19" custom="readingOrder {index:18;}">
                <Coords points="1203,2071 4580,2024 4584,1861 1203,1945"/>
                <Baseline points="1229,2028 1282,2022 1372,2022 1462,2016 1551,2016 1641,2016 1730,2010 1820,2010 1909,2010 1999,2005 2088,1999 2178,1999 2267,1999 2357,1999 2446,1993 2536,1993 2625,1987 2715,1987 2804,1987 2894,1981 2983,1975 3073,1975 3162,1969 3252,1969 3341,1969 3431,1963 3520,1963 3610,1957 3699,1957 3789,1951 3878,1951 3968,1951 4057,1945 4147,1945 4236,1945 4326,1945 4415,1945 4505,1957 4594,1963"/>
                <TextEquiv>
                    <Unicode>müsste. Und – auch das war gewies – gerade in der letzten Zeit, bestellt</Unicode>
                </TextEquiv>
            </TextLine>
            <TextLine id="tr_1_tl_20" custom="readingOrder {index:19;}">
                <Coords points="3125,2071 3195,2089 3237,2071 3288,2089 3302,2075 3358,2071 3423,2085 3461,2071 3502,2085 3502,1996 3437,2015 3405,1991 3381,2010 3344,1982 3265,1982 3213,2019 3125,2010"/>
                <Baseline points="3150,2064 3240,2058 3329,2058 3419,2058 3508,2064 3514,2064"/>
                <TextEquiv>
                    <Unicode>semen.</Unicode>
                </TextEquiv>
            </TextLine>
            <TextLine id="tr_1_tl_21" custom="readingOrder {index:20;}">
                <Coords points="942,2281 4099,2169 4295,2052 947,2145"/>
                <Baseline points="972,2213 1020,2207 1109,2201 1199,2195 1229,2201 1265,2201 1354,2201 1444,2195 1533,2195 1623,2190 1712,2190 1802,2184 1891,2178 1981,2178 2070,2178 2160,2178 2249,2172 2339,2172 2428,2166 2518,2166 2607,2166 2697,2160 2786,2160 2876,2154 2965,2154 3055,2148 3144,2148 3234,2148 3323,2142 3413,2142 3502,2142 3592,2136 3681,2130 3771,2130 3860,2124 3950,2124 4039,2118 4129,2118 4218,2118 4308,2124"/>
                <TextEquiv>
                    <Unicode>aber da das Schicksal sich so entschieden zu Robert Gunsten wendete,</Unicode>
                </TextEquiv>
            </TextLine>
            <TextLine id="tr_1_tl_22" custom="readingOrder {index:21;}">
                <Coords points="3703,2239 3796,2257 4118,2220 4155,2257 4193,2225 4314,2239 4398,2295 4547,2285 4538,2159 4431,2164 4361,2117 4221,2131 4132,2178 3964,2131 3890,2173 3857,2145 3698,2155"/>
                <Baseline points="3729,2219 3819,2213 3908,2213 3998,2207 4087,2207 4177,2207 4266,2213 4356,2237 4445,2249 4535,2255 4553,2255"/>
                <TextEquiv>
                    <Unicode>erhohte Harpl</Unicode>
                </TextEquiv>
            </TextLine>
            <TextLine id="tr_1_tl_23" custom="readingOrder {index:22;}">
                <Coords points="1194,2439 4109,2346 4113,2229 2966,2159 1199,2299"/>
                <Baseline points="1223,2375 1253,2375 1342,2375 1432,2375 1521,2369 1611,2369 1700,2363 1790,2357 1879,2357 1969,2357 2058,2357 2148,2351 2237,2351 2327,2345 2416,2345 2506,2345 2595,2339 2685,2339 2774,2333 2864,2333 2953,2327 3043,2327 3132,2321 3222,2321 3311,2321 3401,2315 3490,2315 3580,2309 3669,2309 3759,2309 3848,2303 3938,2297 4027,2297 4117,2303"/>
                <TextEquiv>
                    <Unicode>da er, zum ersten Mal seit zwanzig Jahren vielleicht, frei und</Unicode>
                </TextEquiv>
            </TextLine>
            <TextLine id="tr_1_tl_24" custom="readingOrder {index:23;}">
                <Coords points="2854,2448 3978,2425 3983,2341 3913,2313 3824,2346 3045,2337 2975,2393 2859,2341"/>
                <Baseline points="2882,2422 2918,2422 3007,2422 3097,2428 3186,2428 3276,2428 3365,2404 3455,2398 3544,2398 3634,2392 3723,2392 3813,2392 3902,2404 3992,2404"/>
                <TextEquiv>
                    <Unicode>en dürfti dem Streiche</Unicode>
                </TextEquiv>
            </TextLine>
            <TextLine id="tr_1_tl_25" custom="readingOrder {index:24;}">
                <Coords points="1199,2630 1744,2532 4015,2532 4099,2406 1203,2458"/>
                <Baseline points="1223,2554 1247,2554 1336,2554 1426,2554 1515,2548 1605,2542 1694,2536 1784,2536 1873,2530 1963,2530 2052,2524 2142,2530 2231,2518 2321,2518 2410,2512 2500,2512 2589,2512 2679,2512 2768,2512 2858,2506 2947,2506 3037,2506 3126,2500 3216,2500 3305,2494 3395,2488 3484,2488 3574,2488 3663,2488 3753,2482 3842,2482 3932,2482 4021,2476 4111,2476"/>
                <TextEquiv>
                    <Unicode>beglückten Augs in die Zukunft schante, wär er Otto nur immer</Unicode>
                </TextEquiv>
            </TextLine>
            <TextLine id="tr_1_tl_26" custom="readingOrder {index:25;}">
                <Coords points="3423,2602 3470,2607 3484,2593 3507,2612 3521,2598 3558,2607 3605,2579 3614,2588 3638,2579 3652,2593 3680,2584 3708,2607 3768,2602 3768,2514 3652,2523 3619,2495 3577,2495 3540,2514 3516,2495 3474,2509 3423,2504"/>
                <Baseline points="3449,2554 3538,2559 3628,2559 3717,2559 3777,2565"/>
                <TextEquiv>
                    <Unicode>Aufgenommen:</Unicode>
                </TextEquiv>
            </TextLine>
            <TextLine id="tr_1_tl_27" custom="readingOrder {index:26;}">
                <Coords points="2719,2626 3106,2621 3129,2602 3162,2626 3199,2607 3246,2621 3283,2593 3372,2593 3377,2509 3330,2509 3279,2551 3209,2523 3097,2537 3003,2518 2971,2546 2906,2518 2840,2546 2724,2523"/>
                <Baseline points="2744,2613 2750,2607 2840,2607 2929,2601 3019,2595 3108,2595 3198,2589 3288,2589 3377,2565"/>
                <TextEquiv>
                    <Unicode>Unelige “</Unicode>
                </TextEquiv>
            </TextLine>
            <TextLine id="tr_1_tl_28" custom="readingOrder {index:27;}">
                <Coords points="1618,2691 1777,2644 2136,2630 2281,2672 2379,2602 2532,2626 2537,2537 1623,2556"/>
                <Baseline points="1646,2619 1688,2625 1778,2619 1867,2613 1957,2613 2040,2595 2040,2595 2130,2595 2219,2595 2309,2595 2398,2595 2488,2601 2548,2607"/>
                <TextEquiv>
                    <Unicode>glaubt xyz</Unicode>
                </TextEquiv>
            </TextLine>
            <TextLine id="tr_1_tl_29" custom="readingOrder {index:28;}">
                <Coords points="989,2752 3381,2775 4155,2705 4160,2570 2756,2635 2649,2532 2285,2668 1651,2686 993,2616"/>
                <Baseline points="1014,2727 1038,2727 1127,2727 1217,2727 1306,2721 1396,2721 1485,2721 1575,2715 1664,2715 1754,2715 1843,2709 1933,2709 2022,2703 2112,2697 2201,2703 2291,2697 2380,2697 2470,2697 2559,2691 2649,2685 2739,2685 2828,2685 2918,2685 3007,2685 3097,2679 3186,2673 3276,2673 3365,2667 3455,2667 3544,2667 3634,2667 3723,2661 3813,2661 3902,2655 3992,2649 4081,2649 4171,2649"/>
                <TextEquiv>
                    <Unicode>ne verdächtiger geworden. Ja, der unglückliche Bruder, der in sich</Unicode>
                </TextEquiv>
            </TextLine>
            <TextLine id="tr_1_tl_30" custom="readingOrder {index:29;}">
                <Coords points="1189,2952 2845,2989 2961,2901 4127,2878 4225,2742 1194,2826"/>
                <Baseline points="1217,2906 1277,2906 1366,2900 1456,2894 1545,2894 1635,2894 1724,2894 1814,2888 1903,2888 1993,2882 2082,2882 2172,2876 2261,2876 2351,2876 2440,2870 2530,2870 2619,2870 2709,2864 2798,2864 2888,2858 2977,2858 3067,2852 3156,2852 3246,2852 3335,2846 3425,2846 3514,2846 3604,2846 3693,2840 3783,2840 3872,2834 3962,2828 4051,2828 4141,2822 4230,2822"/>
                <TextEquiv>
                    <Unicode>selbst dunkel die drohenden Zeichen herannahenden Wahnsinns em-</Unicode>
                </TextEquiv>
            </TextLine>
            <TextLine id="tr_1_tl_31" custom="readingOrder {index:30;}">
                <Coords points="3890,2957 3955,2938 4001,2943 4029,2924 4081,2947 4127,2933 4174,2943 4193,2929 4211,2943 4267,2938 4267,2826 4127,2845 4081,2868 4006,2840 3960,2882 3932,2854 3890,2859"/>
                <Baseline points="3914,2929 3920,2929 4010,2918 4099,2918 4189,2918 4278,2924"/>
                <TextEquiv>
                    <Unicode>Slaubte</Unicode>
                </TextEquiv>
            </TextLine>
            <TextLine id="tr_1_tl_32" custom="readingOrder {index:31;}">
                <Coords points="1180,3157 4375,3036 4342,2915 1185,2957"/>
                <Baseline points="1205,3085 1247,3079 1336,3073 1426,3073 1515,3067 1605,3067 1694,3061 1784,3055 1873,3055 1963,3055 2052,3049 2142,3049 2231,3049 2321,3049 2410,3049 2500,3043 2589,3043 2679,3037 2768,3037 2858,3037 2947,3031 3037,3031 3126,3025 3216,3025 3305,3025 3395,3019 3484,3019 3574,3013 3663,3013 3753,3013 3842,3007 3932,3007 4021,3001 4111,3001 4201,2995 4290,3001 4380,3007"/>
                <TextEquiv>
                    <Unicode>pfand, und davor zurückschäute sie sich einzugestehen, versuchte et</Unicode>
                </TextEquiv>
            </TextLine>
            <TextLine id="tr_1_tl_33" custom="readingOrder {index:32;}">
                <Coords points="1273,3181 2038,3176 2117,3157 2122,3069 1926,3111 1875,3078 1707,3115 1632,3087 1520,3115 1278,3097"/>
                <Baseline points="1300,3174 1324,3174 1414,3174 1503,3168 1593,3156 1682,3150 1772,3150 1861,3144 1951,3138 2040,3132 2130,3126"/>
                <TextEquiv>
                    <Unicode>nicht vielleicht</Unicode>
                </TextEquiv>
            </TextLine>
            <TextLine id="tr_1_tl_34" custom="readingOrder {index:33;}">
                <Coords points="1199,3302 4165,3223 4165,3092 1203,3185"/>
                <Baseline points="1223,3252 1312,3252 1402,3252 1491,3246 1581,3246 1670,3240 1760,3240 1849,3240 1939,3240 2028,3234 2118,3234 2207,3228 2297,3228 2386,3222 2476,3222 2565,3216 2655,3216 2744,3216 2834,3216 2924,3210 3013,3210 3103,3204 3192,3204 3282,3204 3371,3198 3461,3192 3550,3192 3640,3192 3729,3192 3819,3192 3908,3186 3998,3186 4087,3180 4177,3180"/>
                <TextEquiv>
                    <Unicode>vielleicht in einer gleichsam démonischen Weise das Unheil da-</Unicode>
                </TextEquiv>
            </TextLine>
            <TextLine id="tr_1_tl_35" custom="readingOrder {index:34;}">
                <Coords points="2159,3330 2220,3349 2276,3316 2327,3339 2388,3316 2416,3335 2504,3339 2556,3321 2588,3344 2616,3316 2654,3325 2658,3260 2579,3241 2551,3265 2444,3269 2411,3237 2360,3232 2341,3251 2313,3237 2243,3269 2164,3269"/>
                <Baseline points="2184,3317 2219,3323 2309,3311 2398,3311 2488,3311 2577,3305 2667,3311"/>
                <TextEquiv>
                    <Unicode>inLesn</Unicode>
                </TextEquiv>
            </TextLine>
            <TextLine id="tr_1_tl_36" custom="readingOrder {index:35;}">
                <Coords points="1175,3488 4076,3395 4146,3260 1180,3330"/>
                <Baseline points="1205,3431 1288,3425 1378,3425 1467,3425 1557,3419 1646,3419 1736,3419 1826,3413 1915,3413 2005,3407 2094,3413 2184,3407 2273,3407 2363,3395 2452,3401 2542,3395 2631,3401 2721,3395 2810,3389 2900,3389 2989,3383 3079,3383 3168,3377 3258,3377 3347,3371 3437,3371 3526,3371 3616,3371 3705,3371 3795,3365 3884,3365 3974,3359 4063,3359 4153,3359"/>
                <TextEquiv>
                    <Unicode>durch zu beschwören, dass er es in eine scheinbar längst daftir</Unicode>
                </TextEquiv>
            </TextLine>
            <TextLine id="tr_1_tl_37" custom="readingOrder {index:36;}">
                <Coords points="3078,3488 3125,3502 3162,3484 3176,3498 3223,3493 3265,3502 3283,3526 3363,3493 3405,3507 3461,3484 3498,3488 3498,3391 3353,3400 3311,3433 3260,3395 3190,3423 3078,3409"/>
                <Baseline points="3103,3478 3192,3478 3282,3478 3371,3472 3461,3472 3508,3478"/>
                <TextEquiv>
                    <Unicode>morely</Unicode>
                </TextEquiv>
            </TextLine>
            <TextLine id="tr_1_tl_38" custom="readingOrder {index:37;}">
                <Coords points="1185,3628 2747,3586 3055,3712 3321,3586 4174,3586 4179,3456 1189,3488"/>
                <Baseline points="1211,3604 1235,3604 1324,3604 1414,3598 1503,3598 1593,3598 1682,3592 1772,3592 1861,3586 1951,3586 2040,3586 2130,3586 2219,3580 2309,3574 2398,3574 2488,3574 2577,3568 2667,3568 2756,3568 2846,3568 2935,3562 3025,3562 3114,3562 3204,3562 3293,3556 3383,3556 3472,3550 3562,3550 3652,3550 3741,3544 3831,3544 3920,3538 4010,3538 4099,3538 4189,3538"/>
                <TextEquiv>
                    <Unicode>vorbestimmte Seele hinüberdeutete! Und wann auch sein heutiger</Unicode>
                </TextEquiv>
            </TextLine>
            <TextLine id="tr_1_tl_39" custom="readingOrder {index:38;}">
                <Coords points="1185,3824 4048,3778 4249,3759 4253,3600 3321,3586 3050,3712 2770,3596 1185,3689"/>
                <Baseline points="1211,3783 1217,3783 1306,3777 1396,3777 1485,3777 1575,3771 1664,3771 1754,3771 1843,3771 1933,3765 2022,3765 2112,3765 2201,3759 2291,3753 2380,3753 2470,3753 2559,3747 2649,3747 2739,3747 2828,3747 2918,3747 3007,3747 3097,3741 3186,3735 3276,3741 3365,3735 3455,3729 3544,3729 3634,3729 3723,3723 3813,3717 3902,3723 3992,3717 4081,3717 4171,3717 4260,3717"/>
                <TextEquiv>
                    <Unicode>Versuch sich eines Zeugen oder wie man es füglich nennen konnte,</Unicode>
                </TextEquiv>
            </TextLine>
            <TextLine id="tr_1_tl_40" custom="readingOrder {index:39;}">
                <Coords points="1175,3992 4207,3997 4211,3824 3097,3857 2836,3750 1180,3852"/>
                <Baseline points="1199,3962 1271,3962 1360,3956 1450,3956 1539,3956 1629,3950 1718,3950 1808,3950 1897,3950 1987,3944 2076,3944 2166,3938 2255,3938 2345,3932 2434,3932 2524,3932 2613,3926 2703,3926 2792,3926 2882,3926 2971,3920 3061,3920 3150,3914 3240,3914 3329,3914 3419,3908 3508,3908 3598,3908 3687,3902 3777,3902 3866,3902 3956,3896 4045,3896 4135,3896 4224,3896"/>
                <TextEquiv>
                    <Unicode>eines Mitschuldigen zu versichern,missglückt sein mochte,</Unicode>
                </TextEquiv>
            </TextLine>
            <TextLine id="tr_1_tl_41" custom="readingOrder {index:40;}">
                <Coords points="1180,4221 4057,4165 4141,3988 1185,4076"/>
                <Baseline points="1205,4153 1288,4147 1378,4141 1467,4141 1557,4135 1646,4135 1736,4129 1826,4123 1915,4123 2005,4123 2094,4123 2184,4123 2273,4117 2363,4117 2452,4111 2542,4111 2631,4105 2721,4105 2810,4111 2900,4105 2989,4099 3079,4099 3168,4093 3258,4093 3347,4093 3437,4093 3526,4087 3616,4087 3705,4087 3795,4081 3884,4081 3974,4075 4063,4075 4153,4069"/>
                <TextEquiv>
                    <Unicode>es nicht bedenklich genug, dass ihm schon daran gelegen achten</Unicode>
                </TextEquiv>
            </TextLine>
            <TextLine id="tr_1_tl_42" custom="readingOrder {index:41;}">
                <Coords points="1161,4333 3115,4375 4081,4314 4085,4174 1166,4230"/>
                <Baseline points="1187,4320 1235,4320 1324,4320 1414,4320 1503,4308 1593,4308 1682,4302 1772,4302 1861,4296 1951,4302 2040,4296 2130,4290 2219,4290 2309,4290 2398,4284 2488,4284 2577,4284 2667,4284 2756,4278 2846,4278 2935,4278 3025,4278 3114,4272 3204,4266 3293,4266 3383,4266 3472,4266 3562,4260 3652,4260 3741,4260 3831,4260 3920,4254 4010,4254 4099,4266"/>
                <TextEquiv>
                    <Unicode>sich seinen Verdacht von einem dritten bestätigen zu lassen;</Unicode>
                </TextEquiv>
            </TextLine>
            <TextLine id="tr_1_tl_43" custom="readingOrder {index:42;}">
                <Coords points="1441,4435 1604,4421 1670,4463 1772,4407 2719,4403 2794,4393 2794,4328 2523,4337 2430,4291 2271,4356 2033,4365 1838,4309 1772,4356 1441,4337"/>
                <Baseline points="1467,4409 1551,4403 1641,4403 1730,4397 1820,4397 1909,4397 1999,4397 2088,4397 2178,4397 2267,4391 2357,4391 2446,4386 2536,4386 2625,4380 2715,4374 2804,4380"/>
                <TextEquiv>
                    <Unicode>cht gab es eine Gewahr¬</Unicode>
                </TextEquiv>
            </TextLine>
            <TextLine id="tr_1_tl_44" custom="readingOrder {index:43;}">
                <Coords points="1143,4524 1730,4608 4449,4468 4510,4319 1147,4412"/>
                <Baseline points="1169,4493 1211,4499 1300,4499 1390,4493 1479,4493 1569,4493 1658,4493 1748,4493 1837,4493 1927,4493 2016,4487 2106,4481 2195,4481 2285,4475 2375,4469 2464,4463 2554,4463 2643,4463 2733,4469 2822,4463 2912,4457 3001,4451 3091,4451 3180,4451 3270,4451 3359,4445 3449,4445 3538,4445 3628,4439 3717,4439 3807,4439 3896,4439 3986,4433 4075,4433 4165,4427 4254,4427 4344,4421 4433,4421 4523,4433"/>
                <TextEquiv>
                    <Unicode>und konnte es nicht heute oder gegen so weit sein, dass er sich mit</Unicode>
                </TextEquiv>
            </TextLine>
            <TextLine id="tr_1_tl_45" custom="readingOrder {index:44;}">
                <Coords points="1161,4743 4118,4687 4235,4673 4239,4463 1161,4603"/>
                <Baseline points="1187,4666 1205,4666 1294,4672 1384,4672 1473,4672 1563,4666 1652,4666 1742,4660 1831,4660 1921,4660 2010,4660 2100,4654 2190,4648 2279,4648 2369,4642 2458,4642 2548,4642 2637,4642 2727,4642 2816,4636 2906,4630 2995,4630 3085,4624 3174,4624 3264,4624 3353,4624 3443,4624 3532,4618 3622,4618 3711,4618 3801,4612 3890,4612 3980,4612 4069,4612 4159,4606 4248,4606"/>
                <TextEquiv>
                    <Unicode>einbildete jedes Entlastungszeugen entraten zu können und seine</Unicode>
                </TextEquiv>
            </TextLine>
            <TextLine id="tr_1_tl_46" custom="readingOrder {index:45;}">
                <Coords points="569,4813 634,4771 891,4818 937,4771 1189,4757 1180,4570 1012,4584 895,4542 844,4589 760,4533 728,4552 620,4515 550,4524"/>
                <Baseline points="584,4690 674,4684 763,4684 853,4684 942,4684 1032,4702 1121,4714 1199,4720"/>
                <TextEquiv>
                    <Unicode>Theil des morges</Unicode>
                </TextEquiv>
            </TextLine>
            <TextLine id="tr_1_tl_47" custom="readingOrder {index:46;}">
                <Coords points="1157,4874 4034,4850 4183,4808 4188,4687 3419,4636 2341,4748 1968,4664 1157,4808"/>
                <Baseline points="1181,4851 1235,4851 1324,4851 1414,4851 1503,4845 1593,4845 1682,4839 1772,4839 1861,4839 1951,4839 2040,4833 2130,4833 2219,4827 2309,4827 2398,4827 2488,4821 2577,4821 2667,4821 2756,4815 2846,4815 2935,4815 3025,4809 3114,4809 3204,4809 3293,4803 3383,4803 3472,4797 3562,4797 3652,4797 3741,4797 3831,4791 3920,4791 4010,4791 4099,4791 4189,4791"/>
                <TextEquiv>
                    <Unicode>eigenen Urteils gewiss mit seinen eigenen gestörten sinnen den</Unicode>
                </TextEquiv>
            </TextLine>
            <TextLine id="tr_1_tl_48" custom="readingOrder {index:47;}">
                <Coords points="1133,5083 2201,5004 2444,5125 3997,5074 4137,5042 4141,4892 3377,4813 1133,4972"/>
                <Baseline points="1157,5030 1193,5030 1282,5030 1372,5024 1462,5018 1551,5018 1641,5018 1730,5018 1820,5012 1909,5012 1999,5012 2088,5006 2178,5006 2267,5000 2357,5000 2446,5000 2536,4994 2625,4994 2715,4988 2804,4988 2894,4988 2983,4988 3073,4982 3162,4988 3252,4982 3341,4982 3431,4982 3520,4976 3610,4976 3699,4976 3789,4976 3878,4970 3968,4970 4057,4970 4147,4976"/>
                <TextEquiv>
                    <Unicode>Geist des Bruders als verwirrt zu erkennen glaubte! Und es ge-</Unicode>
                </TextEquiv>
            </TextLine>
            <TextLine id="tr_1_tl_49" custom="readingOrder {index:48;}">
                <Coords points="1133,5233 2612,5331 4193,5195 4137,5042 2509,5116 2215,5009 1427,5018 1138,5116"/>
                <Baseline points="1163,5209 1253,5209 1342,5203 1432,5203 1521,5203 1611,5203 1700,5197 1790,5197 1879,5197 1969,5191 2058,5191 2148,5185 2237,5185 2327,5185 2416,5185 2506,5179 2595,5173 2685,5173 2774,5173 2864,5173 2953,5167 3043,5167 3132,5167 3222,5167 3311,5167 3401,5167 3490,5161 3580,5161 3669,5155 3759,5155 3848,5155 3938,5149 4027,5149 4117,5155 4206,5155"/>
                <TextEquiv>
                    <Unicode>so hahe nicht das erste Mal, dass ein vollkommen gekunder, geistig</Unicode>
                </TextEquiv>
            </TextLine>
        </TextRegion>
    </Page>
</PcGts>
