4696 5508
1495 132 1739 393 xx
3867 427 4102 649 122
1145 602 4379 799 lächerlich? Und während des Auskleidens versuchte er sich alle
1154 795 4187 1008 Einzelheiten ins Gedächtnis zu rufen, zu ordnen und in ihrer Be-
1154 995 4187 1183 deutung festzustellen, die seinen Verdacht hervorgerufen und be-
1124 1179 4226 1346 kräftigt hatten, sowohl die Aeusserungen Mariannens über die Ver-
1128 1312 4140 1521 änderungen, die sie an Otto bemerkt haben wollte, als seine eige-
1119 1542 4093 1726 nen Beobachtungen in dieser Hinsicht; das Verhalten jenes Pro-
2269 1641 2440 1747 der
1107 1696 4097 1884 fessors bei Gelegenheit jener Abendgesellschaft in Ottos Hause
1107 1884 3991 2055 und Ottos eigenes Benehmen während der heutigen Unterredung;
1089 2021 4063 2230 und er fragte sich, ob alles, was ihm verdächtig erschienen war,
1077 2200 3939 2448 sich nicht doch auf seine natürliche und unbedenkliche Weise
1064 2388 4080 2589 könnte erklären lassen, unter solchen Erwägungen legte er sich
1060 2555 4067 2816 zu Bett, und der Schlaf überkam ihn, bevor er zu einer befriedi-
1038 2717 2324 2974 genden Lösung gelangt war.
3123 2756 4384 3029 in eid in hinkgeben
1534 2948 4384 3149 Tung deshalb von 25° aus den france bet werd blos m
940 3055 4379 3371 Cas Rotter Am nächsten Morgen erwachte Röhner spät aber leidlich in Ihre
1017 3247 3918 3474 friech, kleidete sich rasch anzum rechtzeitig ins Amt zu kom-
2670 3392 3328 3503 or it, he
1671 3388 2521 3512 Robert Jun
1004 3491 3956 3649 men und wollte, eben geb Zimmer verlassen, als sein Bruder ein-
1777 3572 2452 3696 sich erblossen.
1226 3576 1547 3687 Robert
1367 3610 2004 3841 lmattete
2277 3606 4097 3828 dasste, doch es gelang ihm sein Erstau-
3174 3760 3362 3867 we
995 3807 4050 4012 nen, ja sein erschrecken zu verbergen, und im erfreuten Tone rief
978 3986 3956 4174 er aus: „Du bist’s? Das ist aber wirklich sehr nett. Willst du
978 4140 3858 4362 nicht —“. Du bist im Fontgehen“, sagte Otto. Er stand in der
961 4324 4016 4546 Türe, beide Hände in den Taschen seines Pelzes vergraben mit ei-
948 4537 4076 4721 nem allzu heiteren Gesicht. „Oh, es eilt nicht. Komm doch herein."
957 4708 3871 4905 Und er schloss die Türe hinter dem Bruder, der ihn ins Zimmer
808 4836 3837 5076 ge folgte. Ich wollte dich nämlich fragen, begann Otto, ob du
948 5037 3871 5311 vielleicht heute Abend mit Paula und ihrer Mutter bei uns zu
