4888 5748
1278 382 1660 525 1 1/2 1 1
969 365 1125 515 III.
3679 1229 3835 1389 13
1344 1380 3887 1539 Seite seines Bruders gewärtig sein müsste. Zu¬
1344 1536 3894 1745 erst wehrte er sich dagegen diese innere Rejang
1344 1738 3923 1892 zu verstehen. Allmählich aber und immer lebendi-
1318 1911 3783 2045 ger rang aus seiner Seele sich hervor, was in
1318 2048 3940 2214 der verflossenen Nacht schon sich leise gemeldet
1318 2211 3868 2371 hatte. Es war nicht mehr ein Wort, das in leere
1301 2293 3852 2508 Zeichen aufzulösen in seiner Macht gelegen wä-
1370 2439 1957 2567 die Feicher
2583 2452 2801 2550 ahier
1295 2514 3900 2645 re; ###art war sich seines Sinnes bewusst ge-
1295 2612 3793 2863 worden und stand er drohend aufgerichtet vor ihm
1275 2831 1494 3013 da.
