4856 5832
4032 307 4220 512 119
1237 418 4114 701 Aus den Augen, aus dem Sinn,- aus denAugen,aus dem Wahnsinn,
1578 598 2024 713 nille M-
1217 623 4229 885 könnte man auch sagen. Aber ich werde nicht allein fortfahren,
1201 799 4245 1069 nein, ich werde Paula mit mir nehmen, Nun, wenn das nicht heisst
1196 955 4270 1192 das Angenehme mit dem Nützlichen verbinden!- Er lachte vergnügt
1184 1127 4229 1414 vor sich hin. Wird sie bereit sein? Sie wird! Sie ist zu allem
1172 1348 3667 1524 bereit, was ich hünsche, es kostet mich nur ein Wort.
1635 1471 4253 1770 Paula hatte ihn mit Unruhe erwartet.  Wo bist du den
1143 1696 4274 1889 ganzen Tag gewesen?“ fragte sie ihn gleich nach seinem Eintritt.
2754 1852 3716 1975 toute morgées dans
1131 1889 4208 2118 Er war ein wanig verwundert, denn daran, dass er nicht im Amt ge-
1192 2008 1725 2118 versoissent
2065 2008 2389 2139 langst
1135 2024 4204 2282 wesen war, hatte er gar nicht mehr gedacht. Nun stellte sich he-
1119 2245 4155 2438 raus, dass Parla ihn Vormittags im Bureau vergeblich angerufen,
1102 2385 4098 2643 und dann in seinem Gasthof angefragt hatte, xxx man über seinen
1098 2553 3995 2770 Vanbleib gleichfalls nicht unterrichtet war, und Nachmittags
1074 2774 4364 2991 hatte sie sich zweimal telefonisch bei seinem Bruder erkundigt, hatte
1069 2954 3995 3180 ob er dort etwa vorgesprochen. Robert fand es höchst sonder-
1061 3073 3991 3339 bar, dass Otto ihm gegenüber davon nicht einmal Erwähnung ge-
1061 3282 4163 3536 tan, aber er sagte sich gleich, dass es von allem galt weder Miss-
1053 3462 4110 3671 trauen noch Verlegenheit zu zei gen. So machte er denn in humo-
1028 3651 4020 3827 ristischer Weise den ertappten Ständer und gestand ein, dass er
1008 3831 4011 4044 wie in seligen Kinderzeiten eine unbezwingliche Lust verspürt
3163 3975 3512 4093 ectète
996 3979 4155 4270 hatte Schule zu stürzen und, allerdings zu dem guten Zweck,
3253 4159 3725 4265 im Blatt
987 4175 4065 4343 gewisse Himmelheiten seinen Rereyatg endgiltige Nürheit zu ge-
2303 4319 2794 4433 ipl Land
3864 4339 4093 4474 inter
975 4380 4143 4610 winnen, schon in aller Früh nach Baden gefahren wenn und dert auch
1307 4483 2225 4626 ausgeblieben war
955 4548 2209 4749 zu Mittag) gegessen hatte.
1438 4708 4208 4929 Paula schien sich gern überzeugen zu lassen und begnügte
