4936 5764
2588 435 3144 676 1. A. 1.1.4.1
4135 382 4318 585 G.C.P.
896 357 2605 659 1 1 1/2, p.p. s. m.
3724 377 3953 709 14.
4056 585 4218 730 20
1153 688 4243 921 besichtigte Dutzende von leeren und von bewohnten Räumen, störte
1141 879 4185 1124 irgendwo eine junge Dame beim Klavierspiel, unterbrach anderswo
1145 1078 4264 1294 einen Lehrer beim Unterricht zweier Knaben, unterhandelte mit zu-
1145 1261 4210 1427 vorkommenden,gleichgültigen und mürrischen Vermietern und Haus-
3442 1394 3944 1526 vorstellen.
1141 1389 4089 1626 besorgern und konnte sich bei all dem niemals ###dass
1236 1597 1497 1692 rem
1116 1642 4226 1817 dieses ganzes Unternehmen ernst gemeint sei und zu einem bestimme
1128 1759 4206 1995 ten Ziel führen sollte. Einmal geriet er in eine Strasse,wo Er-
1124 1983 4268 2219 innerungen einer längst vergangenen Zeit ihn umschwebten; hinter
1116 2132 4073 2368 jenem Eckfenster im zweiten Stock hatte er vor vielen Jahren
1099 2281 4027 2505 glückliche, oder, da ihnen hier das Gedächtnis trügen mochte,
921 2563 4206 2700 des, zum mindesten angenehme Stunden verlebt; und nicht eben schmerz-
1983 2650 2173 2750 wie
4164 2605 4371 2804 Lick
1078 2654 4081 2887 lich, sondern eher als einer kleinen Unannehmlichkeit wurde er
1070 2845 4040 3061 sich des Umstandes bewusst, dass er nun so einsam in der Welt
1070 3044 4069 3231 stand, wie kaum jeztes terher. Flüchtig zog ihm wieder
1074 3194 4060 3380 danko an Alberta durch den Sinn, gleich darauf aber, farbig und
3285 3339 3666 3447 Restner
1062 3434 4106 3600 scharf umrissen, tauchte das Bild des Fräulein xxxx vor ihm auf-
1891 3542 2389 3662 durch der
1045 3563 4048 3770 mit der er sich seit dem Abschiedsblick von gestern sendanhar
1041 3733 4106 3924 nähr verbunden fühlte. Er versuchte sich ihren Vornamen ins Ge-
2335 3890 2688 4015 wurde
1049 3932 4135 4106 dächtnis zu rufen, was ihm nicht gelang. xxx wusste er we-
3227 4056 3534 4181 Raim
1029 4106 4031 4272 nig von ihr und ihrer Familie. Es war ihm nicht viel mehr be-
1029 4230 4102 4492 kannt, als dass Mutter und Tochter sowohl daheim als auf Reisen
1016 4430 4118 4674 meist ohne den Vater zu sehen waren, der ein sehrgesuchter, fast
1004 4604 4152 4848 berühnter Advokat,wegen seiner unglücklichen Neigung zum Börsen-
1004 4770 4338 5052 spiel doch eines zwiespältigen Rufes genoss. Hiemit mochte es
995 5006 3973 5213 auch zusammenhängen, dass die einzige Tochter, die gewiss
