5064 5848
1529 477 1838 716 Herrn
1544 688 1826 809 G.C.F.P.
1889 680 4383 934 rinnert,geradeso,wie Alberts von - - Oho, rief er sich
1556 809 4410 1091 sinn vero verworbenen Freundes verhandung durch die Unterhaupung
1525 981 4583 1263 schriebte doch ohne, dass seiner Todeskrankheit gedacht wurde.
1533 1040 1779 1150 dagel
1513 1134 4583 1400 Als sie dann, immer höher schreitend, unter einer wahrhaft sommor-
1521 1204 1803 1337 um ihn
1963 1247 2436 1368 inbach sal
1478 1333 4626 1662 lichen Mittagssonne eine Bergwiese durchquerten,gab dies Leinbach
2401 1435 2659 1572 xxx, wär
1482 1505 4399 1803 Anlass zu einem Vergleich mit den trügerischen Sommerstunden
1447 1705 4434 1951 menschlicher Herbstage, von denen kluge Leute sich nicht dürf-
1447 1842 3241 2080 ten betrigen lassen. „Es
2678 1826 3758 1971 warum niegericht.
4258 1916 4618 2049 mentt.
3562 1943 4434 2162 in“, ex
1412 2033 4465 2295 widerte Robert ablehnend, „da es ja wirklich warm ist in solchen
1396 2127 4391 2502 Stunden heute könnte man sich zum Beispiel ohne die geringste
1372 2409 4414 2694 Gefahr hier ins Gras her legen, was ich hiemit verschlagen möch-
2940 2401 4195 2542 wie denkeit die drüher.
1357 2588 4387 2854 ta." Leinbach war einverstanden. Sie breiteten ihre Mäntel aus,
3628 2581 3855 2706 die
1333 2729 4285 3022 streckten sich darauf hin und blickten zum Tal hinab, sich der
3273 2737 3797 2878 Alvarts
1318 2925 4219 3226 gleichen Aussicht erfreuend, die Robert Tags vorher von einer
1318 3077 4348 3402 weiten unten liegenden Stelle aus mit Paula genossen hatte. Ein
1286 3249 4391 3593 starkes Wohlgefühl durchdrang ihn. Ich bin gesund, und sogar noch
1267 3425 4172 3750 jung, sagte er sich. Was ist das nur, was mich manchmal mit so
1247 3585 4242 3949 unheimlicher Gewalt überkommt? Wer weiss übrigens,ob nicht die
1220 3804 4223 4117 meisten Menschen von ähnlichen Gespenstern heimgesucht werden?
1193 3953 4192 4289 Nur verraten da f man sich nicht, sonst kann es geräulich wer-
1193 4129 4172 4446 dend Andererseits gibt es vielleicht wieder Leute, die tatsäch-
1173 4305 4207 4606 lich irgendeinmal ein Verbrechen begangen, und es völlig verges-
1150 4508 4250 4852 sen haben. Stand nicht neulich irgendwo zu lesen, dass in England
1130 4684 4027 4927 allein jährlich gegen tausend Menschen spurlos verschwinden?
2197 4821 2455 4934 a état
1091 4844 4062 5220 Und es wäre immerhin möglich, dass manche diesen tausend umge-
2655 4848 3327 5005 dass unter
3578 4899 4297 5106 mavit eener
1744 4977 2006 5091 at.
1067 5013 4086 5396 bracht worden - von irgend wem, der sich später nicht mehr
