4888 5748
2033 317 2208 517 /
3042 346 3900 592 G.C.R.H.F.P.
2246 351 2559 592 P.S.
1967 635 2422 877 chaupt de
1071 678 4061 1080 hatte, so war daran, wie er sich jetzt eingestehen wusste, nicht
2839 929 3156 1038 Levenin
1085 943 4042 1232 etwa die gresomütige Erwägung schuld, dass er Albertens Glück
1071 1080 4137 1393 nicht im Wege stehen durfte, sondern einfach der Umstund, daß er
3237 1227 3616 1369 ob is
1090 1275 4113 1516 ihrer endgültig müde geworden war / Denn keine Pflicht in jenem
2303 1379 4379 1578 am Viernaldslädliche nicht nehmen eine Pflicht,
592 1478 4402 1725 Glaren aus, nächtlichen Waldgespräch wäre es gewesen, die Freundin zu warmen, —
1156 1502 1749 1621 abendlicher
616 1644 4009 1881 statt nach anfänglich eiforsüchtigen, fast brutalen Gebahren,
607 1659 1109 1791 die Freiach
1090 1791 4132 2066 Zu dem bei ihren Aufnichtigkeit nicht der geringste Anlass vor-
3559 1938 4108 2099 zuralten
1090 1990 4056 2227 handen war, ihr die Annahme eines Heiratsantrages ndreaulegen,
1085 2166 4047 2393 der, trotz aller leidenschaftlichen Bestimmtheit, als Ergebnis
1090 2346 4208 2568 einer Bekanntschaft von nur wenigen Tagen, einigermassen verdäch-
1090 2526 4165 2744 tig erschien. Freilich täuschte sich Robert auch darüber nicht,
1085 2673 4194 2914 dass sein augenblickliches Missbehagen viel weniger aus solchen
1090 2829 4000 3094 verspäteten Gewissenszweifeln,als aus der dankbaren und nun
1085 3028 4123 3279 beinahe schmerzlich erwachenden Erinnerung seiner Sinne floss.
1559 3199 4241 3436 Er kam ins Hotel zurück, als die andern Gäste schon beim
1099 3440 4146 3649 Mittagessen sassen und nahm das seine,wie immer, allein
2687 3582 3151 3701 milden
1090 3597 4175 3819 an einem der breiten Saalfenster, wo er den Blick aufs Meer ###
1071 3782 4208 4004 hatte. Nachher verabschiedete er sich höflich von einigen seiner
2966 3909 4052 4052 in me Ruin weill
2170 3943 2739 4090 liep sich
1085 4014 4000 4251 Badebekanntschaften und tät endlich an den Tisch der Damen
986 4165 1820 4308 Restner nieder
1047 4132 4118 4383 kam, die auf der Uferterrasse ihren Nachmittagskaffee tranken.
1071 4303 4161 4592 Frau Ende lud den Herrn Sohtiensrat ein bei ihnen Platz zu neh-
1313 4360 1630 4464 Kasten
1066 4507 4151 4796 men; Robert naim dankend en und liess sich-seine Mokkataasa her-
1066 4729 4009 4976 Fräulein Paula, der Robert während seines Aufent-
2649 4829 2957 4957 under
2843 4829 4161 5037 ha Aufmerksamkeit geschenkt
1061 4928 2554 5198 haltes auf der Insel keine se
3019 5018 3189 5241 von
