4952 5812
3958 320 4162 502 St L
3539 466 3769 717 G.C.F.P.
2782 444 3303 805 1
2272 473 2738 787 1.° 1
3481 1456 3670 1646 55 6
1151 1675 3878 1832 freue. Reisen, das sei doch das Einzige. Robert xxx
837 1832 3765 1966 erinnerte sich, dass die musikalischen Abende bei
1799 1915 2669 2032 inverflorener Schilen
1067 2010 3568 2119 Kestners in früherer Zeit viel von sich reden
2338 2086 3649 2196 Er selbst war, in falles me
1125 2167 3623 2294 gemacht hatten. Ein zufall, dass er niemals im
2425 2239 2720 2352 Schade
1122 2236 3517 2432 Hause eingeführt worden. sei. Hatte übrigens
1114 2418 3594 2629 nicht Paula selbst als Geigenspielerin mitge-
3321 2567 3499 2651 reed
1107 2589 3892 2793 Wirkt? verm iht Kind bei jenen übersten hetignes Gemits
1580 2746 3565 2898 Sie wehrte leicht ab und wollte ihre
1078 2906 3630 3099 Virtuosentalente nicht gelten lassen. Hingegen
1937 3011 2938 3131 der Herr Fachimall
1081 3077 3415 3241 entsann sie sich ihn vor Jahren,sie wusste
1067 3230 3659 3401 nicht mehr wo, auf dem piano phantasieren gehört
1060 3354 3558 3547 zu haben. „Wie lang man sich eigentlich schon
1060 3547 3499 3718 kennt“,sagte sie. Ihm ging jenes Gerücht von
1060 3710 3499 3852 ihrer Verlobung mit dem grauhaarigen seither
1049 3812 3630 3998 verstorbenen Komponisten wieder durch den Sinn.
1515 3958 3587 4158 Sie sassen auf einer Bank, die auf Si-
1038 4136 1708 4348 nem Felsen -
