4728 5524
3898 378 4148 568 127.
1112 516 4101 747 um zehn Uhr Morgens in Gesterreich zu regieren an?“ - „Aller-
3183 695 3443 814 eventen
1102 738 4224 937 dings, erwiderte Robert, und bis drei Uhr wird/regiert mit obligater
1093 880 4006 1083 Unterbrechung durch das Frühstück".- „Soll ich dich ins Amt
1102 1107 4139 1301 bringen?“ - „Danke. Ich gehe gern vor der Arbeit in der klaren
1627 1239 1868 1362 gun
1102 1225 4096 1438 Winterluft ein paar Schritte zu Fuss. Er öffnete das Fenster,
1083 1414 4035 1599 wie er sich vorgenommen, dann verliess er zuene mit seinem
1064 1660 1968 1831 Bruder das zimmer.
1556 1760 4049 1968 „Also wir rechnen zuversichtlich darauf“, sagte Otto
1060 1996 4134 2181 auf der stiege, „euch heute Abend bei uns zu sehen. Nicht wahr?“
1045 2199 4044 2384 Robert niokte. Nun war es ihm völlig klar. Heute Abend sollte
1045 2318 4304 2497 es geschehen. Ein Pülverchen in den Wein oder in den Kaffee.alle
2015 2455 3623 2568 is in Henstley gewesen
1041 2469 1561 2592 ist vorbei.
1060 2507 4167 2706 und dann heisst es: der Schlag hat ihn getroffen. Die einfachste
1036 2630 4021 2918 Sache von der Welt. Wie oft mag sich dergleichen zutragen und
1022 2895 4002 3079 kein Mensch erfährt davon. Vielleicht würde es auch in seinem
1031 3079 4035 3231 Fall nie ein Mensch erfahren, vielleicht würde Otto es ganz al-
2233 3169 3954 3278 and thein Mensch have seuer
1012 3183 3997 3391 lein mit sich ausmachen. Und niemals würde ein Mensch auf die
3278 3344 3453 3453 den
1012 3391 4115 3581 Vermutung kommen, dass es ein Mord gewesen war, von einem Wahnsin-
1608 3519 3912 3628 pette konnte nicht sogar der geschehe damit
1022 3524 1480 3647 Gewinden
601 3396 993 3713 an cnien
1017 3618 4068 3779 nigen vertint. Ja, war es nicht sogar möglich, dass mit dieser Tat
1726 3585 4371 3817 wolle der Verhängnis zu erführen,
1078 3713 1244 3831 ter
492 3770 4290 3959 um damit das Verhängnis sich erfüllt haben, der etc. Herr gelöst und Otto
4068 3888 4375 4039 was in
998 3888 3883 4096 selbst dann wieder geistig genauen würde, in dem Bewusstsein
1793 4054 2218 4172 edlen
3992 4039 4158 4186 is
993 4073 4385 4285 eine herrliche grosse Tat begangen zu haben geistig gewesen wurde.
3004 4214 3902 4347 an Geplieder
1443 4229 3921 4451 Und während er seheinbar harmlos plaudernd mit dem
970 4489 3940 4640 Bruder die Treppe denunterging, fühle er, wie fern er von ihm,
1154 4588 1788 4716 weltenweil
965 4621 3931 4867 wie unheimlich getrennt sie von einander waren, die, von einer
941 4773 4025 5028 Mutter geboren, einst so brüderliche heisse Zärtlichkeit verbun-
