4888 5832
2472 385 2960 569 beinste
3234 340 4376 614 geene die Gelegenheit
596 475 4201 775 Reinigkeine Unterbrechung gönnen werden Robert sah sich nicht ungern
1169 685 4053 963 veranlasst dem Bruder wegen einer solchen,in ihrer Art auch
1147 851 4250 1084 nicht eben vernünftig zu nennenden Lebensweise freundschaftliche
1245 1048 3395 1129 Vuriefe in andre Rebells in eilheill
1138 1115 4094 1303 Ratschläge zu enteilen, die geduldig angehört, aber vorläufig
2360 1200 2602 1344 fran
1460 1214 2118 1335 im geringsten
1133 1254 2177 1469 nicht befolgt wurden.
2728 1312 3108 1487 Restner
1599 1388 4058 1603 Seinen Besuch im Hause xxx hatte er von einem Tag
3717 1527 4116 1657 made
2996 1545 3381 1671 würde
1129 1541 4506 1796 zum andern verscheben, bis eines Abends im Kaffeehaus in seiner Arbeits
3104 1724 3529 1841 Kesner
1120 1742 4304 1980 Gegenwart zufällig der bekannten Affaire wieder Erwähnung gelte.
1115 1903 4053 2181 schah. Man sprach davon, dass gegen den flüchtigen Anwalt tat-
3601 2069 3928 2204 hotte
1097 2168 4071 2356 sächlich eine gerichtliche Anzeige nicht vorgelegen oder dass
2745 2253 3086 2360 doch
1097 2302 4071 2548 sie zurückgezogen worden war; dass aber die prächtige Wohnung
829 2535 4125 2701 nicht nur gekündigt, sondern unter der Hand schon für die aller-
1079 2660 4040 2840 nächste Zeit weitervermietet worden sei. Bei dieser Nachricht
1061 2831 3968 3068 wurde Robert von einem unverhältnismässigen Mitleid erfasst,
1061 3010 3959 3229 und erschien sich mit einem Male hart, ja geradezu verworfen,
1057 3175 4035 3386 weil er sich um die beiden Damen,die gewiss ein Lebenszeichen
1048 3377 3874 3583 von ihm zu erwarten berechtigt waren, überhaupt nicht mehr
1026 3565 4058 3753 geklimmert hatte. Das Gefühl seiner Versäumnis verfolgte ihn in
3144 3682 3570 3807 Clepuch
1021 3731 4120 3923 den Schlaf, und am nächsten Morgen fragte er/an,wann er sich per-
1021 3923 4129 4071 sönlich nach dem Befinden der Damen erkundigen dürfe. Er erkann-
3677 4026 3986 4143 side
1026 4116 4071 4286 te die Stimme Paulas im Schafen erst, als sie ihn, ohneVormunde-
833 4215 2356 4313 mit völliger Unbefangenheit
2696 4210 3211 4331 des xxx
3605 4179 4425 4389 desselben Tags
1008 4286 4165 4443 rung und ohne Bekengenheit nach für den gleichen Abend in eigenen
990 4394 3202 4631 und im Namen der Mutter um seinen Besuch bat.
1424 4600 4053 4833 Der grosse Salon, in den er um die sechste Stunde ein-
967 4752 3928 5016 trat, sah unwirtlich, beinahe traurig aus. Die Möbel waren mit
