5016 5828
1320 690 4318 943 zur Besinnung. Er sagte sich, dass die Abreise der Damen unmög-
1292 924 4295 1076 lich in irgend einer Beziehung zu seiner Anwesnheit hier oben
3417 1049 3679 1140 war
1288 1044 4626 1255 stehen könne. Er wusste, dass er weder schuldig noch irgendwem
2502 1214 3725 1329 noch einer nicht in Ordnung
1844 1191 2079 1315 her
469 1214 4171 1458 Mein den auf den Teilverdächtig war. Seine Nerven war en überroist, das war alles.
1794 1380 2304 1490 was aber
1274 1439 4640 1619 Und keineswegs war Paula das Geschöpf auf irgend ein unklares oia ja
1306 1531 1991 1674 officers hllich
3127 1577 3481 1683 I am
1288 1628 4189 1780 ### verleumderisches Telegramm hin wegzufahren und ihn
1246 1789 4254 1936 seinem Schicksal zu überlassen. Sie wäre nicht abgereist, ohne
1228 1931 4166 2148 ihn gesprochen zu haben; was immer man ihr hinterbracht,sie
2000 2088 2226 2194 mil
2971 2097 3707 2226 Mutterlck of
1209 2161 4203 2295 hätte versucht durch ihren eigenen Verstand der Angelegenheit
2304 2258 3684 2378 den Fall gesetzt, er hätte
1205 2304 4249 2552 auf den Grund zu kommen. Und selbst, wenn er wirklich jemals in
1191 2451 3582 2630 seinem Leben ein Verbrochen begangen hätte,s i
3587 2534 4258 2686 war die Frau
1881 2617 3881 2759 Ühigens... kam das selve nicht in Behacht.
391 2594 1016 2796 Cogebein
1186 2690 4286 2824 es zu verstehen und es zuverzeihen. Die gache lag so einfach.
2051 2782 3182 2906 entweder in
395 2750 1108 2962 theichead Guecle
1582 2778 1927 2897 Faulon
3734 2810 4525 2939 ci nouple est
1186 2847 2037 3035 möglich Irkondres
2272 2893 4590 3026 thuen Remikje war erkrankt. Und besondere
400 2906 952 3118 Griede Junr
3541 3008 3785 3118 man
1168 3017 4162 3251 sehlinen mveste es kundissiert erin sonst hätten die Damen kaum
377 3031 920 3224 die Alreise
3090 3169 3536 3284 bestavd
313 3173 920 3357 du Namen
1159 3196 4166 3371 daran gedacht ihn grüssen zu lassen. Es war also nicht der ge-
2879 3334 3169 3444 and
354 3316 929 3472 konnte es n
1140 3339 4199 3569 ringste Anlass zur Beunruhigung ia, Er konnte sich ruhig schla-
308 3421 1049 3624 Hilgenden geben
1140 3550 4208 3780 fen legen. Er hatte die Wahl, noch immer. Nur an ihn bag es über
313 3569 920 3743 du Valar a
327 3702 855 3845 erkavke.
1122 3697 4134 3914 seinen Wahn Herr zu werden. Und er war fest dazu entschlossen,
317 3799 961 3973 oder sondern
1669 3863 4415 4042 vor dem Eindliche vernichte er reine gedanken zu vernehmen.
1090 3927 4134 4097 fester denn je.Nesh Am Bette samt am sichamer. Ich bin kein
281 3941 1053 4125 in der Familie
1453 4033 2115 4162 sagle it is at
3348 4065 4438 4249 [illegible] Komite
276 4038 943 4240 Genp wohl
1099 4111 3789 4272 Mörder, und kein Mensch denkt von mir, dass ich
262 4208 943 4396 be denbr in
1090 4268 4162 4502 Die Damen lassen sich empfehlen Morgen kommt ein Brief von Pau-
2584 4401 3665 4521 soo die plötzliche Arreise
1062 4461 4479 4695 la, eine Entschuldigung, ein Erklärung, Und wenn nicht, so xxxx
1324 4562 2056 4672 on uin selter
1062 4590 4429 4852 ich hinunter. Ich bin ja frei, ich bin ja nicht eingesperrt, xxx
773 4728 3486 4875 Hohnberg ist lange todt. Mas übel weit Hohnhuis an¬
1049 4833 4029 5031 kann nich bewegen wird xxx sch will. xxx in Bruder denkt
2069 4934 2244 5031 fait
1021 4948 4406 5312 nicht daran, mir den Schuldschein vorzuweisen. Es gibt
