4872 5764
1086 406 1326 661 G.H.P.
1351 406 1551 651 G.H.F.P.
3930 421 4121 622 15
2652 455 3558 724 semen fr. Cler
1106 607 4013 881 nehlen, dass ihm das linke Lid t### nicht in gleicher
2266 832 2589 954 zweyst
1977 822 2168 959 G.C.F.P.
1101 856 4233 1101 Weise gehorohte wie das rechte. Doch ### auch das lnke Auge klar
2926 969 3245 1111 etas
2080 989 2706 1135 Cantustels
1517 1028 1909 1160 Mes
812 1018 4135 1243 selbt blickte und die Pupille)dem Lichtreif ebenso rasch antwortete.
1126 1170 4223 1414 wie die des andern Augs, so konnte die Sache nicht viel zu bedeu-
1752 1194 2222 1326 rechten.
2809 1331 3108 1458 to the
1693 1365 2388 1502 Mum — berché
1101 1405 4008 1674 ten haben. Auch erinnerte er sich ganz deutlich, dass er die
1111 1512 4492 1767 ganze Nacht hindurch auf der linken Gesichtshälfte gelegen war,
3553 1654 3974 1767 konk
2085 1679 3142 1835 welchein feiner
1698 1727 2026 1845 in the
568 1737 4497 1972 de i konnte was xxx Erklärung immerhin an welchen medrte xxx
1272 1732 1483 1869 als
837 1664 1091 1879 res
2315 1874 3323 1992 duitly man niet so
1116 1816 4179 2109 damit zu irgend einem Charlaten Liefe, der würde den Kopf schüt-
494 1977 993 2178 !  ind w
2178 2065 2594 2178 am Ende
1126 2006 4174 2305 telh,wichtig tun und am Ende iegend eine möglichst kostspieli-
504 2143 900 2285 wren
431 2261 1013 2388 dowit was
1121 2251 4199 2525 ge Behandlung in Vorschlag bringen. Robert winschte sich Glück,
372 2354 949 2481 immenden
1130 2437 4145 2696 trotz seiner hypochondrischen Anlagen solchen Versuchungen nie
343 2432 1077 2603 and as we send
357 2545 993 2731 Erklärung for
1130 2555 4028 2858 nachzugeben und sich bei ähnlicher Gelegenheiten nur seinem
333 2667 1028 2843 die lehugueze
343 2775 1013 2961 enlige
1116 2785 4218 3010 Bruder und zuweilen seinem Freunde Leinbach anvertraut zu haben,
347 2882 1023 3083 des Enken did
1106 2941 4121 3230 der allerdings diese Dinge leicht und womit doh scherzhaft zu
431 3019 905 3205 segeben
1106 3088 4155 3382 behandeln ligbte, womit er ja bisher freilich immer Recht hahal-
1639 3313 2139 3450 Ewytzelin
1116 3269 4218 3553 ten hatte. Und so nahm Robert sich nach einemal vor,falls morgen
1385 3489 2173 3626 lückselig fid.
1111 3484 4052 3700 die unbedeutende Gewäche des Augenlids noch weiter bestehen
3685 3533 4380 3788 gleich durch
1493 3670 2594 3793 remer Dermed Legabouh
1106 3709 4106 3886 sollte, dan ainen oder den anderen zu Rate zu ziehen. Dann kan
2178 3827 2760 3949 seiner Bruder
1096 3788 4179 4081 ihm der Einfall, gar nichts dergleichen zu tun und es darauf an-
3798 3837 4404 4106 m nicht.
2574 4008 2833 4130 die
1106 3969 4121 4248 kommen zu lassen,ob Otto etwa eine Ungleichheit der Lider ent-
3607 4130 4194 4272 viztens
2266 4199 2716 4311 men
1096 4165 4233 4463 deckte, ohne darauf hingelenkt werden zu sein. Aber es fühlte zu-
3690 4331 3871 4448 Stof
3357 4380 3543 4458 un le
1072 4385 4165 4674 gleich, dass dieser Vorsatz von einer leisen, unbestimmten Angst
1072 4546 4184 4806 durchzittert war; ja, er schaute sich Irgendwie davor, dem Bruder
3152 4683 4169 4820 etwas in
1072 4786 3939 4967 ver die Augen zu treten beinahd, als wenn er irgend einen
1101 4918 4169 5153 begangen hätte und eines Verweises, vielleicht gar einer Strafe,
1130 5080 3651 5349 von Seite den Bruder gereitig sein möchte.
