4952 5832
1197 539 4174 832 "greignisse im Hauße Laub von Bedenken bezüglich der Zukunft
1237 702 4384 939 nicht ganz frei war. Auffallend rasch aber kehrten ihre Gedanken
1225 916 4221 1102 wieder zu Otto zurück. Sie richtete die besorgte Frage an Ro-
1221 1078 4277 1308 bert, ob er das Aussehens seines Bruders nicht aufallend verän-
1209 1288 4293 1530 dert fände. Robert verneinte es wohl, wie ihm ja die Besorgnisse
1201 1423 4352 1681 der Schwägerin bisher einer ernsteren Grundlage überhaupt zu ent-
1197 1605 4198 1871 behren schienen. Trotzdem aber wirkten ihre Worte in ihm nach,
1185 1796 4118 1966 umso mehr, als ihm Otto tatsächlich in der letzten Zeit recht
1146 1982 4067 2228 gealtert vorkam. Und als er Tags darauf im Sinne Mariannens
1146 2140 4198 2323 neuerliche brüderliche Mahnungen an Otto richtete, fiel ihm des-
1138 2311 4091 2525 sen gereizte Antwort, ein eigentümlich unruhiger Blick seiner
1126 2489 4126 2683 Augen auf, den er bisher noch nie bemerkt hatte, und als er das
1114 2676 4245 2913 Zimmer verliess, eine gewisse Müdigkeit seines Ganges. Alle diese
1102 2842 4265 3032 Beobachtungen bewegten ihn auf besondere Weise. Sollte er kränker
1090 3068 3984 3211 sein als ich, fragte er sich, als er die Treppe hinunterging.
1082 3199 4249 3401 Leicht möglich, Ich bin es ja nicht mehr. Ich bin gesund, ich bin
1070 3365 2549 3615 glücklich, ich bin wieder jung.
1526 3552 3988 3758 An diesem Nachmittag holte er Paula ab, um mit ihr,
1039 3734 4110 3984 wie sie es schon ein paar Mal getan, nach einer Wohnung Umschau
1027 3972 4023 4174 zu halten. Sie nahmen den Weg einem vorstädtischen Bezirk zu,
1023 4091 4083 4301 wo sie am ehesten erwarten konnten, eine ihren Verhältnissen ent-
1011 4269 4091 4475 sprechendes Heim zu finden. Denn sie waren auf Roberts Beamton-
987 4435 4138 4725 gehalt und auf eine bescheidene Rente aus dem Erbteil von Paulas
975 4634 4162 4836 längst verstorbenen Grosseltern angewiesen; und Paula sprach heu¬
975 4800 3853 5006 te nicht zum ersten Mal davon, ob sie nicht durch Erteilung
971 5006 3912 5236 von Violinlektionen zur Führung des Haushaltes einiges werde
