4920 5764
1770 417 1953 560 #1
2044 349 2302 607 B.F.P.
4128 496 4298 679 15
2996 615 4195 857 door gerede doncke
1278 802 4385 1008 dem verhängnisvollen zufall, dass er dieses Zimmer be
1290 960 4397 1171 zogen, wenig gegenüber den dünklen Zwang, dass er grete in demje-
1238 996 1544 1119 notal
2393 1107 3528 1206 so vielen schon seinem
1274 1151 4413 1345 nigen Gasthof Wohnung genommen) wo er mit dem verstorbenen Freund
1695 1302 2286 1433 die heiterete
1286 1334 4286 1524 Höhenburg lustige Stunden verbracht hatte, kurz bevor der Wein-
1429 1405 4290 1603 Eurglückliche eine trahnsigen verfangungen, anteweßet
1286 1516 4278 1707 sinn die Seele des Unglücklichen verdunkert hätte. Und nehent
1282 1671 4350 1889 erinnante sich nach langer Zeit zum ersten Mal wieder mit voll-
4167 1766 4425 1885 des
2353 1794 3413 1949 erinnerte sich kommt
1274 1869 4374 2040 kommener deutlichkeit des Frühlingsabend, an dem nicht nur seine
3163 1965 3536 2088 hellegt
1889 2008 2306 2135 Nie nicht
1266 2024 4314 2254 Freundes Höhnburg Schicksal, sondern auch, wie sich nun emwies,
1274 2203 4187 2433 auch sein eigenes in eheimnisvoller Weise sich angekündigt
1258 2488 1588 2631 hatte.
1746 2532 4366 2770 Mit seinem Bruder Otto, dem Leutnant Höhenburg und ein¬
3754 2659 4374 2782 in der Heider
3139 2679 3425 2818 Sterde
1266 2738 4326 2949 ein paar anderen Freunden war er nach einem Rennen in vergnügt
1262 2929 4243 3143 tar Laune bei den Klängen einer Militärkapelle in einem über-
3032 3044 3270 3155 als
1262 3092 4274 3302 vollen Wirtsgarten zusammengesessen, Höhenburg war wie gewöhn-
1965 3235 2893 3358 genommen, wo geurtheilen
1262 3215 4207 3461 lich der könntigste, und als er dem Kellner als Trinkgeld eine
1595 3425 2147 3564 nkumstagte
1246 3457 4227 3659 Zehnguldenbanknote verabreichte, hatte man das ohne Bestaunen
1250 3584 4330 3798 als eine der bei ihm nicht seltenen, mehr auf Augenblickswirkung
3758 3727 4314 3842 begründelt
2004 3778 2838 3897 in eigentlicher
1242 3762 4322 4056 berechnete, als aus angehenener Verschwandungssucht hervorgegan-
1873 3961 2393 4100 bepartlet
1238 4012 4203 4223 gane Gebärde angesehen. Auf dem Heimweg aber in einer Ruater-
1532 4151 1941 4270 rest
1254 4163 4247 4385 allse hatte Otto den Bruder beiseite ganommen und ihm mit der
3552 4207 4389 4417 und in wenig
1230 4385 4425 4532 ganzen Sicherheit, ja, wie es Robert damals schien auch mit dem
2234 4457 4124 4620 verhaupte nicht an, ihr Freund, lustige
1238 4477 4258 4727 g###nen Stolz des jungen Arztes anzestraut, dass der Kavallerie-
4116 4616 4334 4751 wir
1234 4727 4314 4921 offizier, der da xxx lebhaft plaudernd mit den Andern wed-
3183 4802 3707 4949 bisside
1913 4866 2139 4985 sich
1238 4874 1687 5009 ans give
1226 4854 4326 5084 ###o binnen kurzem im Narrenhaus und in spätestens drei
2211 5009 4389 5251 dehren unter der Erde liegen
3814 5163 4278 5358 weide
