4936 5828
1201 474 1679 747 H. I.
3700 450 3941 735 1/1
1382 687 4323 976 liegende,zu enge und zu lange Mantel verriet angenehme, nicht
1370 920 4303 1125 überschlanke Formen. Robert folgte ihr und überlegte, was sie
1358 1089 4331 1330 eigentlich sein mochte, Beamtensfrau, dachte er, Buchhalterin-?
1330 1282 4407 1458 Da sie ihren Schritt allmählich verlangsamt hatte, zweifelte Ro-
2551 1406 3266 1539 nicht ängern
1322 1454 4234 1635 bert nicht, dass sie sich gefolgt wusste und deren Vergnügen
1314 1627 4271 1840 Lamr. Und so richtete er endlich an einer Strassenecke, schon
3025 1776 3439 1896 belangen
1298 1804 4311 2033 weiter draussen in der Vorstadt,ungswungen das erste Wort an
1286 2017 1591 2238 sie.
1764 2157 4246 2342 „Würden Sie’s mir übel nehmen, Fräulein, wenn ich um
1253 2334 4202 2523 die Erlaubnis bäte, mich Ihrem Spaziergang anzuschliessen?" -
1245 2543 4403 2696 Sie darauf mit einer angenehmen Stimme, weder erstaunt noch belei
1237 2692 4391 2893 digt: „Es ist kein Spaziergang, ich gehe nach Hause“. Sie sah ihn
2764 2832 3302 2949 meinte en
1233 2864 4295 3065 kaum an.- „Aber die Erlaubnis“, sagte er an Ihrer Seite und den
1205 2989 4050 3286 Hut noch in den Hand, „darf ich wohl als erteilt annehmen."
1683 3254 4122 3415 Sie zuckte die Achseln, etwa, als wollte sie sagen:
1197 3379 4331 3628 Mit mir muss man wirklich nicht so viele geschichten machen; dann
1169 3596 4295 3809 erst sah sie ihn von der Seite an. Er sprach davon, dass sie Ihm
1161 3772 4234 3985 schon auf der Ringstrasse aufgefallen sei; wie sie auf d er Bank
1378 3873 1607 4001 ses
1149 3945 4182 4130 gesessen war, die Hände in den Manteltaschen, die Rolle auf dem
3359 4114 3523 4214 res
1137 4106 4182 4335 Schoss, den Blick vor sich hingerichtet; das wäre ein hübsches
3278 4275 3845 4407 meintivis
1113 4315 4230 4536 Bild gewesen.- „Sie sind doch kein Maler" xxx
3347 4455 3925 4544 trayte me
1113 4459 4126 4676 „Leider nicht“,erwiderte er. Und da er keinen Grund hatte ihr
1109 4644 4194 4877 seinen Namen zu verhehlen, so stellte er sich in aller Form vor.
1085 4809 4102 5058 Sie nannte den ihren ganz beiläufig, und in dem leicht weiter-
1065 5010 4295 5307 fliessenden Gespräch, ohne sich erst eindringlich fragen zu lassen,
