4696 5604
2967 257 3212 498 1.
4038 494 4259 676 129
1201 581 2877 869 an das Ministerium absenden könne.
2884 553 3947 865 me in einer Frauen
3690 786 3939 901 dis
1703 767 4228 1027 „Was ist ihnen?“ hörte er plötzlich des— Sektionscheif
1545 956 2201 1102 des Bairns.
1185 992 4184 1193 Stimme Und, wie erwachend, fragte er sich sofort, oh sich nicht
1458 1138 2410 1288 geheimen nicht
1185 1177 4208 1363 seine Gedanken irgendwie in seinen Augen, seinen Mienen gespie-
3351 1312 3619 1458 ecke
4050 1276 4402 1466 Ander
1174 1363 4200 1533 gelt hätten? Doch der über alles Mass erschreckte Blick des B¬
1162 1541 4054 1762 rens liess ihn vermuten, dass hier schon früher ein Verdacht
1667 1667 1948 1778 hätte
1154 1703 4244 1893 bestanden haben xxxstet kine Anzahl kleiner Vorkommnisse aus der
1138 1877 3991 2047 allerletzten Zeit stieg in Roberts Erinnerung auf, denen er
1106 2047 4224 2252 leichtfertiger Weise keine Bedamtung beigelegt hatte; sonderbar
1114 2248 4117 2473 lauernde Blicke seiner Amtskollegen, das plötzliche Verstummen
1118 2410 4058 2612 eines Gesprächs zwi schen dem sektionschef und dem Hofrat, als
3042 2521 4465 2691 recev er    in them
379 2560 873 2742 # 1/2
1114 2584 4149 2766 er selbst unerwartet dazugetreten war. Und mit einem Male med-
4224 2651 4437 2829 E
1079 2711 1897 2845 unbeblo ei un
2375 2715 3623 2841 auf das schon dass
3845 2746 4153 2861 and
316 2703 763 2916 beble m
1102 2813 2817 2967 dete sich die Angst in Ihm, dass
3208 2794 4465 3007 meiner Amgebung nicht
320 2857 850 3015 thom un
968 2861 1608 3007 et deut
893 2952 4066 3201 xxx vor einem Geistesgestörten gewarnt sein mochten,- -
269 2979 940 3224 bept in den
2304 3070 3031 3197 vom Briefen
1012 3141 4011 3335 und vielleicht durch Otto sammt. Und wenn es noch nicht ge-
320 3153 877 3374 Zeclanten
2363 3248 3003 3363 des verbales.
1079 3260 4125 3469 schehen war, so konnte es in dieser Stunde geschehen. Vielleicht
269 3323 869 3477 des rénis
427 3438 751 3548 Zaun
2936 3430 3276 3540 Mich
261 3473 759 3675 Mugelion
1055 3449 4093 3663 war Otto in dieser Stunde bei Paula, und senkte in ihr Herz den
3438 3607 4212 3785 der Wahlung
253 3635 814 3789 über leugst
1043 3619 4014 3845 Keim des furchtbarsten Misstrauens, um dann, wenn die Tat voll-
281 3746 857 3955 primat
1027 3841 4153 4014 bracht war, zu dar Otto in seinem Nahn sich verpflichtet glaubte,
1023 4018 4117 4169 gerechtfertigt, ja als Helfer, als Erlöser vor ihr und den Andern
1015 4220 1537 4390 dazustehn.
1490 4263 4058 4564 „Was ist Ihnen?“ fragte der Baron nochmals und legte
988 4493 2517 4745 die Hand auf Roberts Schulter.
1442 4686 3908 4967 Eine rasche Ueberlegung sagte Robert, dass er sich
2908 4868 3287 4986 einen
968 4864 4026 5148 aufs Aeusserste zusammennehmen müsste, um den gefährlichen Ver-
