<?xml version="1.0" encoding="UTF-8" standalone="yes"?>
<PcGts xmlns="http://schema.primaresearch.org/PAGE/gts/pagecontent/2013-07-15" xmlns:xsi="http://www.w3.org/2001/XMLSchema-instance" xsi:schemaLocation="http://schema.primaresearch.org/PAGE/gts/pagecontent/2013-07-15 http://schema.primaresearch.org/PAGE/gts/pagecontent/2013-07-15/pagecontent.xsd">
    <Metadata>
        <Creator>prov=READ-COOP:name=TrHtr:version=2.1.0:model_id=51170:date=15_08_2023_02:26</Creator>
        <Created>2023-05-10T15:04:23.659+02:00</Created>
        <LastChange>2023-08-15T02:26:53.253+02:00</LastChange>
        <TranskribusMetadata docId="1428794" pageId="55429994" pageNr="82" tsid="132837418" status="IN_PROGRESS" userId="64420" imgUrl="https://files.transkribus.eu/Get?id=CFAMWMCSELRVLWIDDTJKJFRH&amp;fileType=view" xmlUrl="https://files.transkribus.eu/Get?id=XXHDWGQMSYFPKIGVDQFRINOS" imageId="44704066"/>
    </Metadata>
    <Page imageFilename="1428794_0082.jpg" imageWidth="4984" imageHeight="5832">
        <ReadingOrder>
            <OrderedGroup id="ro_1711805903861" caption="Regions reading order">
                <RegionRefIndexed index="0" regionRef="tr_1"/>
                <RegionRefIndexed index="1" regionRef="tr_2"/>
            </OrderedGroup>
        </ReadingOrder>
        <TextRegion id="tr_1" custom="readingOrder {index:0;}">
            <Coords points="1181,552 4351,552 4351,2469 1181,2469"/>
            <TextLine id="tr_1_tl_1" custom="readingOrder {index:0;}">
                <Coords points="3578,619 3615,628 3631,623 3651,644 3676,640 3708,656 3749,648 3749,505 3725,505 3708,522 3672,526 3615,477 3578,485"/>
                <Baseline points="3599,602 3689,614 3760,602"/>
                <TextEquiv>
                    <Unicode>. 1.</Unicode>
                </TextEquiv>
            </TextLine>
            <TextLine id="tr_1_tl_2" custom="readingOrder {index:1;}">
                <Coords points="1606,811 1834,844 2107,815 2355,876 2486,848 2469,644 2376,652 2282,603 2213,636 2164,619 2042,701 1940,668 1899,693 1671,603 1593,615"/>
                <Baseline points="1629,781 1719,781 1808,793 1898,799 1987,811 2077,805 2166,811 2256,817 2345,829 2435,841 2489,835"/>
                <TextEquiv>
                    <Unicode>und Doktor Enthal</Unicode>
                </TextEquiv>
            </TextLine>
            <TextLine id="tr_1_tl_3" custom="readingOrder {index:2;}">
                <Coords points="1214,962 3003,905 4136,986 4169,766 2840,721 2457,856 1214,860"/>
                <Baseline points="1235,925 1313,925 1402,919 1492,919 1581,919 1671,913 1760,913 1850,913 1940,919 2029,913 2119,907 2208,907 2298,907 2387,907 2477,907 2566,901 2656,895 2745,895 2835,895 2924,895 3014,895 3104,895 3193,895 3283,895 3372,889 3462,889 3551,889 3641,895 3730,889 3820,889 3909,883 3999,883 4088,883 4178,871"/>
                <TextEquiv>
                    <Unicode>würde. Oben am Fenster sah er Schatten sich hin und her bewe-</Unicode>
                </TextEquiv>
            </TextLine>
            <TextLine id="tr_1_tl_4" custom="readingOrder {index:3;}">
                <Coords points="2119,1007 2184,1023 2213,1002 2233,1015 2262,1015 2274,1002 2306,1027 2327,1027 2327,945 2294,949 2282,937 2258,945 2241,933 2217,949 2119,941"/>
                <Baseline points="2142,990 2232,996 2322,996 2339,996"/>
                <TextEquiv>
                    <Unicode>parbe</Unicode>
                </TextEquiv>
            </TextLine>
            <TextLine id="tr_1_tl_5" custom="readingOrder {index:4;}">
                <Coords points="1198,1178 2946,1084 4136,1178 4250,1161 4254,982 3016,909 2412,1043 1202,1007"/>
                <Baseline points="1223,1104 1307,1104 1396,1104 1486,1098 1575,1092 1665,1092 1754,1092 1844,1092 1934,1086 2023,1086 2113,1086 2202,1086 2292,1086 2381,1086 2471,1086 2560,1080 2650,1074 2739,1080 2829,1074 2918,1068 3008,1062 3098,1062 3187,1062 3277,1062 3366,1068 3456,1068 3545,1068 3635,1062 3724,1062 3814,1062 3903,1056 3993,1056 4082,1056 4172,1056 4262,1050"/>
                <TextEquiv>
                    <Unicode>gen und beobachtete dann, dass Lichter verlöschten und in einem</Unicode>
                </TextEquiv>
            </TextLine>
            <TextLine id="tr_1_tl_6" custom="readingOrder {index:5;}">
                <Coords points="1206,1328 2840,1259 4340,1341 4340,1190 3981,1137 1206,1170"/>
                <Baseline points="1229,1271 1307,1271 1396,1271 1486,1271 1575,1271 1665,1265 1754,1265 1844,1265 1934,1265 2023,1265 2113,1259 2202,1259 2292,1259 2381,1259 2471,1253 2560,1253 2650,1253 2739,1253 2829,1247 2918,1247 3008,1247 3098,1241 3187,1247 3277,1241 3366,1247 3456,1241 3545,1241 3635,1241 3724,1241 3814,1235 3903,1235 3993,1235 4082,1235 4172,1235 4262,1235 4351,1235"/>
                <TextEquiv>
                    <Unicode>benachbarten Raum aufflampten, Später fuhr ein Wagen vor, dem ein</Unicode>
                </TextEquiv>
            </TextLine>
            <TextLine id="tr_1_tl_7" custom="readingOrder {index:6;}">
                <Coords points="2001,1357 2188,1390 2311,1365 2408,1398 2763,1361 2897,1406 2897,1267 2869,1263 2653,1316 2514,1267 2384,1324 2258,1284 2001,1280"/>
                <Baseline points="2023,1343 2101,1349 2190,1349 2280,1355 2369,1355 2459,1355 2548,1355 2638,1355 2727,1349 2817,1343 2907,1337"/>
                <TextEquiv>
                    <Unicode>slieg aan</Unicode>
                </TextEquiv>
            </TextLine>
            <TextLine id="tr_1_tl_8" custom="readingOrder {index:7;}">
                <Coords points="1206,1475 3060,1430 3900,1540 4332,1516 4336,1345 1206,1402"/>
                <Baseline points="1229,1444 1301,1444 1390,1444 1480,1444 1569,1444 1659,1444 1749,1444 1838,1438 1928,1438 2017,1444 2107,1438 2196,1438 2286,1438 2375,1432 2465,1438 2554,1432 2644,1432 2733,1426 2823,1432 2913,1426 3002,1420 3092,1420 3181,1414 3271,1420 3360,1420 3450,1420 3539,1420 3629,1414 3718,1408 3808,1408 3897,1414 3987,1414 4077,1408 4166,1414 4256,1414 4345,1414"/>
                <TextEquiv>
                    <Unicode>vornehm aussehender Herr entstieg, der dann im Haustor verschwand.</Unicode>
                </TextEquiv>
            </TextLine>
            <TextLine id="tr_1_tl_9" custom="readingOrder {index:8;}">
                <Coords points="1923,1544 2001,1553 2054,1536 2127,1565 2180,1540 2209,1553 2237,1548 2229,1467 2205,1471 2188,1459 2135,1475 2115,1459 2107,1467 2074,1455 1968,1471 1952,1459 1919,1463"/>
                <Baseline points="1945,1510 2035,1516 2125,1528 2214,1528 2244,1528"/>
                <TextEquiv>
                    <Unicode>on Pran</Unicode>
                </TextEquiv>
            </TextLine>
            <TextLine id="tr_1_tl_10" custom="readingOrder {index:9;}">
                <Coords points="2694,1548 2747,1548 2771,1565 2865,1536 2930,1561 2995,1536 3117,1548 3146,1540 3150,1467 3085,1483 3036,1455 3020,1471 2954,1447 2885,1467 2869,1455 2852,1471 2800,1459 2698,1471"/>
                <Baseline points="2716,1528 2799,1534 2889,1534 2978,1534 3068,1528 3157,1522"/>
                <TextEquiv>
                    <Unicode>en ai cher</Unicode>
                </TextEquiv>
            </TextLine>
            <TextLine id="tr_1_tl_11" custom="readingOrder {index:10;}">
                <Coords points="1190,1667 4014,1683 4267,1610 4267,1524 1194,1573"/>
                <Baseline points="1211,1623 1229,1623 1319,1623 1408,1623 1498,1617 1587,1623 1677,1623 1766,1623 1856,1623 1945,1623 2035,1617 2125,1617 2214,1617 2304,1611 2393,1611 2483,1611 2572,1605 2662,1605 2751,1605 2841,1605 2930,1605 3020,1605 3110,1599 3199,1599 3289,1593 3378,1599 3468,1599 3557,1599 3647,1593 3736,1587 3826,1593 3915,1593 4005,1587 4094,1587 4184,1587 4274,1581"/>
                <TextEquiv>
                    <Unicode>Robert begann sein Hin und Herspanienen vor dem Hause,in das er</Unicode>
                </TextEquiv>
            </TextLine>
            <TextLine id="tr_1_tl_12" custom="readingOrder {index:11;}">
                <Coords points="4071,1691 4120,1683 4165,1695 4177,1687 4226,1720 4246,1703 4271,1716 4311,1703 4307,1577 4258,1589 4226,1618 4165,1610 4156,1618 4144,1606 4067,1610"/>
                <Baseline points="4094,1665 4184,1671 4274,1677 4321,1677"/>
                <TextEquiv>
                    <Unicode>G.C.F.P</Unicode>
                </TextEquiv>
            </TextLine>
            <TextLine id="tr_1_tl_13" custom="readingOrder {index:12;}">
                <Coords points="3268,1720 3301,1728 3317,1720 3333,1728 3358,1716 3386,1716 3407,1728 3427,1712 3468,1707 3468,1646 3443,1646 3435,1654 3374,1650 3358,1667 3317,1667 3301,1650 3293,1659 3268,1659"/>
                <Baseline points="3289,1695 3378,1701 3468,1695 3480,1695"/>
                <TextEquiv>
                    <Unicode>und</Unicode>
                </TextEquiv>
            </TextLine>
            <TextLine id="tr_1_tl_14" custom="readingOrder {index:13;}">
                <Coords points="1202,1858 3020,1793 4209,1895 4291,1716 2620,1622 2372,1756 1206,1687"/>
                <Baseline points="1223,1808 1253,1802 1343,1802 1432,1796 1522,1796 1611,1796 1701,1796 1790,1796 1880,1790 1969,1796 2059,1796 2148,1790 2238,1790 2328,1784 2417,1790 2507,1784 2596,1784 2686,1784 2775,1784 2865,1784 2954,1784 3044,1778 3133,1778 3223,1778 3312,1778 3402,1778 3492,1772 3581,1772 3671,1766 3760,1766 3850,1766 3939,1766 4029,1766 4118,1760 4208,1766 4297,1760"/>
                <TextEquiv>
                    <Unicode>ja doch nicht eintreten wollte, als zwecklos.ia lächerlich zu em-</Unicode>
                </TextEquiv>
            </TextLine>
            <TextLine id="tr_1_tl_15" custom="readingOrder {index:14;}">
                <Coords points="1601,1936 1630,1936 1646,1919 1679,1915 1732,1927 1756,1907 1764,1915 1785,1903 1801,1919 1809,1911 1830,1915 1842,1809 1809,1801 1777,1813 1756,1805 1736,1817 1732,1809 1712,1809 1634,1862 1610,1862"/>
                <Baseline points="1629,1904 1665,1904 1754,1892 1844,1880"/>
                <TextEquiv>
                    <Unicode>und</Unicode>
                </TextEquiv>
            </TextLine>
            <TextLine id="tr_1_tl_16" custom="readingOrder {index:15;}">
                <Coords points="1182,2013 3700,2050 4173,1976 4177,1858 1182,1883"/>
                <Baseline points="1205,1987 1229,1981 1319,1981 1408,1981 1498,1975 1587,1975 1677,1975 1766,1975 1856,1975 1945,1975 2035,1969 2125,1969 2214,1969 2304,1969 2393,1963 2483,1963 2572,1963 2662,1963 2751,1963 2841,1957 2930,1957 3020,1957 3110,1957 3199,1951 3289,1951 3378,1951 3468,1951 3557,1951 3647,1945 3736,1945 3826,1940 3915,1940 4005,1945 4094,1945 4184,1945"/>
                <TextEquiv>
                    <Unicode>pfinden machte sich auf den Heimweg und faeste den Entschluss,</Unicode>
                </TextEquiv>
            </TextLine>
            <TextLine id="tr_1_tl_17" custom="readingOrder {index:16;}">
                <Coords points="1161,2209 3293,2164 3888,2286 4205,2225 4209,2070 2029,1989 1944,2074 1165,2107"/>
                <Baseline points="1187,2154 1265,2154 1355,2148 1444,2148 1534,2148 1623,2148 1713,2142 1802,2142 1892,2142 1981,2142 2071,2142 2160,2137 2250,2142 2339,2137 2429,2137 2519,2137 2608,2137 2698,2137 2787,2137 2877,2137 2966,2137 3056,2131 3145,2131 3235,2131 3324,2125 3414,2131 3503,2131 3593,2125 3683,2125 3772,2125 3862,2125 3951,2119 4041,2119 4130,2119 4220,2125"/>
                <TextEquiv>
                    <Unicode>morgen ohne weitere Bodonien sich persönlich nach den Refinden</Unicode>
                </TextEquiv>
            </TextLine>
            <TextLine id="tr_1_tl_18" custom="readingOrder {index:17;}">
                <Coords points="2351,2311 2376,2298 2531,2319 2592,2294 2673,2339 2742,2311 2889,2339 2881,2217 2832,2209 2751,2233 2690,2205 2653,2229 2547,2196 2522,2225 2392,2192 2343,2221"/>
                <Baseline points="2369,2256 2459,2256 2548,2262 2638,2274 2727,2280 2817,2286 2895,2286"/>
                <TextEquiv>
                    <Unicode>der Teilnah</Unicode>
                </TextEquiv>
            </TextLine>
            <TextLine id="tr_1_tl_19" custom="readingOrder {index:18;}">
                <Coords points="1157,2372 1797,2408 1887,2351 2160,2351 2376,2388 2376,2278 2213,2245 1687,2282 1540,2221 1353,2278 1239,2241 1157,2274"/>
                <Baseline points="1181,2333 1217,2333 1307,2333 1396,2333 1486,2328 1575,2328 1665,2328 1754,2328 1844,2328 1934,2328 2023,2322 2113,2322 2202,2322 2292,2322 2381,2322"/>
                <TextEquiv>
                    <Unicode>danen zu erkundigen.</Unicode>
                </TextEquiv>
            </TextLine>
            <TextLine id="tr_1_tl_20" custom="readingOrder {index:19;}">
                <Coords points="2535,2514 2559,2510 2575,2518 2600,2490 2616,2494 2641,2482 2726,2498 2726,2490 2751,2490 2751,2368 2710,2376 2690,2396 2657,2388 2628,2400 2592,2388 2531,2392"/>
                <Baseline points="2554,2453 2644,2453 2733,2459 2757,2453"/>
                <TextEquiv>
                    <Unicode>2ur</Unicode>
                </TextEquiv>
            </TextLine>
        </TextRegion>
        <TextRegion id="tr_2" custom="readingOrder {index:1;}">
            <Coords points="913,2600 4339,2600 4339,5185 913,5185"/>
            <TextLine id="tr_2_tl_1" custom="readingOrder {index:0;}">
                <Coords points="1642,2742 2783,2669 3920,2759 4238,2690 4161,2563 1642,2510"/>
                <Baseline points="1665,2674 1743,2680 1832,2680 1922,2680 2011,2674 2101,2674 2190,2674 2280,2674 2369,2668 2459,2668 2548,2668 2638,2668 2727,2668 2817,2662 2907,2668 2996,2668 3086,2662 3175,2662 3265,2662 3354,2662 3444,2662 3533,2656 3623,2656 3712,2656 3802,2656 3891,2656 3981,2656 4071,2650 4160,2656 4250,2650"/>
                <TextEquiv>
                    <Unicode>Die Zeitungen des nächsten Tages behandelten den Fall</Unicode>
                </TextEquiv>
            </TextLine>
            <TextLine id="tr_2_tl_2" custom="readingOrder {index:1;}">
                <Coords points="1080,2812 1125,2820 1157,2795 1182,2808 1320,2783 1483,2808 1491,2632 1459,2624 1414,2665 1369,2657 1341,2685 1194,2653 1129,2694 1084,2694"/>
                <Baseline points="1104,2775 1134,2769 1223,2775 1313,2769 1402,2763 1492,2757"/>
                <TextEquiv>
                    <Unicode>Kestner</Unicode>
                </TextEquiv>
            </TextLine>
            <TextLine id="tr_2_tl_3" custom="readingOrder {index:2;}">
                <Coords points="1145,2914 2930,2848 3680,2938 4230,2852 4230,2767 2152,2698 2009,2791 1145,2804"/>
                <Baseline points="1169,2853 1193,2859 1283,2859 1372,2859 1462,2859 1552,2853 1641,2853 1731,2853 1820,2853 1910,2853 1999,2853 2089,2853 2178,2847 2268,2847 2357,2847 2447,2841 2536,2841 2626,2841 2716,2841 2805,2835 2895,2841 2984,2841 3074,2841 3163,2841 3253,2835 3342,2835 3432,2835 3521,2835 3611,2835 3700,2829 3790,2829 3880,2829 3969,2829 4059,2829 4148,2823 4238,2817"/>
                <TextEquiv>
                    <Unicode>mit auffallender Zurückhaltung: die Angelegenheit sei zwar</Unicode>
                </TextEquiv>
            </TextLine>
            <TextLine id="tr_2_tl_4" custom="readingOrder {index:3;}">
                <Coords points="1141,3064 4315,3142 4315,2954 4193,2934 1145,2918"/>
                <Baseline points="1164,3032 1187,3032 1277,3038 1366,3038 1456,3032 1546,3032 1635,3032 1725,3032 1814,3032 1904,3032 1993,3026 2083,3032 2172,3032 2262,3026 2351,3026 2441,3020 2530,3020 2620,3020 2710,3020 2799,3020 2889,3020 2978,3020 3068,3014 3157,3014 3247,3014 3336,3014 3426,3014 3515,3014 3605,3014 3694,3008 3784,3008 3874,3008 3963,3008 4053,3008 4142,3008 4232,3008 4321,3002"/>
                <TextEquiv>
                    <Unicode>noch nicht völlig klagestollt, von einer Flucht könne aber gewiss</Unicode>
                </TextEquiv>
            </TextLine>
            <TextLine id="tr_2_tl_5" custom="readingOrder {index:4;}">
                <Coords points="1129,3252 3981,3305 4104,3289 4108,3121 2596,3032 2001,3154 1129,3150"/>
                <Baseline points="1152,3211 1158,3211 1247,3211 1337,3211 1426,3211 1516,3211 1605,3211 1695,3211 1784,3211 1874,3211 1963,3205 2053,3211 2142,3211 2232,3205 2322,3199 2411,3199 2501,3199 2590,3193 2680,3193 2769,3193 2859,3193 2948,3193 3038,3193 3127,3193 3217,3193 3306,3193 3396,3193 3486,3193 3575,3193 3665,3193 3754,3193 3844,3187 3933,3187 4023,3187 4112,3181"/>
                <TextEquiv>
                    <Unicode>nicht die pede sein, da der Aufenthalt des Advokaten nicht nur</Unicode>
                </TextEquiv>
            </TextLine>
            <TextLine id="tr_2_tl_6" custom="readingOrder {index:5;}">
                <Coords points="1117,3423 4197,3411 4108,3284 3333,3236 1117,3305"/>
                <Baseline points="1140,3384 1164,3384 1253,3384 1343,3384 1432,3384 1522,3384 1611,3384 1701,3384 1790,3384 1880,3384 1969,3384 2059,3384 2148,3384 2238,3378 2328,3378 2417,3378 2507,3372 2596,3372 2686,3372 2775,3366 2865,3372 2954,3372 3044,3372 3133,3372 3223,3372 3312,3366 3402,3366 3492,3366 3581,3366 3671,3366 3760,3366 3850,3366 3939,3360 4029,3366 4118,3366 4208,3366"/>
                <TextEquiv>
                    <Unicode>der Familie,sondern auch den Behörden keineswegs unbekannt sei.</Unicode>
                </TextEquiv>
            </TextLine>
            <TextLine id="tr_2_tl_7" custom="readingOrder {index:6;}">
                <Coords points="1104,3582 1589,3680 2425,3570 4197,3651 4197,3484 4083,3435 1104,3496"/>
                <Baseline points="1128,3563 1158,3563 1247,3563 1337,3563 1426,3563 1516,3563 1605,3569 1695,3563 1784,3563 1874,3563 1963,3563 2053,3563 2142,3563 2232,3557 2322,3563 2411,3557 2501,3557 2590,3551 2680,3551 2769,3551 2859,3551 2948,3551 3038,3551 3127,3551 3217,3545 3306,3545 3396,3551 3486,3551 3575,3545 3665,3545 3754,3545 3844,3545 3933,3545 4023,3545 4112,3545 4202,3545"/>
                <TextEquiv>
                    <Unicode>Robert schloss daraus, dass die Absicht und Möglichkeit bestehe,</Unicode>
                </TextEquiv>
            </TextLine>
            <TextLine id="tr_2_tl_8" custom="readingOrder {index:7;}">
                <Coords points="1104,3786 3716,3814 4250,3672 2852,3586 1104,3688"/>
                <Baseline points="1128,3742 1211,3748 1301,3742 1390,3742 1480,3742 1569,3742 1659,3742 1749,3742 1838,3742 1928,3736 2017,3736 2107,3736 2196,3736 2286,3736 2375,3730 2465,3730 2554,3730 2644,3730 2733,3724 2823,3724 2913,3724 3002,3724 3092,3724 3181,3724 3271,3724 3360,3724 3450,3724 3539,3724 3629,3724 3718,3724 3808,3718 3897,3718 3987,3724 4077,3718 4166,3718 4256,3712"/>
                <TextEquiv>
                    <Unicode>die Verbindlichkeiten des Abwesenden auf aussergerichtlichem We-</Unicode>
                </TextEquiv>
            </TextLine>
            <TextLine id="tr_2_tl_9" custom="readingOrder {index:8;}">
                <Coords points="1112,3989 2205,3924 2934,4010 3138,3924 4193,4018 4197,3830 2494,3749 2143,3859 1422,3798 1117,3883"/>
                <Baseline points="1134,3933 1164,3927 1253,3927 1343,3927 1432,3927 1522,3921 1611,3921 1701,3921 1790,3921 1880,3921 1969,3915 2059,3915 2148,3915 2238,3915 2328,3915 2417,3915 2507,3915 2596,3909 2686,3909 2775,3909 2865,3909 2954,3909 3044,3909 3133,3909 3223,3909 3312,3903 3402,3903 3492,3909 3581,3903 3671,3903 3760,3903 3850,3903 3939,3903 4029,3903 4118,3903 4208,3897"/>
                <TextEquiv>
                    <Unicode>ge zu lösen. Doch fühl te er sich durch diese Vermutung durchaus</Unicode>
                </TextEquiv>
            </TextLine>
            <TextLine id="tr_2_tl_10" custom="readingOrder {index:9;}">
                <Coords points="1104,4181 1834,4209 2111,4108 2575,4185 2905,4104 3166,4197 3765,4193 3851,4165 3851,3985 2755,4018 2200,3924 1944,4030 1104,4002"/>
                <Baseline points="1128,4100 1169,4106 1259,4100 1349,4100 1438,4094 1528,4094 1617,4094 1707,4100 1796,4100 1886,4100 1975,4094 2065,4094 2154,4094 2244,4088 2333,4088 2423,4088 2513,4088 2602,4088 2692,4088 2781,4088 2871,4088 2960,4082 3050,4082 3139,4082 3229,4082 3318,4082 3408,4082 3498,4082 3587,4082 3677,4082 3766,4082 3856,4082"/>
                <TextEquiv>
                    <Unicode>nicht so angenehm berührt, als es natürlich gewesen wäre.</Unicode>
                </TextEquiv>
            </TextLine>
            <TextLine id="tr_2_tl_11" custom="readingOrder {index:10;}">
                <Coords points="1589,4303 2779,4364 3207,4279 3684,4377 4258,4307 4258,4205 3855,4161 1589,4181"/>
                <Baseline points="1611,4279 1671,4279 1760,4279 1850,4279 1940,4279 2029,4279 2119,4279 2208,4274 2298,4274 2387,4268 2477,4268 2566,4268 2656,4268 2745,4268 2835,4262 2924,4268 3014,4268 3104,4268 3193,4268 3283,4268 3372,4262 3462,4262 3551,4268 3641,4268 3730,4268 3820,4268 3909,4262 3999,4262 4088,4262 4178,4262 4268,4262"/>
                <TextEquiv>
                    <Unicode>In zwiespältiger Stimmung begab er sich ins Amt, wo ihn</Unicode>
                </TextEquiv>
            </TextLine>
            <TextLine id="tr_2_tl_12" custom="readingOrder {index:11;}">
                <Coords points="1650,4389 1712,4409 1756,4389 1822,4389 1850,4413 1960,4405 1964,4320 1948,4320 1936,4303 1903,4315 1883,4291 1862,4291 1838,4311 1813,4320 1801,4311 1789,4324 1760,4295 1744,4303 1659,4295"/>
                <Baseline points="1671,4375 1707,4375 1796,4375 1886,4363 1975,4357"/>
                <TextEquiv>
                    <Unicode>Barm</Unicode>
                </TextEquiv>
            </TextLine>
            <TextLine id="tr_2_tl_13" custom="readingOrder {index:12;}">
                <Coords points="892,4482 4087,4560 4087,4360 3052,4283 1854,4413 892,4377"/>
                <Baseline points="913,4465 961,4471 1050,4465 1140,4459 1229,4459 1319,4459 1408,4459 1498,4459 1587,4459 1677,4459 1766,4453 1856,4459 1945,4459 2035,4453 2125,4447 2214,4447 2304,4447 2393,4441 2483,4441 2572,4441 2662,4441 2751,4441 2841,4441 2930,4441 3020,4441 3110,4441 3199,4441 3289,4441 3378,4441 3468,4441 3557,4441 3647,4441 3736,4441 3826,4435 3915,4435 4005,4435 4094,4423"/>
                <TextEquiv>
                    <Unicode>das Sektionschef Präntner sehr freundlich empfing und ihn mit der</Unicode>
                </TextEquiv>
            </TextLine>
            <TextLine id="tr_2_tl_14" custom="readingOrder {index:13;}">
                <Coords points="1080,4682 4177,4694 4234,4535 1080,4544"/>
                <Baseline points="1104,4638 1110,4638 1199,4638 1289,4638 1378,4638 1468,4638 1557,4638 1647,4638 1737,4638 1826,4632 1916,4638 2005,4638 2095,4638 2184,4632 2274,4632 2363,4632 2453,4626 2542,4626 2632,4620 2721,4620 2811,4620 2901,4620 2990,4620 3080,4626 3169,4620 3259,4620 3348,4620 3438,4620 3527,4620 3617,4620 3706,4620 3796,4620 3886,4614 3975,4620 4065,4620 4154,4614 4244,4614"/>
                <TextEquiv>
                    <Unicode>Mitteilung überraschte, dass Hofrat Fanto aus Gesundheitsrücksich-</Unicode>
                </TextEquiv>
            </TextLine>
            <TextLine id="tr_2_tl_15" custom="readingOrder {index:14;}">
                <Coords points="3513,4747 3651,4731 3720,4751 3741,4735 3786,4747 3806,4735 3826,4756 3847,4756 3851,4637 3741,4637 3729,4625 3688,4637 3676,4625 3651,4641 3631,4625 3574,4654 3549,4641 3517,4646"/>
                <Baseline points="3539,4715 3593,4715 3683,4721 3772,4715 3862,4697"/>
                <TextEquiv>
                    <Unicode>duifle</Unicode>
                </TextEquiv>
            </TextLine>
            <TextLine id="tr_2_tl_16" custom="readingOrder {index:15;}">
                <Coords points="1092,4894 1732,4931 1960,4821 2938,4919 3174,4829 4108,4927 4108,4739 3476,4686 1092,4703"/>
                <Baseline points="1116,4811 1164,4817 1253,4817 1343,4817 1432,4817 1522,4817 1611,4817 1701,4817 1790,4817 1880,4817 1969,4811 2059,4811 2148,4811 2238,4811 2328,4811 2417,4805 2507,4805 2596,4799 2686,4805 2775,4799 2865,4799 2954,4805 3044,4805 3133,4805 3223,4805 3312,4805 3402,4805 3492,4799 3581,4799 3671,4799 3760,4805 3850,4805 3939,4805 4029,4799 4118,4787"/>
                <TextEquiv>
                    <Unicode>ten zu Beginn des nächsten Jahres in Pension gehen werde. Sie</Unicode>
                </TextEquiv>
            </TextLine>
            <TextLine id="tr_2_tl_17" custom="readingOrder {index:16;}">
                <Coords points="1064,5053 1850,5110 2009,5016 2702,5000 2844,5086 4099,4996 4030,4902 3113,4829 2873,4927 1068,4853"/>
                <Baseline points="1092,4990 1152,4996 1241,4990 1331,4990 1420,4990 1510,4996 1599,4990 1689,4990 1778,4990 1868,4990 1957,4984 2047,4990 2137,4984 2226,4984 2316,4984 2405,4984 2495,4978 2584,4978 2674,4978 2763,4984 2853,4978 2942,4978 3032,4978 3121,4984 3211,4984 3301,4984 3390,4984 3480,4984 3569,4984 3659,4984 3748,4978 3838,4978 3927,4978 4017,4972 4106,4966"/>
                <TextEquiv>
                    <Unicode>werden, lieber Herr Sektionsrat“, fügte er hinzu, „schon in näch-</Unicode>
                </TextEquiv>
            </TextLine>
            <TextLine id="tr_2_tl_18" custom="readingOrder {index:17;}">
                <Coords points="1060,5208 2380,5167 4185,5302 4328,5269 4328,4972 3643,5102 2690,5000 1060,5094"/>
                <Baseline points="1080,5175 1116,5175 1205,5175 1295,5175 1384,5175 1474,5169 1563,5169 1653,5175 1743,5175 1832,5175 1922,5175 2011,5169 2101,5169 2190,5169 2280,5169 2369,5163 2459,5163 2548,5163 2638,5163 2727,5157 2817,5163 2907,5163 2996,5163 3086,5163 3175,5163 3265,5157 3354,5163 3444,5163 3533,5163 3623,5163 3712,5157 3802,5157 3891,5157 3981,5151 4071,5139 4160,5133 4250,5127 4339,5133"/>
                <TextEquiv>
                    <Unicode>ster Zeit dem Herrn Hofrat einen Teil seiner Agenden abnehmen, hatte</Unicode>
                </TextEquiv>
            </TextLine>
        </TextRegion>
    </Page>
</PcGts>
