4936 5812
4209 509 4374 695 22
1331 598 4124 852 erklärte Doktor Leinbach, dass er für seinen Teil in einer
1356 810 4421 933 tem, aber ohne sich zu erheben, oder nur die Zeitung aus der Hand
1564 877 2026 992 Höhe stets
2077 907 4408 1026 an Schlaflosigkeit und Herzklopfen leide; trotz-
1327 979 4247 1094 zu legen, winkte Langer dem Eintretenden zu, drückte ihm dann
2488 1085 4235 1200 wieder zu Fels- und Hisregionen empor
1318 1174 4417 1289 freundlich die Hand und stellte sofort mit Befriedigung dessen
1314 1242 1526 1344 ge 20
2255 1267 3671 1356 sich dort oben stets in einer
3989 1259 4463 1416 on Hausch,
1306 1327 4391 1454 vorzügliches Aussehen fest. Kaum hatte Robert sich niedergelas-
2302 1416 3421 1534 natherm,
3569 1445 3726 1551 dans un
1301 1441 4425 1657 sen als Rudolf Kunrich erschien, ein seit Jahrreimten in kleiner
3310 1632 3586 1738 selioh
1284 1585 4374 1861 ren Rollen beschäftigter Hofschauspieler, der gleichfalls seiner
3811 1793 4171 1924 Von Grunde
1280 1780 4548 2026 Freude über Roberts Heimkehr Ausdruck gab, allerdings in etwas mit
1111 1920 2560 2056 inflater & Stimme
3878 1971 4129 2039 aber
2662 1963 2870 2077 Liebt
3688 1984 3921 2102 T
4014 1996 4608 2162 ungly
1255 1984 4315 2196 gedämpf-tem beinahe-verdtotortem Tone, als hätte er ohne im Phaa
1255 2124 3175 2259 ne xyz wehen auf die Rühne
3628 2162 4302 2297 en zu bestehen
1255 2221 4103 2344 ter seine Stimme überanstrengt und sei nun genötigt sie zu
3705 2289 4641 2475 Couvre Reivental
1255 2327 4663 2598 schonen. An beiden Bekannten fiel es Robert auf, dass sie in den Laufen
3798 2509 4230 2641 w
1221 2586 4298 2738 sechs Monaten seines Fernseins um viele Jahre gealtert zu sein
1238 2637 1831 2759 wieren
1212 2700 4396 2899 schienen. Eben wollte er sich nach anderen Mitgliedern des Stamm-
1738 2827 2518 2946 for Embett
3849 2878 4082 2993 sich
1208 2857 4251 3094 tisehes-erkundigen, als poktor Edmund Leinbachsensahien, der als
2323 3022 3221 3141 Familscurater
1195 3099 4226 3230 vielbeschäftigter Arzt und verheirateter Mann nicht zu den re-
1170 3213 4319 3455 gelmässigen Besuchern des Caféhauses zählte, und dessen Bähtrits-
916 3340 1467 3493 be elentel
3904 3425 4069 3527 lart
1170 3480 4273 3603 dahar für Robert eine angenehme Ueberraschung bedeutete.
1136 3573 4150 3777 Leinbach, auch seinerseits erfreut, nahm nach lebhaften Regriis-
1140 3819 4311 3980 sung den heingekehrten Freund sofort für sich allein in Anspruch,
3484 3946 4052 4082 wieder aufnahm
1136 4006 4040 4145 und sich mit ihm an einen Nebentisch stellte er die
2997 4124 3149 4222 l kom
3404 4120 4014 4256 volle
1102 4188 4251 4370 üblichen Fragen an ihn, wie lange er sich da,wie länge er sieh dort
1081 4281 4167 4540 aufgehalten, ob er diesen oder jenen bedeutenden Punkt zu schon
2251 4455 2442 4569 inen
2488 4463 3056 4586 Beruf hinter
3361 4497 3777 4608 elassen.
1068 4531 3993 4688 nicht versäumt, ob er anregende Bekanntschaften geschlossen,
2560 4667 3921 4781 ein freier Mann, und die Welt
1077 4654 4069 4862 ob ihm interessante erlebnisse zugestossen seien,wartete aber
1823 4807 4497 5036 schnitt nachen durch neue Fragen gleich wieder abgever¬
1060 4798 4129 5065 salten Roberts Antworten ab oder) untenbrach ihn mitten im Satz
1967 5002 3505 5133 man scheinbar nichts zu tun hat
3556 5031 4112 5163 Immer gehen
1047 4981 4090 5239 Als Robert von einer Fahrt auf den Pilatus zu erzählen begann,
