4936 5796
3910 456 4374 651 11/1. 54 1L
1199 549 4258 972 und erwähnte nicht ohne Absicht, wie es Robert schienstass sie
1190 795 4109 1083 mit Marianne ungefähr gleichen Alters sei. Nun sehe sie sie
1199 972 4189 1292 freilich schon lange nicht mehr, wie sie überhaupt beinahe je-
1204 1134 4319 1478 den & sollschaftlichen Verkehr aufgegeben habe. Lesen, spazieren
1190 1376 4109 1613 laufen, gelegentlich auch eine Kletterpartie, das sei ihr der
1209 1455 4207 1836 liebste Zeitvertreib. Robert sprach davon, dass seines Wissens
2315 1720 2859 1832 Restners.
1204 1664 4281 1952 in früheren Jahren bei Lambs viel musiziert worden sei und das
1125 1836 4184 2166 Paula auch persönlich bei solchen häuslichen Veranstaltungen
3645 1971 4435 2199 mannshant
3166 2134 3663 2315 sul
1195 2097 2041 2352 mitgewirkt habe.
1692 2208 4379 2529 sich tächelte vor sich hin. „Jä, beige habe ich gekratzt.
3491 2348 4035 2492 jespielt
2227 2399 3115 2552 heurent...
511 2427 4249 2752 al füll Aber das war nicht sehr schön, und was macht denn Ihr Klavier-
483 2408 1190 2645 Tiedhelyk ern
1739 2566 3710 2738 Es beauptete is alliuely in seulement
1223 2594 4258 2873 spiel?" fügte sie rasch hinzu. Sie entsann sich, ihn vor langer
470 2738 995 2901 ihre
1627 2785 2706 2924 welche u in Salow
1204 2803 4189 3050 Zeit in irgend einen Gesellschaft auf dem piano phantasieren
446 2840 1083 3143 salestments
1209 2896 4151 3217 gehört zu haben. „Wie lang man sich eigentlich schon kennt",
581 2984 860 3240 gell
1209 3133 4319 3408 sagte sie. Im aber ging wieder das Gerücht von ihrer Verlobung
1209 3310 4291 3593 mit jenamhanühmten, grauhaarigen, seither verstorbenen Komponis-
1450 3501 2417 3649 gries, hs wiecle.
1209 3556 2166 3798 ten durch den Sinn.
1646 3566 2910 3831 Tre saper enfouies
1674 3603 4240 3942 Die setzten sich auf eine Bank, die, auf seinem Felsen-
1218 3835 4463 4128 vorsprung gelegen, freieste Aussicht auf die Windungen der Bahn,
1209 4026 4193 4319 Wiesen, Wälder, Viadukte und auf die herandämmernde Ebene bot.
1195 4175 4370 4454 Paula nahm aus ihrer Dose eine Zigarette und bot auch ihrem Be-
1199 4337 4309 4667 gleiter eine an. Die poso, erzählte sie, hatte ihr der Vater aus
1218 4528 4128 4844 Moskau mitgebracht. Sie nauchten und plaudanten vom Reisen.
3784 4658 4626 4821 eine kennen
1213 4774 4309 5035 Paula äusserte ernsthaft den Plan im nächsten Jahre nach Japan
1251 4793 1497 4914 Hann
1199 4970 2673 5230 zu fahren.
