4920 5796
1919 330 2196 603 G.H.P.
3965 375 4214 623 61
1255 575 4315 754 senheit, obxxx auf Ansichtskartan Marken aufklebte.
1259 709 4258 958 „Ein Telegramm“, wiederholte Robert wie abwesend: „natur-
3337 876 3619 1002 schnheit
1247 962 4299 1129 lich, blieb noch eine Weile stehen, dann fasste er sich und begab
3447 1047 3773 1178 noch in
1243 1084 4095 1292 sich auf sein Zimmer. Er machte Licht und ging hin und her.
1284 1296 4185 1479 „Ein Telegramm“, sagte er nochmals vor sich hin. Was für eine
1227 1406 4238 1659 Art von Telegramm mag das sein? Und schon wusste er's: Sie wa-
1206 1597 4299 1813 ren vor ihm gewarnt worden. Der besorgte Vater hatte sie eilenis
1194 1764 4132 2017 zurückberufen. Die Damen lassen sich empfehlen". Eine Erfin-
1198 1952 4014 2188 dung des Portiers. Ueber Hals und Kopf waren sie geflohen.
1190 2143 4120 2323 Offenbar waren schon Gerüchte über ihn im Umlauf. vielleicht
1194 2278 2747 2421 Gerrit le nier - Vielleicht
1170 2319 4071 2526 sehr als das Wahrscheinlich wird er schon verfolgt,bewacht,
1170 2469 4262 2714 ist von Detektiven umgeben; und morgen Früh wird man ihn verhaf-
3105 2653 3382 2771 Rein
1153 2669 4108 2869 ten. Und wenn er auch unschuldig ist, wie wird er es beweisen?
1769 2767 4466 2938 pil in Amerika. Ihr weiss Gott so - vercudigten glauben
1145 2897 4287 3056 Wann. Alberta verschwunden tot,wie kann en as haratsen, dass er sie
1137 3011 4250 3236 nicht umgebracht hat? xxx Hellsicht ist auch schon der Verdacht
1125 3244 4205 3435 ausgesprochen worden, dass er seine Frau vergiftet hat. Wird man
2930 3354 4519 3525 man nock giftepance forrcken?
1125 3435 4148 3566 den Leichnam wieder ausgraben? Wird sich das Bift noch nochwei-
1117 3509 4393 3647 Weis ich keine finden – was heefts nach 20 langer feil.
1112 3602 2494 3782 senelassen? Plötzlich ers
2734 3623 4156 3749 somme sein eige-
2474 3696 3020 3798 sak et
1695 3708 2135 3835 wer ich
1104 3737 4075 3981 nes Porträt mit Ueberzieher, Zylinder und Stock, so wie er sich
1100 3912 4218 4152 in Wirklichkeit niemals hatte photographieren lassen;eher
1092 4063 3093 4189 Zec  gaux in der Out eines nachleßes
1076 4152 4046 4291 vervielfältigten Bildes in einer Tageszei-
416 4177 668 4377 huit
1076 4246 3985 4487 tung, und darunter las er mit grossen Lettern die Worte: Ein
1593 4421 3994 4540 Er mit das Papier und die Dückerschaise
1064 4499 4002 4686 neuer Blaubart. Gleich darauf sah er sich vor Gericht stehen
3602 4605 3879 4727 Monsieur
1051 4609 4022 4861 als Angeklagter. Er leugnete. Er schwor zu Gott, dass er nie-
3109 4780 3814 4910 nd kein Bruder
1035 4780 4002 5020 mals einen Menschen umgebracht habe. Es ist nur ein Wahn von
3484 4967 3765 5098 s gibt
3211 4984 3374 5082 Seit
1027 4972 4201 5249 mir, meine Herren Geschworenen. Wie darf man mich denn wegen eines
