4936 5576
1216 474 4381 782 ziehungen seines Lebens, sogar seine kurzdauernde Ehe mit einer
1183 774 4429 1029 trefflichen, allzu früh verstorbenen Frau, gewissermassen als sol-
1195 940 4296 1151 ehe von geringerem Rang erscheinen, Ond immer mehr glaubte er
1208 1110 4340 1358 das Verhältnis von Bruder zu Bruder nicht nur für sich als den
1179 1285 4324 1552 unbezweifelbaren und besten Gewinn seines Daseins, sondern auch
1143 1455 4389 1726 im allgemeineren Sinne als das einzige von natürlich gesicherter
1195 1690 4259 1909 Beständigkeit zu erkennen; sicherer als das zu den Eltern, die
1151 1807 4360 2042 man allzu früh in ein dämmerntes Alter und xxx Tod entschwin-
1200 1994 3574 2257 den sieht, fester als das zu Kindern, die man wie¬
3943 2030 4150 2261 all
798 2144 1163 2355 bleibt
1224 2172 1508 2391 füt
3728 2237 4296 2338 amste tief
3643 2278 4320 2452 Komt auf — an —
336 2371 742 2537 schon weg
892 2334 1451 2585 bleib de
2322 2403 4360 2590 m ihre eigene Jugend zu verlieren bestimmt
377 2472 555 2545 w
1143 2569 4259 2804 ist; vor allem aber blieb es allezeit frei von jenen Trübungen,
1135 2780 4393 2979 die wolkenhaft über die Beziehungen zwischen Mann und Weib herauf-
1118 2942 4251 3169 zuziehen pflegen, unerwartet und geheimtewell/aus xxx dunklen
1098 3064 4219 3335 Seelengründen aufsteigend, wo der trügerische Schimmer persönli-
3291 3262 3481 3396 mpp
1102 3287 4186 3501 oher Gebundenheit ausgelöscht ist und der demlle prang von Ge-
3732 3295 4036 3424 Landung
1082 3485 4166 3712 schlecht zu Geschlecht und damit das Berustsein rettungsloser
1058 3591 3331 3890 Einsamkeit unerbittlich waltet. Er hitte xxx
1058 3830 4178 4057 So nahm Robert den brüderlichen Brief, der gerade heu-
1046 3955 4178 4251 te, am Tage seiner Abreise, anlangte, wie ein günstiges Vorzeichen
1029 4190 4101 4405 entgegen und fühlte sich in seinen Hoffnungen für die Zukunft,
1005 4312 2841 4596 in die er nach einer unruhvellen und
2954 4352 4166 4612 ### Zeit wie in eine
981 4478 3396 4782 neue spoche seines Daseins eintrat, wunderbar es
3899 4567 4093 4717 und
3623 4656 3899 4802 gefüg
1017 4673 2241 4952 fern gewo Die Sonne stand
2363 4750 3509 4964 schon ziemlich hoch, als Nachricht zu
969 4859 2233 5175 gepackt hatte und sein Ein-
2529 4920 3822 5183 rüßert. Es wer die Stunde,
