4840 5844
3506 404 3905 681 10e 7
4019 420 4231 709 28
848 461 1451 774 1m. M. I.q.
3583 770 3754 864 G.C.H.F.F:F.P
1154 738 4203 1011 in einer Sparkasse sein Brot verdiente, gewissermassen verwandt
1154 925 4129 1227 war; nur, dass bei ihm die eigenen bescheidenen musikalischen
3864 1092 4052 1190 orrer
1145 1097 4137 1423 Einfälle die Wirkung seines Spielesmehr zu stören, als zu för-
3302 1264 4141 1410 Saal herumsuchend,
1158 1300 4141 1520 dern pflegten. Er beteiligte sich kaum an dem allgemeinen Ge-
2792 1472 3322 1622 reget in as
1602 1529 1900 1626 dessen
1174 1463 4219 1753 spräch, das seine Richtung dadurch erhielt, dass Doktor Leinbach
1630 1651 2764 1838 persönlicher Verhältnis
1166 1626 4219 1957 seine eigene innare Beziehung zur Musik philosophisch klarzule-
1154 1798 4264 2120 gen suchte. Er sprach dieser Kunst sozusagen einen amoralischen
1166 1985 4194 2270 Charakter zu, indem er für seinen Teil unter dem Einfluss schö-
1141 2189 4146 2434 ner Klänge sich stets geneigt fühle, sich von sämmtlichen Feh-
1145 2332 4088 2597 lern und Sünden,die er jemals begangen, und je begehen würde,
1154 2503 4170 2809 ein für alle Mal loszusprechen, Kahnberg stimmte zu und führte
1145 2682 4194 2959 aus, dass innerhalb des Absoluten, also ebensowohl inner halb des
1141 2853 4247 3126 Mathematischen wie des Musikalischen für den Begriff Stunde oder
1154 3078 4219 3310 Verbrechen überhaupt kein Raum sei. Robert folgte der Unterhal-
1154 3277 4239 3506 tung nicht weiter; es fiel ihm ein, dass er dieses Lokal zuletzt
3318 3379 4215 3534 I
1150 3436 4199 3677 in Albertens Gesellschaft besucht hatte und zwar war er an dem
3069 3571 4260 3726 und er fragte sich
1145 3628 4088 3868 Tisch drüben gesessen, wo jetzt zwei Hannen in Fraak und zwei
3713 3762 3897 3872 dass
1137 3783 4199 4035 dekeltstierte Damen mit riesigen Reinernässen, eine amerikanische
4011 3942 4178 4052 alto
1137 3966 4146 4199 Gasellschaft, wie ihm schien, Champagnan ###nken. Wo mochte Al-
3306 4121 4166 4260 der
2287 4141 3184 4272 in merkte? Ob
1855 4170 2217 4309 and is a
2372 4186 4268 4386 Heubofinden? Hatte janar junge Amerika-
1235 4207 1867 4309 zu in je
1855 4247 2311 4427 seeten
1121 4268 1651 4431 berta sich
2507 4329 2878 4480 the
978 4305 4252 4578 2 ner sie wirklich geheiratet. Konnte er nicht ebenso gut ein Gau-
3693 4468 4411 4610 aufzuschluchzen.
3387 4492 4243 4708 im Stich
1125 4541 3237 4765 ner gewesen sein, und sie irgendwo drühen
3530 4651 4227 4777 sen. Er biss d
1117 4692 4084 4969 gelassen haben? Es war doch recht gewissenlos gewesen, sie so
3730 4806 4309 4957 seine Schwä¬
1117 4851 4178 5120 ohneweiters ihrem Schicksal zu überlassen, ja, geradezu auszulie-
3550 5030 3860 5246 cht der
1101 5112 2291 5356 fern. bemerkt hätte, wa
