4920 5816
1882 485 2072 582 14.1.
3328 372 3873 654 1o. 4s 1,1
1228 400 1414 699 1/1
4156 622 4342 800 36
2581 614 3865 953 und freundschaftlich-väterl.
1280 800 1591 933 den Ia
1260 868 4140 1119 gesehen hat ten, zu der seine Beziehungen auch für Bruder und
2306 1046 2585 1151 kin
1272 1078 4160 1280 Schwägerin keheimnis gewesen waren. Marianne
1272 1236 4180 1494 hatte sich sogar manchmal, wenn sie ihn mit seiner Geliebten
1268 1405 4261 1632 im Theater oder sonst irgendwo gesehen hatte, anerkennend und
1260 1599 4342 1809 mit kaum verhehlter Verwunderung über deren guten und diskreten
1256 1785 4253 1987 Geschmack geäussert. Da man es längst aufgegeben hatte, Robert
1244 1943 4301 2209 mit dem gemainen bürgerlichen Masse zu messen, und er zu Beginn
1248 2116 4342 2351 seines Verhältnisses mit Alberta seiner Umgebung ruhiger, ja man
1240 2302 4354 2520 durfte wohl sagen, glücklicher erschienen sein mochte, als in den
1236 2484 4354 2657 Jahren vorher, so zweifelte er nicht daran, dass die Familie sogar
1220 2678 4338 2855 eine eheliche Verbindung mit Alberta nicht ungern gesehen hätte,
1216 2799 4455 3045 Dass er die Torheit begangen, das anmutige Geschöpf, nachdem es ne
2100 2968 3740 3110 auf seinem Freund gefolgten
1397 3017 1620 3118 den
1216 3021 4285 3215 sie sich eben erst in die Schweiz hatte nachkommen lassen, ohne
2916 3146 3752 3267 nachgefolgt von
1583 3174 2185 3300 gewyftes
1220 3199 4257 3417 Kampf.ianohna Midenstand,einem Andern zu überlassen,das konnte
2480 3336 3013 3453 konnte es
3336 3328 3550 3449 und
1208 3356 4245 3619 natürlich niemand, auch Marianne nicht, ahnen Er selbst begriff
1208 3558 4115 3752 es in diesem Augenblick weniger als je versuchte
1204 3691 4237 3982 sich das letzte Gespräch mit ihr ins Gedächtnis zurückzurufen.
1179 3861 4241 4099 Er erinnerte sich seiner anfangs scherzhaften Bemerkungen über
1179 4079 4241 4277 den Amerikaner,ihres sonderbaren Schweigens, ihres Lächelns und
1159 4265 4273 4471 endlich ihrer plötzlichen, ganz unerwarteten Mitteilung, dass der
1272 4443 1660 4556 Tremde
1175 4451 4237 4645 jungen kann ihr seine Hand angetragen hätte.Er wusste auch noch
1167 4624 4128 4826 ganz genau, dass es ihn vorübergehend angewandelt, als wenn er
1147 4786 4160 5024 ohnmächtig zu Boden stürzen oder Alberta einen Schlag vor die
1127 4956 4095 5198 Stirn versetzen müsste. Aber er hatte vielmahn den Heiteren,
