4936 5848
1708 508 3393 824 Männer, Aufgenommen von Stücken, Albrecht,
1075 524 1359 755 xx
2908 709 3110 890 11
1276 1929 2486 2048 Vor wenigen Tagen erst
1270 1903 3743 2137 Er hatte doch nur Geltung für einen bestimmten
1253 2091 3809 2282 Fall; und di ser Fall lag nicht vor,konnte nie-
1240 2282 3782 2460 mals eintreten. Er war nicht wahnsinnig; er war
1237 2424 3733 2654 gesund. Aber was half ihm das, wenn ihn Andere
1246 2595 3825 2753 für wahnsinnig hielten? Was half es ihm,wenn am
1243 2707 2298 2813 sein eigener Bruder
1233 2734 3845 2895 Ende Otto selbst ihn für wahnsinnig hielt? Konn-
1233 2918 3799 3050 te es nicht geschehen,dass gerade die wundersa-
1223 2981 3868 3215 me Veränderung eines Seelenzustandes, dieses Auf-
1207 3175 3861 3393 schrieben, diese Gelöstheit,diese Heiterkeit seines
1223 3373 3835 3525 Wesens einem getrübten Blick die Anzeichen einer
1204 3555 3716 3696 herannahenden Geistesstörung vortäuschten? Vor
1204 3720 3720 3838 wenigen Tagen erst hatte sich Marianne ihm ge-
1200 3865 3789 4003 genüber mit wachsender Besorgnis über ihre Gat -
1204 4003 3842 4175 ten blasses und abgespanntes Aussehen geäussert,-
1194 4155 3825 4293 als Robert daraufhin eine brüderliche Mahnung an
1190 4349 3650 4475 Otto wagte, war ihm das unverhältnismässig Ge-
1181 4448 3525 4620 reizte, fast Barsche in diesse Antwort
1164 4600 3812 4795 aufgefallen und in der Erinnerung schien ihm so-
1167 4775 3799 4959 gar, als hätte in der letzten Zeit Ottos Gang und
1157 4917 3696 5121 Haltung einen eigentümlich veränderten Charak-
1171 5062 3693 5273 ter angenommen.Sollte er kränker sein als ich,
