4920 5812
4117 453 4343 700 23
1336 688 4427 883 erklärte Doktor Leinbach, dass er für seinen Teil in einer gewis-
1332 776 1714 883 Ser¬
1325 875 4395 1098 sen Höhe stets an Schlaflosigkeit und Herzklopfen leide; trotz-
1313 959 1515 1050 se 2e
1301 1038 4304 1269 dem fühle er sich immer wieder zu Fels- und Eis regionen empor-
1702 1130 2383 1281 Dindort oben¬
1285 1213 4447 1428 gezogen. Es befinde sich dort oben stets in einer Art von Rausch,
1285 1388 4379 1627 gewissermassen in einem edleren und kräftigeren Verhältnis zun
1273 1575 4300 1754 Leben durch die Nähe des Todes, was schliesslich mehr wert sei,
1265 1734 4196 1989 als das banale körperliche wohlbefinden, mit dem er im Grunde
1241 1925 4244 2136 nichts anzufangen wisse. Er liebte Bemerkungen so allgemeiner
1229 2124 4335 2303 und dabei zweifelhafter Natur, ohne jedoch auf ihnen zu bestehen,
1233 2307 4244 2498 wenn es irgend jemand einfiel sie zu bestreiten. Robert
1225 2462 4256 2657 ihn meistens reden und fühlte heute noch weniger als sonst ein
1197 2645 4188 2804 Bedürfnis nach dem, was Leinbach metaphysische Unterhaltungen
1718 2748 2052 2872 aflegly
1177 2780 4145 3067 zu nennen xxx. Bei einem Andern hätte es fast wie Absicht
1181 2999 4164 3202 wirken können, dass er sich mit keinem Worte nach des Freundes
2689 3142 2892 3234 doch
1177 3166 4145 3381 Gesundheitszustand erkundigte, aber Leinbachsgleichgültigkeit
4252 3079 4423 3345 saken
1157 3353 4125 3544 und stetes Beschäftigtsein mit seiner eigenen Person erklärte
1142 3536 4335 3691 dieses Versäumnis auf das Harmloseste. Im Laufe des Gesprächs etc.
1165 3620 1611 3751 emporté.
3047 3671 4005 3814 gelände zweifel
1126 3671 3862 3918 kannte Robert aber nicht umhin ungefragt zu äussern, das
3922 3751 4220 3918 der im -
1118 3910 4101 4061 merhin noch leise Zweifel hanspüre, ob er einer Wiederaufnahme
1153 3985 1448 4093 and
1090 4085 4077 4296 seiner Berufstätigkeit schon jetzt vollkommen gewachsen wäre.
1575 4212 4073 4463 „Warum nicht“, warf Leinbach hin. Du gehst aus dem
1066 4435 3993 4594 Bureau und hast damit deinen Beruf hinter dir gelassen. Von
1050 4562 4061 4857 zwei oder drei uhr an bist du sin freier Mann und die Welt ge-
1026 4757 4133 4984 hört dir. Sieh dir dagegen unsereinen an. Keinen Augenblick hat
1030 4968 4125 5282 man Ruhe, auch wenn man scheinbar nichts zu tun hat. Immer gehen
