4648 5620
3894 403 4096 569 128
1107 629 1645 921 den hatte.
1582 807 4136 1040 Am Tor reichte Otto dem Bruder nochmals die Hand,bat
1091 1044 3985 1285 ihn pünktlich zu sein, dann stieg er in den Wagen, nahm eilig
1095 1202 4144 1439 eine Zeitung vor und war schon scheinbar tief ins Lesen versun-
3539 1332 4096 1451 bedacht
1091 1396 4053 1641 ken, als der Wagen sich in Bewegung setzte. Robert wusste nun,
1079 1617 4092 1787 dass ihm jedenfalls die Zeit bis Abend acht Uhr geschenkt war.
3582 1684 3835 1819 alle
1075 1700 4171 1965 Bis dahin drohte keine rlei Gefahr, und alles konnte in Ruhe über-
1075 1910 4068 2167 legt und vorbereitet werden. Vorerst begab er sich ins Amt, wo
1079 2095 4108 2345 er sich zeigen wollte, um keinerlei Verdacht zu erregen. Alsner
1064 2305 4017 2511 sich Amtson Schreibtisch gesetzt hatte, merkte er mit einiger
2151 2416 2787 2550 die Arbeit
1075 2443 4029 2693 Verwunderung, dass sein Entwurf, den der Vollendung naher unter
1048 2558 4234 2874 anderen Papieren xxx erwartete, sein Interesse so sehr in Anspruch
1910 2772 3535 2910 ind Augelegende ter
1064 2823 4171 3080 nahm, als befände alles übrige in den Halt-eich für ihn in schön-
957 2949 1344 3116 solligen
1056 2977 4068 3250 stör Ordnung. Er schrieb noch einige Bemerkungen und Ergänzun-
1056 3175 4029 3408 gen nieder, was ihm so leicht und rasch von der Hand ging, dass
1933 3293 2803 3432 seiner Enlini
1048 3293 4096 3570 er fast bedauerte die Arbeit vorläufig nicht zu Ende führen zu
1040 3515 3914 3752 können. Mit dem Baron Prantner, der ihn gegen Mittag zu sich
2032 3582 4404 3768 empferd werden könne Ewselterleiten
1040 3713 3974 3930 bescheiden liess, besprach er einige Dankte des Entwurses, mit
1036 3867 4104 4116 völligen Klenheit und ersch aus den Antworten seines Kongasatz-
3349 4045 4124 4207 enehm iharrascht
1024 4021 3179 4278 ten, daß dieser sich durchaus befertigerje-
2870 4187 3116 4298 the
2368 4203 2708 4314 Zestat
1024 4242 4088 4412 fand. Robert hanützte die Gelegenheit einige Tage Urlaub zu er-
3440 4345 4057 4460 eingestort
1506 4377 2163 4511 eine Arbeit
1032 4412 3713 4642 bitten, um die Arbeit zuhause oder auf dem Land in
3792 4432 4057 4586 mener
1012 4551 4080 4772 Ruhe zu Ende bringen zu können, und es fiel ihm ein, dass er sai-
1285 4741 1522 4863 rie
1012 4748 4068 5029 nen untwurf tatsächlich mit sich nehmen, ihn irgendro vollenden
1012 4903 4057 5148 und dann als vollgiltigen Beweis für seine geistige Gesundheit
