<?xml version="1.0" encoding="UTF-8" standalone="yes"?>
<PcGts xmlns="http://schema.primaresearch.org/PAGE/gts/pagecontent/2013-07-15" xmlns:xsi="http://www.w3.org/2001/XMLSchema-instance" xsi:schemaLocation="http://schema.primaresearch.org/PAGE/gts/pagecontent/2013-07-15 http://schema.primaresearch.org/PAGE/gts/pagecontent/2013-07-15/pagecontent.xsd">
    <Metadata>
        <Creator>prov=READ-COOP:name=TrHtr:version=2.1.0:model_id=51170:date=15_08_2023_02:26</Creator>
        <Created>2023-05-10T15:04:26.530+02:00</Created>
        <LastChange>2023-08-15T02:26:57.974+02:00</LastChange>
        <TranskribusMetadata docId="1428794" pageId="55430106" pageNr="98" tsid="132837434" status="IN_PROGRESS" userId="64420" imgUrl="https://files.transkribus.eu/Get?id=RLJPUSNTDVAHZNFBBIBLYTYJ&amp;fileType=view" xmlUrl="https://files.transkribus.eu/Get?id=DJVEQLYITUBLMHERKLNVMMCU" imageId="44704178"/>
    </Metadata>
    <Page imageFilename="1428794_0098.jpg" imageWidth="4920" imageHeight="5848">
        <ReadingOrder>
            <OrderedGroup id="ro_1711805953657" caption="Regions reading order">
                <RegionRefIndexed index="0" regionRef="tr_1"/>
            </OrderedGroup>
        </ReadingOrder>
        <TextRegion id="tr_1" custom="readingOrder {index:0;}">
            <Coords points="918,612 4016,612 4016,4008 918,4008"/>
            <TextLine id="tr_1_tl_1" custom="readingOrder {index:0;}">
                <Coords points="3201,672 3231,672 3271,698 3308,705 3345,676 3381,676 3381,474 3348,474 3337,485 3315,485 3300,474 3260,485 3238,466 3227,477 3201,477"/>
                <Baseline points="3222,662 3311,668 3389,662"/>
                <TextEquiv>
                    <Unicode>.1.</Unicode>
                </TextEquiv>
            </TextLine>
            <TextLine id="tr_1_tl_2" custom="readingOrder {index:1;}">
                <Coords points="3616,1696 3649,1681 3712,1696 3789,1681 3862,1700 3881,1681 3917,1681 3881,1454 3844,1472 3719,1461 3624,1491 3583,1483"/>
                <Baseline points="3622,1593 3711,1605 3801,1623 3890,1635 3920,1641"/>
                <TextEquiv>
                    <Unicode>38.7.c</Unicode>
                </TextEquiv>
            </TextLine>
            <TextLine id="tr_1_tl_3" custom="readingOrder {index:2;}">
                <Coords points="1234,1810 2801,1825 3025,1748 3370,1817 3712,1773 3715,1623 1234,1737"/>
                <Baseline points="1253,1808 1300,1808 1390,1808 1479,1802 1569,1796 1658,1790 1748,1790 1837,1790 1927,1784 2016,1784 2106,1778 2195,1778 2285,1772 2375,1766 2464,1760 2554,1760 2643,1754 2733,1748 2822,1748 2912,1742 3001,1742 3091,1736 3180,1742 3270,1736 3359,1730 3449,1724 3538,1724 3628,1724 3717,1724"/>
                <TextEquiv>
                    <Unicode>war,vom ersten Augenblicke an wie längst ver-</Unicode>
                </TextEquiv>
            </TextLine>
            <TextLine id="tr_1_tl_4" custom="readingOrder {index:3;}">
                <Coords points="1223,2063 1248,2067 1274,2049 1318,2056 1384,2016 1417,2012 1432,2027 1480,2016 1505,2030 1571,2005 1575,1880 1468,1883 1435,1902 1410,1872 1314,1905 1274,1894 1226,1913"/>
                <Baseline points="1247,1963 1312,1963 1402,1951 1491,1957 1581,1951"/>
                <TextEquiv>
                    <Unicode>traut.</Unicode>
                </TextEquiv>
            </TextLine>
            <TextLine id="tr_1_tl_5" custom="readingOrder {index:4;}">
                <Coords points="1604,2107 2713,2140 3631,2060 3796,2122 3847,1913 2159,2027 1608,1979"/>
                <Baseline points="1623,2094 1700,2094 1790,2088 1879,2088 1969,2082 2058,2082 2148,2076 2237,2076 2327,2070 2416,2070 2506,2064 2595,2058 2685,2058 2774,2052 2864,2052 2953,2052 3043,2046 3132,2040 3222,2040 3311,2034 3401,2034 3490,2028 3580,2028 3669,2022 3759,2022 3848,2022"/>
                <TextEquiv>
                    <Unicode>Unter diesen Eindrücken,die bei den näch-</Unicode>
                </TextEquiv>
            </TextLine>
            <TextLine id="tr_1_tl_6" custom="readingOrder {index:5;}">
                <Coords points="1223,2298 2625,2232 3348,2295 3682,2247 3690,2104 1226,2225"/>
                <Baseline points="1247,2273 1277,2267 1366,2255 1456,2255 1545,2255 1635,2249 1724,2249 1814,2243 1903,2237 1993,2237 2082,2231 2172,2231 2261,2225 2351,2225 2440,2219 2530,2213 2619,2207 2709,2207 2798,2201 2888,2201 2977,2201 3067,2195 3156,2190 3246,2190 3335,2190 3425,2184 3514,2184 3604,2178 3693,2178"/>
                <TextEquiv>
                    <Unicode>sten Zusammenkünften sich befestigten,schwand</Unicode>
                </TextEquiv>
            </TextLine>
            <TextLine id="tr_1_tl_7" custom="readingOrder {index:6;}">
                <Coords points="1226,2445 3499,2405 3785,2353 3789,2269 1230,2306"/>
                <Baseline points="1247,2422 1288,2416 1378,2410 1467,2410 1557,2404 1646,2404 1736,2398 1826,2398 1915,2398 2005,2392 2094,2386 2184,2386 2273,2380 2363,2380 2452,2375 2542,2375 2631,2369 2721,2363 2810,2363 2900,2363 2989,2357 3079,2351 3168,2351 3258,2345 3347,2345 3437,2339 3526,2339 3616,2333 3705,2327 3795,2333"/>
                <TextEquiv>
                    <Unicode>Roberts Unruhe allmählig dahin. Er sah ein, dass</Unicode>
                </TextEquiv>
            </TextLine>
            <TextLine id="tr_1_tl_8" custom="readingOrder {index:7;}">
                <Coords points="1219,2607 3726,2504 3730,2408 1223,2526"/>
                <Baseline points="1241,2577 1253,2577 1342,2571 1432,2565 1521,2559 1611,2559 1700,2554 1790,2554 1879,2548 1969,2548 2058,2548 2148,2542 2237,2536 2327,2530 2416,2524 2506,2518 2595,2518 2685,2512 2774,2512 2864,2506 2953,2506 3043,2500 3132,2500 3222,2494 3311,2494 3407,2501 3407,2501 3467,2494 3556,2488 3646,2482 3735,2482"/>
                <TextEquiv>
                    <Unicode>er weder für sich noch für seinen Bruder etwas</Unicode>
                </TextEquiv>
            </TextLine>
            <TextLine id="tr_1_tl_9" custom="readingOrder {index:8;}">
                <Coords points="3528,2555 3565,2552 3579,2563 3598,2563 3605,2555 3627,2555 3635,2563 3660,2559 3668,2566 3715,2563 3712,2500 3524,2500"/>
                <Baseline points="3550,2536 3640,2542 3723,2548"/>
                <TextEquiv>
                    <Unicode> summe.</Unicode>
                </TextEquiv>
            </TextLine>
            <TextLine id="tr_1_tl_10" custom="readingOrder {index:9;}">
                <Coords points="2265,2618 2728,2618 2786,2581 2867,2621 3157,2574 3256,2614 3396,2574 3396,2515 2269,2555"/>
                <Baseline points="2285,2601 2327,2601 2416,2595 2506,2589 2595,2583 2685,2583 2774,2577 2864,2571 2953,2571 3043,2565 3132,2565 3222,2565 3311,2554 3405,2540"/>
                <TextEquiv>
                    <Unicode>und unter einem ganze</Unicode>
                </TextEquiv>
            </TextLine>
            <TextLine id="tr_1_tl_11" custom="readingOrder {index:10;}">
                <Coords points="1219,2794 3532,2676 3745,2651 3748,2566 1226,2618"/>
                <Baseline points="1241,2733 1247,2733 1336,2727 1426,2721 1515,2715 1605,2709 1694,2709 1784,2709 1873,2703 1963,2703 2052,2697 2142,2691 2231,2691 2321,2691 2410,2685 2500,2679 2589,2673 2679,2667 2768,2661 2858,2667 2947,2661 3037,2655 3126,2655 3216,2649 3305,2643 3395,2643 3484,2637 3574,2637 3663,2631 3753,2625"/>
                <TextEquiv>
                    <Unicode>zu befürchten hatte, der Himmel hellte sich ihm</Unicode>
                </TextEquiv>
            </TextLine>
            <TextLine id="tr_1_tl_12" custom="readingOrder {index:11;}">
                <Coords points="2610,2772 3789,2709 4005,2768 4009,2632 3392,2691 3275,2651 2610,2687"/>
                <Baseline points="2631,2756 2673,2750 2762,2739 2852,2733 2941,2727 3031,2727 3120,2727 3210,2715 3299,2715 3389,2715 3478,2715 3568,2715 3657,2709 3747,2709 3837,2703 3926,2709 4016,2721"/>
                <TextEquiv>
                    <Unicode>getellten Himmel durfte er sich</Unicode>
                </TextEquiv>
            </TextLine>
            <TextLine id="tr_1_tl_13" custom="readingOrder {index:12;}">
                <Coords points="1223,2963 2250,2856 2684,2922 3803,2816 3840,2717 1230,2816"/>
                <Baseline points="1247,2900 1253,2900 1342,2882 1432,2876 1521,2876 1611,2870 1700,2864 1790,2864 1879,2858 1969,2858 2058,2852 2148,2852 2237,2846 2327,2840 2416,2840 2506,2834 2595,2828 2685,2828 2774,2828 2864,2828 2953,2822 3043,2816 3132,2810 3222,2810 3311,2804 3401,2798 3490,2798 3580,2792 3669,2786 3759,2786 3848,2786"/>
                <TextEquiv>
                    <Unicode>gleichsam nach allen Seiten auf unbedenklich</Unicode>
                </TextEquiv>
            </TextLine>
            <TextLine id="tr_1_tl_14" custom="readingOrder {index:13;}">
                <Coords points="1204,3110 2217,2999 2460,3062 3234,2963 3506,3021 3510,2886 1208,2966"/>
                <Baseline points="1223,3055 1282,3049 1372,3037 1462,3031 1551,3019 1641,3019 1730,3019 1820,3013 1909,3013 1999,3007 2088,3007 2178,3001 2267,3001 2357,2995 2446,2995 2536,2989 2625,2989 2715,2983 2804,2977 2894,2977 2983,2977 3073,2971 3162,2965 3252,2965 3341,2959 3431,2959 3520,2959"/>
                <TextEquiv>
                    <Unicode>durfte er sich der Zukunft entgegenfreuen.</Unicode>
                </TextEquiv>
            </TextLine>
            <TextLine id="tr_1_tl_15" custom="readingOrder {index:14;}">
                <Coords points="1369,3190 2342,3168 2474,3264 2900,3165 3477,3187 3682,3117 3686,3029 1373,3073"/>
                <Baseline points="1390,3180 1456,3180 1545,3174 1635,3180 1724,3180 1814,3174 1903,3168 1993,3168 2082,3162 2172,3162 2261,3156 2351,3156 2440,3150 2530,3144 2619,3144 2709,3138 2798,3138 2888,3132 2977,3132 3067,3126 3156,3120 3246,3120 3335,3114 3425,3114 3514,3103 3604,3103 3693,3097"/>
                <TextEquiv>
                    <Unicode>Ans In einer Nacht, kurz nach jenem ersten</Unicode>
                </TextEquiv>
            </TextLine>
            <TextLine id="tr_1_tl_16" custom="readingOrder {index:15;}">
                <Coords points="3488,3194 3539,3194 3550,3209 3613,3183 3653,3198 3723,3183 3763,3198 3833,3168 3858,3176 3862,3065 3818,3065 3741,3113 3712,3091 3668,3117 3616,3099 3546,3154 3488,3154"/>
                <Baseline points="3508,3180 3598,3180 3687,3174 3777,3174 3866,3168"/>
                <TextEquiv>
                    <Unicode>Cbeud</Unicode>
                </TextEquiv>
            </TextLine>
            <TextLine id="tr_1_tl_17" custom="readingOrder {index:16;}">
                <Coords points="1226,3370 3396,3356 3851,3282 3855,3183 1230,3275"/>
                <Baseline points="1247,3353 1265,3353 1354,3353 1444,3347 1533,3347 1623,3335 1712,3335 1802,3329 1891,3323 1981,3323 2070,3323 2160,3323 2249,3311 2339,3311 2428,3311 2518,3305 2607,3305 2697,3299 2786,3293 2876,3288 2965,3282 3055,3282 3144,3276 3234,3276 3323,3276 3413,3270 3502,3264 3592,3264 3681,3258 3771,3258 3860,3258"/>
                <TextEquiv>
                    <Unicode>Resuch, nach einem kleinen musikalischen Unterhal-</Unicode>
                </TextEquiv>
            </TextLine>
            <TextLine id="tr_1_tl_18" custom="readingOrder {index:17;}">
                <Coords points="1171,3293 1219,3297 1278,3271 1476,3289 1531,3264 1601,3286 1601,3194 1560,3190 1498,3223 1454,3201 1421,3227 1263,3161 1197,3220 1171,3220"/>
                <Baseline points="1193,3264 1282,3264 1372,3270 1462,3264 1551,3258 1611,3264"/>
                <TextEquiv>
                    <Unicode>Eimuel</Unicode>
                </TextEquiv>
            </TextLine>
            <TextLine id="tr_1_tl_19" custom="readingOrder {index:18;}">
                <Coords points="1223,3543 3572,3491 3686,3477 3693,3352 1226,3440"/>
                <Baseline points="1241,3514 1282,3508 1372,3508 1462,3502 1551,3496 1641,3490 1730,3490 1820,3490 1909,3484 1999,3478 2088,3478 2178,3478 2267,3472 2357,3467 2446,3461 2536,3461 2625,3461 2715,3455 2804,3449 2894,3443 2983,3443 3073,3437 3162,3431 3252,3431 3341,3425 3431,3425 3520,3425 3610,3419 3699,3425"/>
                <TextEquiv>
                    <Unicode>tung im Hause des Bruders von der „Paula“ und</Unicode>
                </TextEquiv>
            </TextLine>
            <TextLine id="tr_1_tl_20" custom="readingOrder {index:19;}">
                <Coords points="1208,3664 1366,3708 2478,3627 2875,3675 2882,3510 2702,3495 2555,3565 2261,3510 2111,3576 1997,3524 1729,3590 1212,3565"/>
                <Baseline points="1229,3663 1271,3663 1360,3657 1450,3657 1539,3652 1629,3646 1718,3646 1808,3640 1897,3640 1987,3634 2076,3634 2166,3628 2255,3622 2345,3622 2434,3616 2524,3610 2613,3610 2703,3604 2792,3604 2882,3598"/>
                <TextEquiv>
                    <Unicode>ihre Mutter heimgeleitet hatte</Unicode>
                </TextEquiv>
            </TextLine>
            <TextLine id="tr_1_tl_21" custom="readingOrder {index:20;}">
                <Coords points="1322,3858 3921,3796 3928,3664 1325,3730"/>
                <Baseline points="1342,3831 1426,3825 1515,3825 1605,3813 1694,3813 1784,3807 1873,3807 1963,3801 2052,3795 2142,3789 2231,3789 2321,3789 2410,3783 2500,3777 2589,3771 2679,3765 2768,3765 2858,3759 2947,3753 3037,3753 3126,3747 3216,3741 3305,3741 3395,3741 3484,3741 3574,3741 3663,3747 3753,3741 3842,3753 3932,3765"/>
                <TextEquiv>
                    <Unicode>In einer nacht, die einem</Unicode>
                </TextEquiv>
            </TextLine>
            <TextLine id="tr_1_tl_22" custom="readingOrder {index:21;}">
                <Coords points="899,3994 3524,4016 3844,3950 3851,3792 903,3925"/>
                <Baseline points="918,3980 990,3986 1080,3986 1169,3986 1259,3992 1348,3998 1438,3992 1527,3992 1617,3992 1706,3986 1796,3992 1885,3980 1975,3980 2064,3974 2154,3968 2243,3968 2333,3968 2422,3956 2512,3956 2601,3944 2691,3938 2780,3932 2870,3926 2959,3920 3049,3920 3138,3920 3228,3920 3317,3920 3407,3920 3496,3914 3586,3920 3675,3920 3765,3926 3854,3932"/>
                <TextEquiv>
                    <Unicode>Munt-Obeod in Heuse des Binders folgte</Unicode>
                </TextEquiv>
            </TextLine>
        </TextRegion>
    </Page>
</PcGts>
