4808 5832
1654 433 3791 699 3 1/2 1/3, rue 7 1/7,'1 1 1'' 1 7 1 1
1140 433 1528 676 G.C.F.P.
906 460 1140 735 G.C.
3809 433 4156 721 11st 849
1862 649 2312 834 G.C.H.F.F:D'F:F.D:F:H
1037 703 4066 978 gemütlichen Abend bei sich zu sehen. „Sehr gern“, erwiderte Ro-
1050 892 4097 1185 bert. Aber bei sich dachte er: Ich werde mich wohl hüten. Wozu?
1050 1140 3922 1339 Um mich wieder von einem sogenannten Fachmann beobachten zu
1032 1204 4048 1496 lassen? „Und Ihr werdet hoffentlich auch einmal bei uns zusam-
1032 1442 4093 1735 men musizieren", sagte Otto.. Deine Braut soll ja so schön Geige
3854 1582 4124 1771 du dez
1023 1695 1483 1853 spielen."
1492 1726 3890 2028 Sie traten auf die Strasse, Otto sah auf dee Uhr.
1032 1938 4012 2222 Leider kann ich dich nicht mehr bis zur Wohnung deiner Braut
983 2069 4097 2389 bringen. Ich habe eine ganz andere Richtung."- Das tut nichts"
1019 2272 4025 2601 entgegnete Rohast, „ich gehe gern zu Fuss.“ Orte stieg ein und
1956 2466 3701 2601 Nos noch müßte er den Briefe
811 2484 4075 2736 den BruderAus dem Wagen/einen Gruss zu, Rohant anwider-
811 2695 1478 2862 der dieser
1019 2691 3227 2925 ta ihn mit einem heiteren Lächelneniderte
1478 2772 4147 3106 Es ist die höchste Zeit Vorkehrungen zu treffen, dachte
852 2943 1199 3205 Robert
1001 2970 4075 3268 ar im Weitergehen. Er ist der berühmte Arzt, niemand wird an der
987 3191 3958 3475 Richtigkeit seiner Diagnose zweifeln.Bis die Wahrheit an den
1005 3345 3971 3656 Tag komnt ist es zu spät. Indess kann ich im Irrenhaus längst
554 3340 933 3570 ousitin
248 3498 929 3705 #   Es waredenk
987 3547 3908 3800 wirklich verrückt geworden sein. Selcha Dings kommen ja ver
261 3629 829 3768 bas de peid
239 3732 902 3872 danrein wabs
992 3710 3998 3940 Aber was tun? Von heute auf morgen ist wohl nichts zu befürch-
329 3827 911 3976 geninem pen
1014 3903 3967 4178 ten; aber man muss vorbauen. Ob es nicht das Klügste wäre, für
275 3949 965 4084 in unilstörte
311 4025 965 4174 sich angelegen
1415 4088 1920 4210 Aas Otto
279 4093 3903 4341 einige Zeit, seinem Gesichtskreis zu entschwinden!
1406 4251 1947 4372 am iemen.
929 4237 4120 4498 Einfall! Das könnte am Ende nicht nur eine aufschievende, sondern
965 4413 4021 4715 vialisicht sogar helfende wirkung üben, wenigstens insefann als
1600 4584 2804 4715 nicht genommen
938 4620 1194 4733 cton
496 4656 4048 4904 Ob xxx in Wahl sich gewissermassen von mir Iuslösse, und sich auf ir-
2123 4755 2930 4909 würde.
947 4760 4052 5017 gend etwas anderes einstellte/. Ich selbst habe ja mit mir Aehn-
947 4990 4016 5206 liches erlebt, als ich noch an meinen Zwangsvorstellungen litt.
