4936 5848
3449 1266 3784 1432 100 b
1933 1406 2346 1565 dem -
1168 1445 3765 1692 Und Geschahe es das erste Mal, dass ein gesunder
1204 1617 3719 1845 geistig normaler Mensch fälschlich als irrsin-
1194 1770 3726 1995 nig erklärt und ins Narrenhaus gesperrt würde!
1194 1965 3660 2151 Nur diese Möglichkeit erwog Robert vorläufig;
1201 2115 3716 2310 denn, da Otto seiner Sache doch noch nicht ganz
2476 2213 2688 2330 eine
1201 2284 3739 2453 sicher schien, durfte er jene andere, entsetzli-
407 2300 599 2450 6
1201 2375 3813 2626 chere aus dem Kreis seiner Befürchtungen verwei-
1201 2528 3716 2805 sen. Zum mindesten blieb ihm Zeit genug Gegen-
1201 2769 2369 2932 massrgeln zu treffen.
