4936 5828
4191 482 4381 748 49
1834 689 4263 951 Und plötzlich mit stille stehendem Herzen, richtet
3849 773 4694 1060 den Todgefürder
2429 853 2700 984 I am
477 815 1436 1056 of Branglerich &c
1491 866 4301 1098 sich im Bette auf. Wenn Älberta von seiner Hand gestorben
976 1010 1200 1115 Gerrit
1183 1010 1475 1175 in him
579 1022 1200 1166 die Wohn
3088 1039 3650 1149 Nelleicht
2041 1056 2286 1179 xx
1356 1103 4335 1255 Nur, so war es sehr möglich, dass sie nicht die Einzige gewesen
541 1128 1229 1314 Cichkeit immer
2776 1145 4618 1310 der dieses Stichsel erlitter hette.
1382 1229 1834 1352 den
1344 1297 4305 1475 war. Vor mehr als zehn Jahren war seine junge Frau eines völ-
520 1276 1187 1462 Gelieferischen
2142 1390 3059 1508 datwaschieden
4069 1420 4229 1517 an
532 1415 1022 1635 auf daß
1331 1475 4356 1665 lig unerwarteten Todes verbliehen. Eines Morgens war er zu ihr
1310 1631 4474 1762 —ins Schlafzimmer getreten, um vor dem Gang ins Amt ihr den gewch n¬
1318 1766 4360 2003 ten Kuss auf die Stirn zu drücken; da hatte er sie tot im Bett
1301 1969 4424 2180 gefunden; und er erinnerte sich heute mit Grauen, dass er damals,
3160 2104 3672 2214 sonderliche
1301 2142 4322 2358 im ersten Augenblick wenigstens, keine besondere Erschütterung,
1301 2341 4288 2543 ja kaum ein heftiges Erstaunen verspürt hatte. Der Arzt hatte
1284 2527 4335 2725 den Tod der jungen Frau wohl als ein an sich seltenes Vorkomm-
3295 2641 3452 2742 no
1276 2691 4166 2860 nis, aber doch mit Rücksicht auf ihre, für ihme jungen Jahre,
1268 2869 4356 3055 nicht unerhebliche Ueppigkeit und gewisse von Zeit zu Zeit auf-
3232 2979 3769 3097 nättselhaft
1276 3004 4356 3232 tretende Herzbeschwerden keineswegs als hingenommen;
1268 3241 4271 3435 und da im übrigen nicht der geringste Verdacht auf Selbstmord
1255 3367 4364 3608 oder gar auf ein Verbrechen vorlag, so war der Leichnam ohne wei-
1246 3541 4339 3811 tere Untersuchung ins Grab gesenkt worden. Die Ehe hatte inner-
3093 3701 3528 3819 insuill
1234 3777 4326 3959 halb ihrer ganzen dreijährigen Dauer xxxx als glücklich ge-
3038 3887 3422 3980 dunter
1225 3900 4170 4145 golten, und Robert hatte das liebevolle, sanfte, etwas bequeme
1225 4077 4601 4314 Geschöpf stets, nicht nur vor den Leuten, sondern auch daheim, wenn mit
1234 4238 1952 4364 miltarleick
2020 4229 2383 4373 of dork
2539 4238 3579 4373 9 Joulens imgeben
1196 4335 4381 4504 mit einen Art ritterlicher Zärtlichkeit behandelt. Nur er selbst
3165 4415 3646 4538 behandelt
1441 4411 2881 4542 asêwer in ellen unbeginn
1200 4500 4140 4677 wusste,wie er ### gerade unter der äanftmut
1208 4643 4335 4876 und Gutherzigkeit seiner Frau gelitten hatte; wie ihre zuweilen
1187 4816 4288 5045 törichten Bemerkungen,wie ihr schweigen, wie ihre Art mit gerun-
1196 4990 4593 5209 deten Lippen seine Küsse hinzunehmen und zu erwarten, wie sehen einfach
