<?xml version="1.0" encoding="UTF-8" standalone="yes"?>
<PcGts xmlns="http://schema.primaresearch.org/PAGE/gts/pagecontent/2013-07-15" xmlns:xsi="http://www.w3.org/2001/XMLSchema-instance" xsi:schemaLocation="http://schema.primaresearch.org/PAGE/gts/pagecontent/2013-07-15 http://schema.primaresearch.org/PAGE/gts/pagecontent/2013-07-15/pagecontent.xsd">
    <Metadata>
        <Creator>prov=READ-COOP:name=TrHtr:version=2.1.0:model_id=51170:date=15_08_2023_02:26</Creator>
        <Created>2023-05-10T15:04:11.256+02:00</Created>
        <LastChange>2023-08-15T02:26:28.945+02:00</LastChange>
        <TranskribusMetadata docId="1428794" pageId="55429429" pageNr="10" tsid="132837313" status="IN_PROGRESS" userId="64420" imgUrl="https://files.transkribus.eu/Get?id=IBSKTBOOXZWCMAYIBVIWMJUM&amp;fileType=view" xmlUrl="https://files.transkribus.eu/Get?id=QRVLHFWSILBYTFFBANSXSQLN" imageId="44703502"/>
    </Metadata>
    <Page imageFilename="1428794_0010.jpg" imageWidth="4904" imageHeight="5748">
        <ReadingOrder>
            <OrderedGroup id="ro_1711805676358" caption="Regions reading order">
                <RegionRefIndexed index="0" regionRef="tr_1"/>
            </OrderedGroup>
        </ReadingOrder>
        <TextRegion id="tr_1" custom="readingOrder {index:0;}">
            <Coords points="734,373 4100,373 4100,3806 734,3806"/>
            <TextLine id="tr_1_tl_1" custom="readingOrder {index:0;}">
                <Coords points="3791,540 3821,544 3854,514 3895,506 3932,532 3973,525 3996,503 4029,525 4048,510 4066,529 4089,529 4096,361 3970,354 3917,387 3876,387 3854,361 3798,369"/>
                <Baseline points="3814,441 3832,435 3921,429 4011,429 4100,423"/>
                <TextEquiv>
                    <Unicode>00</Unicode>
                </TextEquiv>
            </TextLine>
            <TextLine id="tr_1_tl_2" custom="readingOrder {index:1;}">
                <Coords points="1758,544 1985,588 2257,521 2424,588 2651,503 2934,588 3135,521 3404,633 3672,559 3675,395 3158,324 2413,425 1761,372"/>
                <Baseline points="1778,477 1802,477 1892,477 1981,477 2071,471 2160,471 2250,471 2339,471 2429,465 2518,465 2608,465 2697,459 2787,459 2876,453 2966,453 3056,453 3145,447 3235,447 3324,447 3414,441 3503,441 3593,441 3682,447"/>
                <TextEquiv>
                    <Unicode>c. D. A. M. T. R.</Unicode>
                </TextEquiv>
            </TextLine>
            <TextLine id="tr_1_tl_3" custom="readingOrder {index:2;}">
                <Coords points="775,1218 3471,1326 3467,1206 2994,1121 2666,1188 1679,1151 1281,1039 771,1099"/>
                <Baseline points="793,1163 883,1175 972,1187 1062,1193 1151,1199 1241,1199 1331,1205 1420,1205 1510,1211 1599,1211 1689,1217 1778,1217 1868,1217 1957,1217 2047,1223 2136,1229 2226,1241 2315,1247 2405,1253 2494,1253 2584,1253 2674,1259 2763,1259 2853,1271 2942,1277 3032,1277 3121,1283 3211,1283 3300,1289 3390,1295 3479,1313"/>
                <TextEquiv>
                    <Unicode>war freilich seit jeher geveigt gewesen</Unicode>
                </TextEquiv>
            </TextLine>
            <TextLine id="tr_1_tl_4" custom="readingOrder {index:3;}">
                <Coords points="3634,1210 3705,1184 3746,1214 3798,1192 3832,1218 3869,1218 3832,927 3772,946 3754,938 3742,950 3642,938 3601,957"/>
                <Baseline points="3646,1163 3736,1175 3826,1187 3873,1193"/>
                <TextEquiv>
                    <Unicode>&amp; Co</Unicode>
                </TextEquiv>
            </TextLine>
            <TextLine id="tr_1_tl_5" custom="readingOrder {index:4;}">
                <Coords points="1817,1337 1840,1337 1873,1307 1895,1307 1929,1333 1944,1322 1985,1337 2015,1326 2078,1337 2115,1322 2111,1247 2048,1233 2018,1251 1977,1233 1936,1281 1888,1240 1866,1240 1832,1270 1813,1270"/>
                <Baseline points="1838,1295 1927,1307 2017,1307 2107,1313 2124,1313"/>
                <TextEquiv>
                    <Unicode>über</Unicode>
                </TextEquiv>
            </TextLine>
            <TextLine id="tr_1_tl_6" custom="readingOrder {index:5;}">
                <Coords points="860,1404 3549,1564 3541,1396 2919,1367 2666,1255 2331,1400 849,1259"/>
                <Baseline points="877,1342 966,1348 1056,1360 1146,1360 1235,1366 1325,1372 1414,1372 1504,1378 1593,1384 1683,1390 1772,1402 1862,1402 1951,1414 2041,1420 2130,1426 2220,1426 2309,1432 2399,1438 2489,1444 2578,1444 2668,1450 2757,1450 2847,1462 2936,1462 3026,1468 3115,1474 3205,1480 3294,1480 3384,1492 3473,1504 3557,1516"/>
                <TextEquiv>
                    <Unicode>Beschweden, the man i by klagen them.</Unicode>
                </TextEquiv>
            </TextLine>
            <TextLine id="tr_1_tl_7" custom="readingOrder {index:6;}">
                <Coords points="804,1571 1080,1516 3571,1717 3526,1594 2864,1508 2420,1579 1192,1374 793,1415"/>
                <Baseline points="817,1498 907,1498 996,1498 1086,1504 1175,1510 1265,1516 1354,1522 1444,1528 1533,1533 1623,1539 1713,1551 1802,1557 1892,1569 1981,1575 2071,1581 2160,1587 2250,1587 2339,1599 2429,1605 2518,1611 2608,1617 2697,1623 2787,1629 2876,1635 2966,1641 3056,1647 3145,1653 3235,1653 3324,1659 3414,1665 3503,1683 3581,1695"/>
                <TextEquiv>
                    <Unicode>leicht zu nehmen, und es konnte nicht</Unicode>
                </TextEquiv>
            </TextLine>
            <TextLine id="tr_1_tl_8" custom="readingOrder {index:7;}">
                <Coords points="793,1724 3485,1866 3474,1724 3098,1676 2871,1761 2048,1597 786,1650"/>
                <Baseline points="811,1677 901,1671 990,1671 1080,1677 1169,1677 1259,1683 1348,1689 1438,1695 1528,1701 1617,1707 1707,1713 1796,1719 1886,1730 1975,1730 2065,1736 2154,1742 2244,1748 2333,1754 2423,1760 2512,1766 2602,1772 2691,1784 2781,1790 2871,1802 2960,1814 3050,1814 3139,1820 3229,1826 3318,1826 3408,1838 3491,1850"/>
                <TextEquiv>
                    <Unicode>einmal at rondulio ben byend geln</Unicode>
                </TextEquiv>
            </TextLine>
            <TextLine id="tr_1_tl_9" custom="readingOrder {index:8;}">
                <Coords points="838,1832 3631,2056 3627,1966 3381,1903 2532,1877 2149,1750 1951,1843 830,1720"/>
                <Baseline points="859,1820 949,1826 1038,1832 1128,1838 1217,1838 1307,1844 1396,1850 1486,1856 1575,1868 1665,1874 1754,1880 1844,1892 1933,1898 2023,1904 2112,1910 2202,1916 2292,1921 2381,1927 2471,1939 2560,1945 2650,1951 2739,1957 2829,1963 2918,1969 3008,1969 3097,1969 3187,1969 3276,1975 3366,1987 3455,1999 3545,2011 3635,2035 3640,2035"/>
                <TextEquiv>
                    <Unicode>daß es alle irgendeinmal schon am eigen</Unicode>
                </TextEquiv>
            </TextLine>
            <TextLine id="tr_1_tl_10" custom="readingOrder {index:9;}">
                <Coords points="722,2052 3307,2186 3296,2070 2625,2093 2417,1981 2283,2056 1754,1944 711,1948"/>
                <Baseline points="734,1987 823,1987 913,1999 1002,2005 1092,2017 1181,2023 1271,2035 1360,2041 1450,2047 1539,2047 1629,2059 1719,2065 1808,2065 1898,2077 1987,2089 2077,2095 2166,2107 2256,2112 2345,2124 2435,2136 2524,2142 2614,2148 2703,2154 2793,2160 2882,2160 2972,2166 3062,2166 3151,2166 3241,2172 3312,2184"/>
                <TextEquiv>
                    <Unicode>Seil verwirt haben sollte; aber daß</Unicode>
                </TextEquiv>
            </TextLine>
            <TextLine id="tr_1_tl_11" custom="readingOrder {index:10;}">
                <Coords points="1523,2182 1594,2190 1642,2178 1661,2193 1683,2178 1761,2167 1761,2096 1739,2096 1728,2111 1709,2115 1676,2085 1657,2085 1635,2104 1624,2096 1594,2104 1560,2089 1523,2096"/>
                <Baseline points="1545,2160 1635,2160 1724,2160 1766,2166"/>
                <TextEquiv>
                    <Unicode>der</Unicode>
                </TextEquiv>
            </TextLine>
            <TextLine id="tr_1_tl_12" custom="readingOrder {index:11;}">
                <Coords points="741,2339 3150,2353 3727,2554 3649,2249 2432,2264 1977,2119 1568,2197 1125,2033 726,2141"/>
                <Baseline points="752,2208 841,2202 931,2214 1020,2226 1110,2232 1199,2238 1289,2238 1378,2244 1468,2244 1557,2250 1647,2262 1736,2268 1826,2274 1916,2280 2005,2286 2095,2292 2184,2298 2274,2303 2363,2309 2453,2315 2542,2321 2632,2327 2721,2333 2811,2339 2900,2339 2990,2339 3079,2345 3169,2357 3258,2369 3348,2375 3438,2399 3527,2423 3617,2447 3706,2465 3730,2465"/>
                <TextEquiv>
                    <Unicode>des Binder, trine, geasuenhefte die Krantwortig</Unicode>
                </TextEquiv>
            </TextLine>
            <TextLine id="tr_1_tl_13" custom="readingOrder {index:12;}">
                <Coords points="804,2480 3307,2607 3299,2525 2756,2387 2353,2432 2063,2357 1847,2439 1352,2316 793,2327"/>
                <Baseline points="817,2381 907,2399 996,2411 1086,2417 1175,2423 1265,2429 1354,2441 1444,2441 1533,2453 1623,2459 1713,2465 1802,2477 1892,2483 1981,2483 2071,2477 2160,2489 2250,2500 2339,2512 2429,2524 2518,2524 2608,2536 2697,2536 2787,2548 2876,2560 2966,2566 3056,2572 3145,2584 3235,2590 3312,2602"/>
                <TextEquiv>
                    <Unicode>sif uit gewonnen Lette, ihr als einer</Unicode>
                </TextEquiv>
            </TextLine>
            <TextLine id="tr_1_tl_14" custom="readingOrder {index:13;}">
                <Coords points="1940,2610 3575,2715 3567,2618 3411,2566 3307,2622 3117,2581 2945,2625 2655,2551 2607,2595 1933,2532"/>
                <Baseline points="1957,2554 2047,2572 2136,2584 2226,2596 2315,2596 2405,2608 2494,2614 2584,2620 2674,2626 2763,2638 2853,2644 2942,2656 3032,2662 3121,2662 3211,2674 3300,2685 3390,2691 3479,2703 3569,2715 3587,2715"/>
                <TextEquiv>
                    <Unicode>und gar den einigen Bruder,</Unicode>
                </TextEquiv>
            </TextLine>
            <TextLine id="tr_1_tl_15" custom="readingOrder {index:14;}">
                <Coords points="804,2648 1475,2636 2741,2823 3113,2759 3374,2852 3366,2726 3024,2655 2052,2640 1590,2514 1463,2595 1259,2514 801,2584"/>
                <Baseline points="823,2608 913,2614 1002,2620 1092,2626 1181,2626 1271,2632 1360,2632 1450,2638 1539,2644 1629,2644 1719,2650 1808,2662 1898,2668 1987,2680 2077,2685 2166,2697 2256,2697 2345,2709 2435,2715 2524,2715 2614,2721 2703,2727 2793,2727 2882,2739 2972,2745 3062,2751 3151,2757 3241,2769 3330,2793 3378,2805"/>
                <TextEquiv>
                    <Unicode>ernstlich Bonner, ohne Begleitung</Unicode>
                </TextEquiv>
            </TextLine>
            <TextLine id="tr_1_tl_16" custom="readingOrder {index:15;}">
                <Coords points="797,2934 2201,2886 3497,3031 3437,2815 2815,2852 2242,2741 2111,2837 1240,2696 1072,2793 778,2685"/>
                <Baseline points="811,2817 901,2817 990,2823 1080,2829 1169,2823 1259,2829 1348,2823 1438,2829 1528,2829 1617,2841 1707,2847 1796,2853 1886,2859 1975,2865 2065,2871 2154,2876 2244,2882 2333,2888 2423,2894 2512,2900 2602,2906 2691,2912 2781,2924 2871,2930 2960,2942 3050,2948 3139,2966 3229,2972 3318,2984 3408,2996 3497,3020 3503,3020"/>
                <TextEquiv>
                    <Unicode>Zue Monate in die Welt hinausziehen</Unicode>
                </TextEquiv>
            </TextLine>
            <TextLine id="tr_1_tl_17" custom="readingOrder {index:16;}">
                <Coords points="730,3072 1441,3057 2056,3180 2644,3124 3616,3273 3608,3165 3225,3053 1955,3039 1169,2886 722,2972"/>
                <Baseline points="746,3026 835,3020 925,3026 1014,3032 1104,3032 1193,3038 1283,3038 1372,3044 1462,3050 1551,3056 1641,3062 1730,3073 1820,3079 1910,3085 1999,3085 2089,3091 2178,3091 2268,3097 2357,3103 2447,3115 2536,3115 2626,3121 2715,3127 2805,3139 2894,3145 2984,3157 3073,3163 3163,3175 3253,3187 3342,3199 3432,3217 3521,3235 3611,3258 3623,3258"/>
                <TextEquiv>
                    <Unicode>lesien, was kaum zu denken.</Unicode>
                </TextEquiv>
            </TextLine>
            <TextLine id="tr_1_tl_18" custom="readingOrder {index:17;}">
                <Coords points="793,3344 1221,3281 3426,3433 3418,3318 3161,3333 3009,3236 782,3154"/>
                <Baseline points="811,3247 901,3253 990,3258 1080,3270 1169,3276 1259,3282 1348,3282 1438,3288 1528,3294 1617,3300 1707,3306 1796,3318 1886,3318 1975,3324 2065,3324 2154,3330 2244,3330 2333,3336 2423,3342 2512,3348 2602,3348 2691,3360 2781,3366 2871,3372 2960,3378 3050,3384 3139,3390 3229,3396 3318,3408 3408,3426 3432,3432"/>
                <TextEquiv>
                    <Unicode>Ei gleich aber mit fte Robert sich fragen -</Unicode>
                </TextEquiv>
            </TextLine>
            <TextLine id="tr_1_tl_19" custom="readingOrder {index:18;}">
                <Coords points="808,3508 3385,3619 3377,3489 3005,3523 2365,3400 2208,3474 1523,3348 801,3411"/>
                <Baseline points="823,3444 913,3449 1002,3461 1092,3461 1181,3467 1271,3473 1360,3479 1450,3479 1539,3491 1629,3491 1719,3503 1808,3515 1898,3521 1987,3527 2077,3527 2166,3533 2256,3539 2345,3545 2435,3551 2524,3557 2614,3569 2703,3569 2793,3575 2882,3581 2972,3587 3062,3587 3151,3587 3241,3587 3330,3587 3396,3593"/>
                <TextEquiv>
                    <Unicode>und nicht sein erstes Welt, ob er sich</Unicode>
                </TextEquiv>
            </TextLine>
            <TextLine id="tr_1_tl_20" custom="readingOrder {index:19;}">
                <Coords points="778,3657 1087,3757 1672,3709 1992,3824 2368,3742 3210,3809 3202,3660 2811,3590 2666,3664 2409,3590 1679,3668 1419,3575 1247,3646 950,3526 775,3579"/>
                <Baseline points="799,3640 889,3646 978,3658 1068,3670 1157,3676 1247,3688 1337,3694 1426,3694 1516,3700 1605,3706 1695,3712 1784,3718 1874,3724 1963,3730 2053,3736 2142,3736 2232,3742 2321,3742 2411,3748 2500,3748 2590,3760 2680,3760 2769,3766 2859,3772 2948,3784 3038,3790 3127,3790 3217,3796"/>
                <TextEquiv>
                    <Unicode>diesen den auch ohne Rückhalt</Unicode>
                </TextEquiv>
            </TextLine>
        </TextRegion>
    </Page>
</PcGts>
