4552 5508
1595 182 1987 435 1½ „
3907 372 4133 594 148
1104 590 4014 800 zurückbog. Leinbach aber erklärte Robert, dass der Mann dort
1101 756 4279 966 oben nicht etwa eine Fuge von Bach, sondern, dass er Lebensgeschich-
1584 871 3405 982 me die meisten begebten Trauisten.
1089 887 4236 1136 ten spiele, Gleich darauf ging Robert zwischen Bahngeleisen xxx
2225 1037 2640 1160 wanderte
1081 1101 4014 1306 immer weiter gegen einer offene Landschaft zu mit einer roten
3539 1207 4161 1342 und endlich
1085 1314 4081 1449 Fahne in der Hand, die er ununterbrochen schwenkte,
2898 1382 3373 1504 pfleuste
1057 1425 4165 1659 pflanzte er auf einen Erdhügel auf, unter dem Alberta begra-
1710 1584 2066 1706 schrill
1061 1564 4176 1849 ben lag. Dann ging er auf einem schmalen Gebirgskamm, Abgründe zu
1049 1825 4066 1987 beiden Seiten, mitten durch eine wundervolle blaue Minternacht.
1065 1979 4200 2138 Endlich sass er sehr erfrischt, mit kühlen Wangen und sich sei-
2399 2090 3119 2221 seinem Bürerin
1037 2158 3967 2351 ner Arbeit entgegenfreuend in der Hauslei, als plötzlich sehr
1017 2336 3990 2502 heftig an die Türe geklopft wurde. Er wusste sofort, dass dies
1025 2474 3998 2728 nur Albertens Gatte sein konnte, der gekommen war Rechenschaft
1029 2724 4078 2910 von ihm zu fordern. Doch er war fest entschlossen nicht zu öff-
2241 2795 2787 2929 den Reum.
1006 2898 3860 3076 nen. Vielmehr verliess er durch die gegenüberliegende Türe
1009 3028 4014 3274 sein Runau und stürmte weiter durch eine ganze Reihe von Zim-
3024 3167 3559 3282 au seclame
2177 3171 2474 3270 i/ de
986 3179 4078 3412 mern; in jedem stand ein Tisehrein Sassel, überall sassen Schrei-
982 3412 3951 3579 ber, deren Federn mit ungeheuerer Eile über das Papier fuhren,
1983 3507 3329 3638 aber inifen ne die Bogen
974 3515 4137 3773 und die mit der freien Hand  dieses Papier in daneben auf den
946 3769 4093 3959 Boden stehende offene Reisetaschen warfen, die sich immer selbst-
974 3923 4070 4089 tätig auf und zuschlossen, wie Krokodilmäuler. Dabei dauerte das
954 4125 3963 4323 Klopfen immer fort und schien sogar stärker und dringender zu
962 4287 4085 4450 werden. Unwillkürlich griff Robert nach dem Revolver, den er Nach
946 4438 3975 4663 Reisegewohnheit auf das Nachttischchen gelegt hatte, erhob sich
1615 4576 2110 4711 die traffe
938 4596 3923 4822 rasch, steckte  in seine Rocktasche, wus ste, dass er
938 4826 4089 5016 erwacht war und dachte: Ein Telegramm. Und er fragte: „Wer ist's?“
