5032 5796
1774 412 2303 675 '    "   1  "
3998 662 4173 816 tout
3332 600 3590 825 à cet
1533 629 2387 812 Abschiedstünde
1395 771 1658 950 vers
2312 687 4669 1016 meint mit Alberta gegangen war, aber ehrn sich ein
1745 887 3057 1020 Gleichheit innezurenden
1091 900 2566 1170 Kann, Clöser Rückendes
2628 970 4740 1175 men. Sie trug ihren langen Martel, hat huld
2345 1079 3757 1179 shies longer Reymunters
4128 1087 4719 1254 eckereux.
1370 1141 4369 1354 te die Hände in den Taschen ### und sprach immerfort, ohne
1370 1333 4715 1495 ihn anzusehen, sehr rasche, schwe völlig unverständliche Worte.
1349 1466 4352 1687 Robert aber wusste, dass dies eigentlich keinen Spaziergang zu
1341 1683 4461 1816 bedeuten hatte, sondern sein eigenes, künftiges, zur Neige gehende
1329 1837 4348 1987 Leben; was ihn mit einer halb lächerlichen,halb ärgerli-
1316 1974 4323 2220 chen Hührung erfüllte. Als er erwachte,verspürte er in seinem
1299 2195 4257 2357 Herzen eine unbestimmte Zärtlichkeit und kam erst allmählich
1445 2312 1778 2416 ev
2091 2316 2357 2420 ouin to
1316 2320 4340 2570 darauf, dass die Klavierlehrerin deren Gegenstandss. Er hätte
995 2536 4202 2716 dam for weinen mögen, dass sie ein so armes und verlassenes Ding war,
2462 2678 3815 2786 nicht ihr Schicksal, malen
1283 2736 4186 2899 aber an wanste nicht mehr, dass es eigentlich sein Leben war,
3669 2874 3861 2970 to
1266 2895 4327 3103 sein künftiges,zur Neige gehendes, verlorenes,das ihn so traumig
1254 3028 3045 3132 stimmte, - das aus, bin entscheinten
1262 3070 4332 3278 machte. Er erhob sich, sah zum Fenster hinaus, die Scheiben waren
2782 3236 3145 3324 u in
1241 3270 4352 3440 nach einem leichten Nachtfrost/angelaufen und der Himmel wunder-
1237 3453 4169 3603 sam klar. Er hatte mit den Damen verabredet,dass sie ihn, der
1916 3536 3140 3694 an mochen gedachte
3624 3574 3873 3699 aler
1229 3628 4236 3798 sich frühe auf den Weg machen sollte, auf einer schönen neu an-
1320 3703 1870 3832 herrlichen
3099 3753 3540 3873 sollten.
1208 3786 4298 3986 gelegten Bergstrasse im Wagen einholen xxx. Gleich nach dem
1187 3969 4269 4190 Frühstück brach er auf und In einer langenicht erlebten, beinahe
1187 4157 4290 4340 beglückten Stimmung, unter hellem kühlen Himmel kräftig wie nach
1154 4336 4282 4569 einem fernem ziele ausschreitend,wanderte er die langs am anstei-
1154 4515 4286 4694 gende Strasse vorwärts. Früher als er vermutet hörte er das Rol-
1137 4673 3990 4890 len der Räder hinter sich. Er stellte sich an den Wegrand,
1116 4831 4157 5085 der Wagen näherte sich, hielt an und die beiden Damen, ihn herz-
1087 5031 4173 5277 lich begrüssend, forderten ihn zum Einsteigen auf. Denkend nahm
