4904 5848
3924 536 4147 718 97
2059 598 2538 772 same.
2109 664 4196 933 Karte die Bepfindungen, denen sie geliehen
1564 689 1840 879 C. S. Inchiffern.
1106 726 1580 961 Nixxxx
1560 800 1811 937 re
1135 916 4163 1110 nen, immer lebhafter, Immer stürnischer in ihm wurden, so dass er
3643 1003 4283 1135 I have to be
1164 1019 1415 1168 elle le
772 1032 4085 1312 hütte sein Herz von einem schmerzlich-brennenden Mitleid schwellen.
1122 1238 1498 1461 fühlte.
2884 1287 3251 1469 Revente
1584 1424 4275 1622 Bewegt hörte Paula zu. Sie xxx Otto nur wenig, gekeugt.
3346 1523 3718 1646 brache
1126 1584 4040 1799 und selten gesprochen. Noch aus der Entfernung sie ihm
3326 1696 3656 1820 nelle
1151 1721 1506 1849 seit je
2571 1704 3301 1832 en beslijckent
1684 1721 2051 1824 Lebhaft
1106 1762 4040 1972 stets eine Sympathie bewahrt, die sie, als sie ihm im
1118 1956 4093 2146 vorigen Jahr am Krankenbett einer Freundin zufällig wieder be-
1506 2059 2909 2191 aufs schwek gerechtfertigt
3223 2063 3796 2187 entfechter
1102 2133 4180 2335 gegnet war, neu bestätigt fænd. Roberta/Morte erregten ihre Teil-
2554 2236 3755 2348 tras Robert das mehr ersehlt
1362 2253 1803 2377 noch eine
1073 2323 4168 2496 nahme Mutter; sie bat ihn den längst beabsichtigten gemeinsamen
3045 2418 3932 2546 beschlone ne it
1444 2430 2084 2562 weil weiter
450 2422 978 2637 f p de
1081 2496 4151 2670 Besuch nicht länger aufzuschieben, und so wurde er für den morgi¬
3033 2583 3425 2740 schen
437 2583 966 2781 ne beide
1069 2604 2307 2839 gen Tag best beschlossen.
396 2744 891 2909 nalie lide
2265 2822 2447 3025 13.
347 2872 908 3033 laupt auf
367 2975 900 3206 gefordert
3322 2979 3883 3161 ders verlief
1535 2987 3334 3218 Dieser enste Besuch im Hause des Bruge
3322 3082 4143 3231 bein des Kindes
2455 3119 3239 3214 I crill Renich in
2236 3132 2467 3223 dreve
2451 3173 2620 3256 I am
380 3144 747 3318 were
2888 3165 3404 3260 verleblidet
1048 3185 4143 3375 durchaus nach Wunsch, Marianne zeigte sich anfangs von einer et-
1044 3326 4064 3565 was kühlen, doch allmählich sich erwärmenden Liebenswürdigkeit;
1040 3561 4101 3718 die Knaben waren von der neuen Tante, die ihnen Bilderbücher und
2261 3652 2905 3804 ofzutrückt
1027 3672 4060 3916 Näscharein mitbrachte, höchst befriedigt und Ottos Wesen wirkte
1027 3891 4056 4093 auf Paula gerade durch den freundlich-spöttischen Ton, der ihm
1457 4023 1650 4143 ¬
1015 4081 4114 4246 in oberflächlicher Unterhaltung eigen war, vom ersten Augenblick
2220 4205 4217 4320 had hicanden fut is ein, Robert
1023 4300 3978 4460 an wie längst vertraut.
2434 4361 4147 4481 om [illegible] de même de
1473 4448 4007 4634 Von dieser Stunde an schienen aus Köberts Gemüt alle
966 4572 4007 4807 Besorgnisse hinweggeschwunden. Unbedenklich treute er sich der
974 4778 3891 4960 Zukunft entgegen,die Gegenwart war vom Bewusstsein reinsten
978 4972 3986 5178 Glücks durchdrungen, und nach den Berufsgeschäften des Tags ge-
957 5137 3957 5294 hörte jede freie Minute der Braut, deren Seele sich der seinen
