4920 5816
1478 361 1736 600 11. 11.
2404 361 3121 688 F.TrubyKing
473 429 692 605 III.  ̃
4038 478 4228 634 " 38
3155 444 3716 653 ndembeu
727 449 907 707 V. P.
1507 556 4291 790 außerlich in heiligen Abschluss nicht
1214 761 4345 1014 Alberta nicht nach jenem ihm in Erinnerung gebliebenen seinen an-
1273 800 4593 1073 nicht etwa noch eine Fortsetzung ganz andere Art gefunden soll.
970 951 4267 1156 die deren ihm aus dem Gedächtnis entschwundenen Abschluss gefunden
3360 1078 3721 1170 were in
1219 1141 4286 1360 ###; ob er nicht wirklich seines freien Willenswerkustig, von
1224 1297 4340 1580 wühlender Eifersucht übermannt, zu einem Schlage gegen sie ausge-
1497 1473 2380 1609 aber nötigem
1224 1448 4281 1702 holt, s-### erwürgt, sie nachher unter verwittertem Laub versteckt
2019 1648 2214 1731 w
1224 1668 4291 1868 und eingescharrt hatte. Eines war sicher: Er war mit ihr in den
1219 1824 4281 2043 Wald gegangen und ohne sie zurückgekehrt; ob sie später allein
1229 2029 4311 2233 zammen gekommen war, das hatte er niemals erfahren. War sie nicht
1263 2033 1604 2175 zu rück
1214 2194 1897 2331 heim gekehrt
1224 2214 4291 2428 zurückgekommen, so musste es freilich im Hotel aufgefallen sein,
2828 2292 4389 2419 wir Erklärung ihrer Cieblesberg
1955 2355 2643 2492 in demahner
1214 2355 4272 2580 aber er konnte nicht wissen, was er selbst für geschickte Lügen
634 2541 4559 2804 erste des vorgebracht hatte, um ihr Ausbleiben erklärlich zu machen. Hatte Wei¬
1297 2643 4194 2857 er, wie er es mir mit einem Mal für mogleit hielt
1214 2716 4208 2945 en in einem Zwangs- und Dämmerzustand den Mord begangen, so lag
2204 2877 2653 3004 Cantfeld
1219 2833 4301 3140 auch alles andere im Bereich der Möglichkeit, Liststücke und Ge-
1541 3057 3018 3223 das Vertreiten zu verstellenen
1214 3087 4174 3301 lingen jeder Art, Es war ihm bewusst, dass all diese Einfälle
1219 3287 4345 3472 und Erwägungen im Verlauf von wenig Sekunden durch sein Hirn ge-
1219 3404 4335 3672 jagt waren. Nun aber, da er Mariannens Augen mit einem unverkenn-
1209 3589 4233 3823 baren Ausdruck der Besorgnis auf sich gerichtet sah, fühlte er,
1209 3755 4267 4038 dass er tötlich erblasst war; und er sagte sich, dass es vor al-
1204 3989 4320 4189 lem darauf ankam, sich nicht zu verraten. Miteiner gewaltigen Wil¬
1204 4135 4335 4398 lensanstrengung vermochte er seinem Antlitz einen harmlosen Aua-
1214 4286 4364 4569 druck zu verleihen, ja sogar eine leichte Höte in seine Mannen zu
2321 4506 2511 4613 my
1219 4530 4272 4725 treiben, und mit heiterer Miene bat an Marianne ihn bei seinem
1200 4720 4296 4910 Bruder zu entschuldigen, da er jetzt silen müsse, um eine Wohnung
1200 4842 4286 5135 auf der Wieden, die nur bis zu einer gewissen Stunde zur Besich-
