4872 5748
1795 349 2030 537 "    "
2987 314 3694 546 1, à 2, rue du 1, etc.
3362 506 3589 651 G.C.F.P.
1092 659 4296 1022 im blassrötlichen Grau verdämmernden Insel und vom Meere Abschied,
1087 956 4218 1209 auf dessen fernsten Wellen ein violetter Nachglanz der versunke-
1087 1109 4218 1432 nen Sonne schwamm, Zwischen ärmlichen Weinbergen keuchte der Zug
1087 1319 4152 1576 langsam aufwärts, dem Karstland entgegen, und fuhr bald durch ei-
1087 1489 4135 1703 nen langen Tunnel in die abendliche Felsenlandschaft ein, deren
1061 1659 4200 1926 Horizont nur die Ahnung, aber nicht mehr das Bild der See in sich
1061 1821 3969 2100 fasste. Nun erst streckte sich Robert, den das Umherwandern
1061 2008 4065 2262 in den unebenen und schlecht gepflasterten Strassen der alten
1057 2249 4205 2419 Hafenstadt ermüdet hatte, auf sein Lager hin und suchte in seinem
1052 2397 4091 2602 Herzen nach dem frohen Heimatorgefühl, das ihn noch heute mor-
1061 2620 4227 2834 gens während des Spazierganges bewegt und beinahe beglückt hatte.
3292 2655 4401 2816 als stande ihm eine
1698 2716 3144 2864 war auch freide weke, sondern
1057 2764 4179 2991 Aber er fand schor eine sonderbare Bengigkeit, xxx bedeu¬
1205 2764 1384 2877 was
2602 2864 3620 3008 der er entgepaßete
2144 2899 2484 3017 beur.
1057 2965 4082 3113 tungsvoll ernsten Entscheidung, die mit einem Mal nahe heranga-
1563 3061 4392 3235 „Ründigte die Nähe der Heimat in wiederwünschten Weise sich an
1044 3135 4104 3318 rückt war Sollte es ihm xxx bestimmt sein unten dem gleichen
1140 3235 4318 3384 etwas bedrückt also fortgereist war wieder heumpheker
2297 3318 4069 3497 beladen er seine Erholungsreise an-
1052 3371 2157 3550 Druck haimzukahran,mit.
3755 3406 3986 3510 ten
1039 3436 4449 3650 getreten hatte, und brach nun nach manchen guten und leienden und freien
1044 3641 4082 3838 Stimmungen der letzten Monate jenes Unbegreifliche, kaum in Ge-
1436 3812 1978 3938 nimmen.
1044 3781 4231 4017 danken, gewiss nicht in Worte zu Fassende über ihn herein, das dun-
2755 3973 3043 4078 melden
1039 3973 4096 4192 kel-drohend noch Schlimmeres anzukündigen schien? Hatten die
2170 4130 2794 4266 nul Elbridd.
1000 4144 4122 4406 Aerste sich geirrt oder ihn getäuscht,die von einer sechsmonat-
1022 4379 4130 4576 lichen zerstrauenden Reise vollkommene Genesung für ihn zu er-
2829 4493 3078 4611 der
1030 4493 4179 4716 warten behaupteten: Doktor Leinbach, Freund aus Jugendtagen,
3253 4663 3580 4772 ainte
943 4698 1563 4833 sal die dinge
1026 4724 4410 4903 wan freilich immer etwas leichtsentig gewesen, und es kannte-kaum auch
1231 4890 1485 5008 sche
694 4916 4021 5139 ### als xxxgenommenheitend gelten, dass er alle Krankheiterreichen,
904 5052 4065 5322 über die man ihm klagen kam irgend einmal schon am eigenen Zeilen
1044 5226 4034 5432 war freilich immer geneigt gewesen, Beschwerden
690 5397 4200 5606 ler die war ihm klagen kann, leicht zu nehmen, und es können
