6200 4168
3652 516 5646 716 nem Innern sagte ich es ganz deutlich. Für
3783 682 4272 788 des je vous
4816 685 5394 781 verwandt, hatt
3652 702 5859 936 einen, der Gedanken lesen konnte, wären die Worte
4854 854 5085 950 door
3666 905 5783 1081 ganz vernehmlich gewesen, aber über meine Lip-
3666 1026 5780 1277 pen kam kein Laut, Agathe stand vor mir, das
3652 1195 5859 1408 heliblaue Kleid durchleuchtete mild die tiefen.
5381 1346 5914 1491 Mr War at
3649 1349 5766 1570 Schatten des Raums, sie lächelte nicht, ja nie-
5188 1501 5580 1608 rieuet
3652 1577 5732 1749 mals noch hatte ich ihr Antlitz/so ernst ge-
3646 1738 5832 1876 sehen. Nun, da sie mitmir allein war, ich fühlte
3670 1866 5894 2062 es deutlich, sollte alles Oberflächlich-Kamle,
3666 1976 5429 2090 nur auf Ohlbeflugkeit, auf Rokollem
5501 2014 5752 2107 je a
3050 2052 5818 2238 und alles Lokette, ja alles Gesellschaftliche (aus¬
5339 2155 5821 2258 inventif
3659 2217 5876 2348 geschaltet werden. Ich sollte nicht denken, dass
3659 2372 5749 2544 es ein Spiel war. Ihr Blick sank tief in den
3594 2492 4035 2682 meinen.
4128 2623 5646 2885 “Ich freue miskxxxx, dass Sie da
3635 2809 4486 3016 sind,“ sagte sie.
4541 2888 4744 3047 2.
5212 2871 5542 3043 nicht
4169 2936 5856 3191 "Und ich", erwiederte ich ganz leise
3608 3098 5931 3322 und weiter kein Wort, denn keines wäre das rechte
4138 3236 4499 3332 Allude
3618 3291 5742 3456 gewesen. Blasse unverstandene Erlebnisse der
3632 3446 5801 3635 letzten Tage leuchteten in meiner Seele plötz-
4854 3560 5508 3677 wis het mir ein
4307 3549 4754 3652 in pd &c
3622 3611 5680 3814 lich auf. Ich dachte daran, wie sie sich auf
