6200 4248
3462 468 5446 629 in der ich mitspielte und Es muss wohl
3453 635 5650 819 wahr sein, wenn die Leute behaupten, dass ich
3459 777 4278 955 ein Egoist bin.
3941 970 5679 1103 „Sie drücken sich mild aus,Willy“.
3966 1134 5642 1256 Ohne die Erwiederung zu beabhten
3447 1284 5489 1432 fuhr Willy furt. „Die sache ist nämlich
3450 1418 5528 1576 die, dass mir eigentlich heute alle diese
3467 1568 5625 1735 Muellkomödien und-Tragödten, oder wenigstes
3439 1741 5619 1874 viele von ihnen,in eine zusammen (zu Vlies-
5185 1865 5599 1970 in der Einen
3439 1880 5619 2078 sen (scheinen. Ganz ähnlich wie es mir mit
3439 2061 5619 2166 manchen weiblichen Wesen geht. Er Ich er-
3442 2211 5667 2364 innere mich an eine und komme dann manchmal
3450 2376 5608 2503 drauf, dass es zwei oder vier gewesen sind,
4785 2472 5313 2569 In e wer Fje
3430 2532 5613 2690 die in meinem Gedächtnis (zusammenfliessen,
3963 2654 5667 2824 „Sehen Sie“,erwiderte Arnold, -mir
5335 2795 5661 2897 hédé en
3425 2807 5673 3033 passiert eher das gegenteil. Ich denke oder
3430 2965 5619 3161 glaube an verschiedene Frauen zu denken.—
3439 3150 5679 3283 Irgend eine merkwürdige Begegnung mit einer
3436 3300 5704 3428 fällt mir ein, ein gespräch, das ich mit einer
3433 3450 5710 3600 Andern geführt, eine schöne Stunde, id die ich
3425 3561 5642 3717 mit einer Dritten verlebt.“
3413 3651 5055 3827 4 - mit iene dieselbe... die ist.
