6200 4152
3611 593 5788 790 des indischen Shawls spielten, der als Klavier-
3591 813 4241 968 decke diente.
3900 914 5642 1131 Plötzlich hörte ich Frauenstimmen,
3574 1088 5730 1297 Schritte über den Kies, alles immer näher, dann
3614 1226 5725 1463 ein Frauenlachen, dann Schritte die Stufen hi-
3600 1420 5352 1632 nauf - und das Herz stand mir stille.
4187 1578 5690 1818 "Wer ist denn das?" rief Agathe.
3594 1718 5856 1924 Und da sie mich erkannte ein wenig erschrocken.
3597 1879 5779 2108 Um da sie mich erkannte, fügte sie gleich hei-
4553 2050 4711 2174 und
3597 2076 5607 2268 ter hinzu: “Das Kind“ reichte mir die Hand.
5616 2188 5908 2317 me nahil
3583 2214 5882 2474 Ich verbeugte mich tiefer, als ich es sonst ge-
3585 2365 5736 2552 wohnt war und küsste ihre Hand. Sie wandte
3583 2520 5719 2772 sich gleich zu Aline, die ein wenig hinter ihr
3565 2666 5745 2901 stand und meinte: "Nun bleibt Ihr gleich beide
3571 2821 5664 3041 zum Essen“. Und wieder zu mir: “Ich bin näm-
3571 3004 5750 3207 lich allein. Eduard ist seit gestern auf einer
3571 3184 5788 3436 Bergtour". Und mit einem nicht ganz heitern Le-
3565 3313 4579 3497 ehen: “Wer’s glaubt”.
4115 3465 5650 3717 Indess hatte ich auch Alinen die
3554 3648 5650 3852 Hand geküsst und als ich meinen Blick wieder
