6136 4200
3575 674 5761 912 von ### allen meinen andern, früheren und spä-
3586 946 5535 1100 teren dadurch, dass ich von der Periperie
3575 1117 5709 1317 gleichsam in den Mittelpunkt rückte, dass ich
3592 1280 5661 1423 aus der Episodenfigur eine Hauptperson wurde
3592 1423 5806 1629 und dass bis zum heutigen Tage kein Mensch von
3592 1589 5889 1760 dieser sonderbaren Geschichte etwas erfahren hat.
3575 1775 5744 1940 Auch Ihnen mit Ihrem ewigen Lächeln hätte ich
3575 1920 5709 2103 nichts davon erzählt.-aber da Sie ja in Wirk-
3586 2123 5635 2277 lichkeit gar nicht existierens,so werde ich
3583 2255 5812 2400 Ihnen auch weiterhin die Ehre erweisen zu Ihnen
4932 2383 5635 2500 der minderben Tei
3589 2426 5818 2575 zu reden, ju nger Mann.der immerhin so viel Takt
3603 2612 4955 2746 besitzt zu schweigen. Soxxi
4006 2780 5769 2969 So ist es auch ziemlich gleichgültig,
3592 2938 5881 3092 wie und wo ich anfange. Ich erzähle die Geschich-
3592 3112 5855 3283 te, wie sie mir in den Sinn kommt und beginne bei
3572 3272 5844 3429 dem Augenblick, der mir zuerst in den Sinn kommt.
3580 3420 5738 3600 also in dem, da ich in Gesellschaft des Doktor
3578 3572 5766 3760 Mülling in den Zug stieg. Nämlich, um keinerlei
3575 3729 5781 3958 Misstrauen zu erregen, vor allem bei der jungen
