6152 4216
3392 790 4809 1020 Rendez-vous-Platz bestimmt war
3457 994 4963 1195 Äxxustaatigkanxxkaufexstner
3472 1201 5844 1316 Bei Gelegenheit einer kleinen Spazierfahrt besich-
3484 1313 5717 1550 tigten xxx auch das Terrain, das als Rendesvous-
3472 1499 4362 1689 Platz bestimmt war
3472 1653 5809 1840 Wir besichtigten vor allem das Terrain, das zu dem
3644 1772 3960 1896 austre
3472 1831 5738 2011 Rendesvous-Platz für morgen bestimmt worden war.
3484 1973 5643 2141 Auf einer kleinen Spazierfahrt, die sich daran
4140 2109 4451 2209 en mer
3490 2129 5723 2354 schloss, sprach Mülling von seinen Reisen, längst
3496 2292 5761 2467 verflossenen Universitätsstudien,Studentenmensu-
3484 2455 5720 2653 ren,Professoren,Prüfungen,Villenbauten,Meister-
3496 2611 5720 2789 schaften im Rudersport und allerlei zufälligen.
3496 2771 5862 2963 gemeinsamen Bekannten. Ich stand damals vor meinem
3502 2919 5823 3135 letzten Staatsexamen. Mülling war ein schon recht
3514 3082 5743 3265 bekannter Anwalt. Von dem, was für morgen bevor-
3842 3241 4037 3336 reded
3499 3236 5806 3463 stand,sprachen wir wie auf Verabredung kein Wort.
3502 3428 5776 3629 Von den Gründen des Zuells wusste Doktor Mülling
3496 3629 5779 3815 zweifellos mehr, als er mir anzuvertrauen für gut
3499 3765 3768 3922 fand.
