6184 4264
3478 562 5602 837 schossen hat.' Es wundert mich gar nicht, dass
4235 722 4759 843 im Praxisten
3472 787 5690 929 er das sagt, denn ich habe es ja wirklich getan.
5300 884 5593 1000 tatder
3484 982 5602 1115 Sonderbar finde ich nur, dass er eine so dumme
3484 1133 5699 1251 Bemerkung macht. Er müsste doch wissen, dass es
3484 1245 5711 1502 ganz lüblich ist nach einem Duell miteinander zu
3502 1455 4075 1677 frühstücken.
4058 1600 5880 1783 Wieder Schritte im Garten - die Bahre,
3502 1748 5877 1979 wie seltsam, der Tote zuerst und nachher die Bahre.-
4451 1863 4747 1987 à l'affaire
3508 1905 5743 2115 was für ein Snob er ist - und Trauermusik, Eine
3493 2064 5844 2265 Militärkapelle? Freilich, weil er einen Rittmeister
3508 2248 5814 2422 erschossen hat. Und Applaus? Natürlich, -er hat ja
3508 2378 5803 2597 die Regatta gewonnen. Ich springe rasch aus dem
3508 2570 5794 2756 Fenster, laufe so geschwind ich kann hinunter zum
3514 2724 5880 2910 See. Warum sind denn so wenig Leute da,- und nicht
3531 2904 5897 3052 einmal die Boote? Nur ein ganz kleiner Kahn und in
3537 3043 5791 3206 dem Kahn Agathe und ich. Agathe rudert. Nun kann
3525 3191 5782 3369 sie es plötzlich. Sie hat ja neulich gesagt, dass
3525 3369 5702 3508 sie gar nicht rudern kann. Und nun hat sie gar
3537 3481 5758 3653 die Regatta gewonnen. Jetzt plötzlich fühle ich
3531 3650 5797 3797 eine Hand am Halse, Eduarde Hand. Die Ruder ent-
3543 3783 5717 4007 gleiten Agathen. Unser Kahn treibt nur so hin.
