6184 4152
3503 603 4564 837 forderte und erlaubte.
3856 813 5716 984 Das Gartentor stand ofren, das kunstvoll
3497 966 5707 1140 geordnete Blumenparterre leuchtete bunt, auf den
3500 1137 5677 1346 weissen Bänken rechts und linke lag die Sonne,
3503 1292 5899 1511 über die breite Veranda mit den grellroten Korbses-
3494 1415 5848 1640 seln war die rotweissgestreifte Marquise gespannt.
3491 1613 5875 1796 darüber im ersten Stockwerk standen die Fenster of-
3509 1763 5920 1952 fen, der kleine Balkon vor der Mansarde lag im schie
3506 1967 5821 2123 fen Sonnenglanz. Kein Mensch war zu sehen. Alles
3491 2108 5896 2267 ringsum war still, nur der Kies unter meinen Schritt
5338 2240 5857 2348 peisestunde
3494 2267 5908 2456 knirschte überlaut wie mir schien. Die
3494 2423 5788 2597 da war nah, vielleicht sass man schon beim Mittag'
3491 2543 5695 2753 mahl, vielmehr Agathe allein, denn Eduard befand
3488 2738 5815 2987 sich ja auf einer Dolomitentour. Ja, dies war mein
3506 2903 5818 3074 erster Gedanke, noch ehe es mir schreckhaft zu Be-
4384 3032 5185 3161 zu dieser Stunde
3500 3029 5782 3239 wusstsein kam, dass er in der Leichenkammer einer
4477 3191 4801 3299 Gebahrt
3476 3218 5863 3416 kleinen Garnisonestadt lag. Und plötzlich empfand
3494 3365 5767 3557 ich, was mir für die nächsten Minuten bevorstand,
3479 3530 5788 3757 als so grotesk,so unerträglich,so undurchführbar,
