6200 4104
3615 511 5850 696 pflanzen beabsichtigte und aus dem Wagen sprang
3627 707 5654 878 er mit jener Elastizität, die man damals in
3641 869 5867 1022 Zeitungsnotizen immer wieder als besonderes At-
5752 901 6000 1083 entlgst
3641 1031 5862 1207 tribut regierender Fürsten erwähnt zu lesen be-
3647 1169 5839 1354 kam. Das fiel mir ein und ich lächelte unwill-
3635 1357 5951 1513 kürlich. Loiberger sah mich in diesem Augenblick
3635 1481 5264 1643 an und ich schänte mich ein wenig.
4224 1643 5784 1825 Das Duell selbst ist mir beinahe
3647 1782 5853 1964 wie ein Marionettenspiel im Gedächtnisxxx
3641 1940 5876 2151 pfand ich es auch, als Eduard Lotberger geblie-
3728 2065 3991 2154 &c. en
3647 2102 5867 2261 ben; als Marionette lag Eduard Loiberger da, als
3641 2246 5940 2466 die Kugel seines Gegners ihn auf den Boden hinge-
3635 2457 5879 2593 streckt hatte und auch eine Marionette war auch
3635 2596 5807 2786 der Regimentsarzt, der den Tod feststellte,ein
3635 2755 5870 2951 hagerer, ältlichher Mann mit polnischem Schnurr-
3653 2876 5737 3095 bart. Der Himmel über uns war wolkknlos, aber
3653 3043 5925 3274 von einem merkwürdigen matten Blau. Ich sah auf
3653 3243 5870 3407 die Uhr - es fehlten zehn Minuten auf acht. Das
3635 3373 5804 3560 Protokoll und die sonst üblichen Formalitäten
3627 3511 5821 3716 waren rasch erledigt. Eigentlich war ich froh,
