6168 4232
3003 320 3443 668 20.10.30
5410 611 5571 763 45
3506 662 5658 913 Nein, ich fragte: "Wann seh ich dich wieder?"
3530 976 5883 1114 als gäbe es keine andere Frage, die jetzt zu beant-
3518 1105 5754 1323 worten war, als gäbe es kein anderes Wort zu sa-
3524 1299 3760 1488 gen.
3958 1428 5754 1590 "Du wirst mich nie wieder sehen", sagte
3524 1608 5925 1760 sie. "Wennn du mich lieb hast, wirst du dieser Stun-
3530 1748 5733 1898 de dankbar sein wie ich. Wenn du nicht willst,
3536 1937 5691 2039 dass diese Stunde aus einem wunderbaren,unver-
3542 2054 5826 2215 gesslichen Traum eine trübe Wirklichkeit, eine Lü-
3542 2212 5796 2413 ge,hundert Lügen, eine Kette von Betrug und Häss-
3536 2344 5778 2521 lichkeit werde, dann geh, geh gleich, reise ab und
3554 2572 5392 2700 versuche niemals mich wieder zu sehen."
3922 2655 5745 2922 In mir raunte es : Eduard ist tot,-dein
3518 2796 5862 3021 Mann ist tot, alles was du sprichst ist Unsinn und
3542 2979 5847 3158 du ahnst es nicht. Es gibt keine Lüge, keinen Be-
3554 3155 5826 3341 trug, keine Hässlichkeit mehr, du bist frei,- Aber
3542 3302 5817 3479 all das sagte ich nicht, alles wurde plötzlich so
3536 3470 5697 3667 klar in mir, wie ich es noch vor einer Minute
3871 3595 4080 3697 in me
3542 3598 5865 3865 nicht vermutet hätte. Und ich sagte: „Es ist kein
