6200 4104
3502 230 5638 373 dass wir noch die Möglichkeit hatten den Neun-
3521 358 5772 526 Uhr Schnellzug zu erreichen, es wäre unerträglich
3508 448 3975 613 gewesen,
3533 582 5837 722 auch nur eine Stunde länger in der unglückseligen
3514 684 4690 893 Stadt bleiben zu müssen.
3707 849 4674 1061 2/ septent en Huisse
4842 840 5206 1036 led
3931 998 5844 1207 Auf dem Perron gingen wir schweigend und
3517 1194 5872 1381 ziemlich unbemerkt auf und ab,- zwei elegante Tou-
3514 1353 5984 1533 ristenauf einer Sommerreise; dann, während ich einen
3521 1511 5875 1642 Kaffee trank, berichtete Mülling aus einer Zeitung,
3530 1623 5850 1829 dass in den nächsten Tagen der König von England
3517 1822 5766 2009 und sein Premierminister xxx zum Besuche unseres
3502 2003 5806 2118 Kaiser) in Ischl erwartet würden. Wir gerieten in
3514 2115 5897 2314 ein politisches Gespräch;- es war eher ein Vortrag
4528 2214 5041 2336 remer by it is
3521 2277 5859 2448 von Doktor Mülling,
3511 2426 5962 2622 ich nur überflüssiger Weise durch ziemlich verständ-
3517 2572 5735 2793 nislose Einwürfe unterbrach. Als der Wiener Zug
3502 2780 5803 2951 einlief atmete ich eben auf, ungefähr so, als könne nun
3505 2927 5878 3082 alles Geschehene ungeschehen und Leuberger wieder
3489 3051 5993 3278 lebendig werden. In unserem Coupé blieben wir allein
3508 3238 5887 3465 erst nach langem Schweigen bemerkte Doktor Mülling
3505 3446 5862 3595 wie zur Entschuldigung, dass er nicht schon früher
3514 3527 5884 3772 gesprochen: "Man fasst es nicht gleich,so sehr man
