6184 4136
5568 442 5729 618 22
3433 590 5834 840 dass ich mich ernstlich versucht fühlte umzukehren,
3433 797 5747 961 noch ehe mich jemand erblickt, ja einfach davonzu-
3439 964 5754 1122 laufen und Doktor Mülling zu holen und ihm zu er-
3433 1103 5800 1307 klären, dass xxxxsskugt ich unmöglich allein Frau
3445 1276 5837 1489 Agathe die grauenvolle Nachricht zu überbringen im-
3452 1424 4008 1635 stande war.
3903 1582 5757 1801 Da trat aus dem Dunkel des Innenraums
3439 1758 5806 1950 harvor der Diener auf die Veranda und grüsste. (Of-
3452 1928 5862 2141 fenbar hatte er meine Schritte von innen gehört.
3442 2061 5723 2268 Es war ein junger blonder Mensch in einer blau-
3448 2209 5930 2429 weissgestreiften Leinenjacke, ging ein paar Stufen hi-
3711 2358 4199 2469 mis enlège
3442 2392 5781 2614 nab so dass wir einander begegneten und er sagte:
3918 2555 5673 2744 "Die Herrschaften sind nicht zuhause.
3418 2651 5852 2908 Der gnädige Herr ist schon gestern fortgefahren, die
3439 2874 5806 3056 gnädige Frau ist noch am See unten,"-Da ich nicht
3427 3025 5899 3254 Miene machte mich zu entfernen, fügte er hinzu: "Aber
3439 3170 5846 3368 wenn Herr von Eissler sich vielleicht gedulden wol-
3427 3309 5741 3513 len, -die gnädige Frau muss jeden Moment da sein.“
3964 3452 4879 3699 „Ich werde warten.“
3930 3625 5815 3856 Der Diener schien einigermassen verwun-
