6088 4264
2997 319 3186 565 17
3163 472 5562 880 somtinde jetr wt we Tich
3180 718 5804 1103 - dürfte sehr gleich is ich das selbst
3150 970 5688 1332 " Me Lett at dei nct
3113 1216 5628 1618 not be best alleurd & bestime
3107 1455 5784 1910 Officerl off mir eine, die Wittwe.-
3210 1741 5512 2170 -- The Wille dienuf.. at
4628 1784 5452 2073 x &c beguell
3263 2003 5662 2356 a puisst gue f F.Mevie
3828 2259 5798 2598 weil die Sincrts meinerl die
3263 2279 5665 2681 it in Ile heum duo
3279 2555 5738 2990 Ode wt we recompts in
3266 2798 4834 3060 verlangt wäre.
3940 2977 4372 3210 Hünf
3303 3017 5539 3376 Es me Rb. ich Mittlich seit in
3293 3293 5416 3668 ous at la foisant
3220 3528 5622 3897 Fyberg A. -de ci
