6168 4280
3045 461 3474 637 30.10.30.
5474 554 5642 686 50
3535 666 5777 895 als gerade er kündigten für mich
3535 868 5835 1047 in unbegreiflicher Weise das
3523 1041 5730 1235 Nahen Eduard Loubergers an, wie er es in meinem
4198 1176 4565 1294 schritt.
3529 1191 5730 1391 Traume getan xxxx er durch den Garten und über
3529 1361 5856 1528 die Stufen zur Terrasse herauf. Aber wer immer es
3532 1543 5894 1740 sein sollte, unmöglich war es in den wenigen Sekun-
3541 1696 5806 1857 den, die mir blieben,Agathen zu sagen, was gesche-
3532 1851 5765 2065 hen war und überdies mich zu rechtfertigen, dass
3535 2004 5686 2215 ich bisher geschwiegen. Unmöglicher noch,was
3526 2189 5774 2359 auf dem Wege war herankommen lassen,ohne sie im
3532 2335 5818 2546 allergeringsten vorzubereiten. Doch nur das eine
3538 2514 5747 2702 Wort drängte sich auf meine Lippen: "Erschrick
3520 2635 5724 2869 nicht." Und während ich das Wort aussprach war
3526 2825 5821 3039 mir wahrhaftig nicht anders zumute, als müsste im
3515 2963 5718 3189 nächsten Augenblick ihr toter Gatte eintreten.
3526 3130 5823 3339 Zuerst sah sie mich mit einem unsichern Lächeln
3509 3333 5859 3506 an, als wollte sie mir zu verstehen geben, dass ich
3497 3444 5850 3670 mich nicht zu sorgen brauche und dass ihr niemand
