6200 4152
5482 391 5636 558 17
4400 625 5714 773 Mülling zuckte die Achseln.
3719 723 5892 979 "Ich glaube nicht. Jedenfalls hat sie von dem
3736 932 5982 1110 bevorstehenden Duell nichts geehnt (und weiss bis
5471 1074 5647 1186 or
3719 1108 5895 1314 zu dieser Stunde nicht, dass ihr Mann gefallen
3725 1334 3976 1454 ist."
4369 1403 5745 1601 Jetzt erst mit einer Art von
3716 1615 5892 1777 Schrecken verspürte ich, dass uns der fahrende
3730 1752 5945 1945 Zug der unglücklichen Frau immer näher brachte.
3713 1928 5374 2115 „Wer soll es ihr sagen?” fragte ich.
4411 2065 5756 2282 "Erst wird wohl nichts übrig
3750 2246 5086 2452 bleibenals dass wir beide -“
4411 2388 5985 2600 "Wir können unmöglich zu Zweit an-
3750 2536 5876 2754 treten wie Komiteemitglieder“, sagte ich,“die
3755 2698 5290 2902 eine Balleinladung überbringen.“
4411 2907 5915 3069 „Wir hätten doch gleich von dort
3736 3019 5876 3262 aus telegraphieren sollen“, sagte ichak laut.
4414 3169 5839 3370 "Die Depesche“, sagte Mülling,
3688 3306 5892 3574 „hätte ja doch nur eine Art von Vorankündigung
3750 3499 5979 3711 sein können. Ueber die mündliche Berichterstat
