6200 4264
3011 323 3407 512 30.9.31.
5492 460 5668 628 18
3465 649 5607 841 dessen Schaukelwellen sich das badende junge
3468 832 4657 1024 Volk immer entegenfreute.
3779 1009 5784 1176 Noch nie hatte es so unwirklich ausgesehen
3462 1170 5775 1344 und unwirklich, traumhaft lagen auch die Villen da
3459 1304 5741 1518 im Sonnenglanz und der Himmel war blass und fern
3462 1490 5738 1637 wie noch nie. Die Strasse führte eine Weile dem
3453 1637 5760 1859 See entlang. Die Landhäuser lagen hier spärlich,
3450 1786 5745 1987 nur auf der einen Seite durch Zäune und Grün vom
3474 1944 5827 2161 Ptaub der Strasse abgetrennt; der See lag frei mit
3456 2152 5528 2280 kleinen und grösseren Badehäuschen am Ufer.
3815 2270 5909 2490 Die beiden Sekundanten sprachen nichts mehr.
3441 2435 5677 2603 Ihre Rollen hatten sie verteilt, für die nächste
3441 2590 5732 2782 Stunde zum mindesten, so blieb ihnen jetzt nichts
3453 2767 5894 2935 zu redenübrig. Peter wartete mit einer Art von Span-
3453 2920 5897 3115 nung die Stelle ab, wo der Fussweg abzweigte, der über
3447 3084 5802 3243 einen schmaleren Pfad zur Villa Leuberger weiter-
3431 3239 5717 3447 führte; hier liess er den Wagen halten, um abzu-
3438 3364 5723 3559 steigen. Mülling sollte weiterfahren, dem Gasthof
3441 3541 5708 3727 zu, in dem er, sowie Peter wohnten. Und er fragte
