6152 4248
3599 669 4792 941 Ladenken, assez mir im Laufe
3596 885 4038 1071 G.C.H.F.P
4143 869 5828 1093 Ich war damals dreiundzwanzig Jahre
3649 1071 5644 1290 alt und es war mein siebentes Duell,-nicht
3635 1252 5794 1424 mein eigenes, aber das siebente, an dem ich als
3624 1418 5736 1607 Sekundant teilnahm. Lächeln Sie meinetwegen.
3649 1512 5875 1765 Ich weiss, es ist in unserer Zeit üblich gewor-
3666 1729 5836 1929 den sich über derartige Veranstaltungen lustig
3641 1856 5708 2101 zu machen. Man tut nicht recht daran, meine
3630 2067 5833 2226 ich und ich versichere Sie, das Leben war schö-
3641 2212 5791 2367 ner, bot jedesfalls einen edleren Anblick xxx
4873 2320 5195 2417 was in
3649 2353 5747 2545 damals,-unter anderem gewiss
3660 2542 5689 2731 auch darum, weil man es manchmal aufs Spiel
3655 2645 5844 2886 setzen musste für irgend etwas, das in einem hö-
3649 2814 5744 3011 heren oder wenigstens anderen Sinn mögliche
5256 2975 5453 3066 wenig
3649 2975 5786 3219 se gar nicht vorhanden xxx oder dass den xxx
5517 3175 5764 3369 heu-
3644 3147 4235 3416 satz eigentl.
4562 3283 5816 3524 für die Ehre zum Beispiel
3652 3358 4354 3521 tigem Mass gemacht.
3635 3449 5828 3638 oder für die Tugend einer geliebten Frau oder
4393 3583 5902 3768 einer Schwester und was dergleich
3671 3610 4301 3805 den guten Ruf
3857 3766 5178 3968 entigkeiten mehr sind. Immerhaf
5253 3780 5542 3913 bleibt
