6200 4264
3357 397 5553 650 scher Weise selbst nie eines ghabt. - Wirk-
3362 587 5550 794 lich? Offenbar waren Sie als Zeuge von Be-
3388 681 5576 919 ruf unabkömmlich? bemerkte Arnold. „Welcher
3368 865 5638 1104 Fentleman durfte die Verantwortung auf sich
3385 1044 5363 1305 nehmen einen Sekundanten wie Sie - -
3360 1195 5556 1424 „Abzuschiessen.ergänzte Willy lächelnd.Ond
3408 1336 5579 1586 er bestellte bei dem Kellner, der eben wie-
3411 1504 5156 1745 der vorüberging eine Orangeade.
3686 1646 5564 1884 „Haben Sie wenigstens Aufzeichnungen
3442 1796 5422 2026 geführt?“ fragte Arnold sachlich. „Eine
3450 1938 5695 2213 Statistik?“ Und als wollte er den Kandidaten
3499 2120 5743 2349 wie ein prüfender Professor auf den rechten
3465 2253 5556 2517 Weg zur Beantwortung führen, - ich meine,
3462 2412 5601 2642 haben Sie sich notiert wie viel Pistolen-
3470 2574 5678 2806 wie viel Säbel, wie viel Degenduelle? Alter
3490 2761 5658 2960 der Duellanten? Verwundefungen? Nachträgli-
5315 2843 5559 2951 Duille
3499 2891 5695 3141 che Versöhnungen? Die Ursachen der
3516 3039 5800 3283 so weit sie eruierbar waren? und so weiter?
3538 3189 5170 3459 „Warum hätte ich das tun sollen“
3887 3345 5794 3581 „Das hätte mich an Ihrer Stelle kolos
3536 3487 5786 3751 sal interessert. Auch die Altersunterschiede
3547 3649 5766 3910 zwischen den Puellanten? Ihre Berufe? Ver-
