6168 4280
5558 488 5711 680 49
4298 585 4553 795 war
1517 677 1862 878 G.L. de F.
3571 683 5711 946 wirkliche Angst in ihren Augen. "Was saget du
3577 887 5850 1070 da? Wo verirrst du dich hin? Vo verirren wir uns
3577 1052 3831 1253 hin?
3876 1242 5898 1389 Und in diesem Augenblick fühlte ich, dass si
3571 1392 5818 1564 für ihn bangte, für Ihn und nicht im geringsten
3583 1567 5806 1765 für mich,- dass er alles und dass ich nichts für
3571 1718 5741 1907 sie war.. Und in diesem Augenblick hörten wir
3571 1877 5904 2034 Schritte über den Gartenkies. Nur wenige Sekunden
3571 2043 5948 2229 noch blieben mir. Es war nicht möglich ihr in die-
3577 2217 5830 2389 sen wenigen Sekunden zu xxxx berichten,was ge-
3577 2365 5895 2560 schehen war und überdies noch mich zu rechtferti-
3583 2539 5951 2690 gen, dass ich bisher geschwiegen. Vor einigen Minu-
3601 2672 5951 2841 ten noch hätte sie verstanden,hätten sie vielleicht
3595 2841 5951 3007 verziehen. Ja, vielleicht hätte ich einen wahrhaften
3595 2992 5859 3196 einen unvergänglichen Sieg über den Toten davon-
3586 3128 5936 3344 getragen. Jetzt war ich der Gefallene, der Erschla-
3571 3305 5912 3468 gene, ja, in dieser Sekunde empfand ich mich selbst
3589 3432 5930 3627 gleichsam wie ein Gespanst und die Schritte draus-
3571 3574 5883 3757 sen im Garten - so sehr ich wusste, dass jeder an¬
3589 3749 5765 3938 dere im nächsten Augenblick hier hereintreten
