6152 4120
3631 491 5762 716 G Recht gern wäre ich einmal sel bst einem ge-
3645 687 5856 884 fährlichen Gegner gegenübergestanden und weiss
3626 850 5819 1021 nicht einmal, was ich im Grunde vorgezogen hät,
3637 1013 5845 1224 te- zu siegen oder zu fallen. Aber es kam nie-
3645 1204 5862 1369 mals dazu, obzwar es wahrlich nicht an Gelegen-
3626 1363 5813 1526 heiten fehlte und wie Sie sichwohl denken kön-
3634 1515 5796 1657 nen,an meiner Bereitwilligkeit niemals der ge-
4604 1646 5112 1740 amimn  n
3631 1646 5811 1866 ringste Zweifel bestand. Vielleicht war übri-
3637 1834 5762 2040 gens das mit ein Grund, dass ich niemals eine
3634 2008 5682 2216 Forderung erhielt und dass in den Fällen, wo
3631 2168 5739 2308 ich mich zu fordern genötigt sah, die Angele-
3645 2293 5671 2504 genheiten stets ritterlich beigelegtwurden.
3637 2487 5930 2624 Jedesfalls Sekundant war ich mit Leib und Seele
3634 2619 5736 2841 Das Bewusstsein gewissermassen mitten in ein
3637 2801 5768 2958 Schicksal oder besser an die Periperie eines
3645 2947 5802 3146 Schicksals gestellt zu sein, hatte stets etwas
4898 3095 5166 3175 ¬ussant
3648 3135 5748 3320 Bewegendes, Aufrührendes, Bedeutungsvolles für
3623 3266 3922 3466 mich.
4096 3412 5765 3603 Dieses siebente Luell aber, von dem
3626 3568 5828 3805 ich Ihnen heute erzählen will, unterschied sich
