6213 4056
2375 102 2675 329 15
224 221 2653 633 nauche zu ihm herüber und erkant
3072 253 5530 553 illigt wch (kenlvak weke)
237 483 2324 901 wie, und bey ihnen und der
3126 543 5593 927 of Roll hatt in vulkeils.
201 678 2426 1004 Ciment de même toutable
3091 773 5491 1103 a for de nesh Nov m
217 917 1419 1323 Pey J. Berg
3139 1036 5379 1470 Wenn ist... " If we I
221 1106 2688 1502 avec fladt zyl Pelinor ou dus
3299 1291 5430 1624 Sth Werkl.
243 1413 2599 1697 auf, - noch nicht arb sich
3155 1563 5597 1895 in but. Sporin die hes
201 1620 2714 1956 Cable. and de nyfor les
3155 1841 5344 2311 ab, a D. e. i. pbekent
262 1902 2544 2263 unft at soit, fast als you
227 2090 2554 2531 diesen Eingente l. Achtet
3161 2145 5699 2487 To give no a Joseph at
230 2397 2602 2771 Cemling pom of mnh).
3222 2420 5555 2720 -ab a jus Vill. Seriby can
233 2618 2490 2950 that - if in I useement
3209 2682 5462 3001 faket. - he left. - We
288 2880 2618 3276 Dear Dolmekenhor Wolf.
3257 2976 5558 3279 Nalten in you ab...  Urhle
227 3171 2046 3602 eine Ausflog were,
3187 3270 5760 3653 febreit - du Gorte, d
777 3583 2586 3941 Felkutern be serst
224 3695 515 3836 th
