6229 4040
2169 0 2429 107 G.F.P
2643 0 2820 121 1
2578 107 2796 384 13
3079 190 3263 394 11
401 232 2142 512 C, nur fl. oderlich Bloc u
3176 228 5872 668 bearend. In the for der ae je (100
249 422 2149 737 Wirfett der Müller tage
3083 516 4294 837 caulleplet
377 654 2131 934 Einzublich wohlen. S.
426 841 2121 1131 erde de verkommen; - die
3398 675 5899 1135 Sudihuage wieder zum Weil
228 1066 2166 1394 beantin wohl eine gesprochen¬
3104 1007 5861 1533 an want bei I dinde get fpe
225 1239 2297 1578 Pelens, in den er sagten. He had
3124 1315 5903 1723 in pfende  a des flocteurs   aussi
235 1488 2159 1803 und vorstattlich antoch ein
3162 1536 5723 1945 Cleven at me 2: ruf, - 1.8.l
277 1751 2363 2107 meftrein bekitet wennen
3183 1893 5799 2273 I gefelle Leiburgs wo sind -:
678 2017 2021 2336 Me wird ihn auf
280 2062 616 2284 F.T
3173 2124 5775 2481 uncelevait, Suf en lieu et je
263 2211 1671 2574 inf M i t f g
3169 2374 5733 2713 tuell oude siben in Aufe
336 2446 2408 2792 all the gi fot Beare t
3149 2609 5667 2934 Schmiede bei. Elco tisper
301 2726 2048 3034 & found, in cisitie Sce
3131 2844 5664 3259 the une in eeve Beitz gefällt
239 2889 2114 3204 neine maues in
221 3176 2419 3643 and that the pay is that brief -
3131 3162 5508 3602 2 dass der Arzt mit weil nie
242 3425 2377 3768 hofe ich drei Leibes, wie auch
3252 3515 5872 3892 gebeugt, in die Bergleipeclarende
